<?xml version="1.0" encoding="UTF-8"?>
<!DOCTYPE html PUBLIC "-//W3C//DTD XHTML 1.0 Transitional//EN"
    "http://www.w3.org/TR/xhtml1/DTD/xhtml1-transitional.dtd">
<html xmlns="http://www.w3.org/1999/xhtml" xml:lang="en" lang="en">
 <head>
  <title>
</title>
<meta http-equiv="Content-Type" content="text/html;charset=utf-8" />
  <meta name='ocr-system' content='tesseract 3.04.00' />
  <meta name='ocr-capabilities' content='ocr_page ocr_carea ocr_par ocr_line ocrx_word'/>
</head>
<body>
  <div class='ocr_page' id='page_1' title='image "./historiaeseuvit05lippgoog_0266.png"; bbox 0 0 2993 4837; ppageno 0'>
   <div class='ocr_carea' id='block_1_1' title="bbox 525 318 2924 385">
    <p class='ocr_par' dir='ltr' id='par_1_1' title="bbox 525 318 2924 385">
     <span class='ocr_line' id='line_1_1' title="bbox 525 318 2924 385; baseline 0 0"><span class='ocrx_word' id='word_1_1' title='bbox 525 321 653 385; x_wconf 75' lang='lat'>232</span> <span class='ocrx_word' id='word_1_2' title='bbox 1282 338 1360 384; x_wconf 70' lang='lat' dir='ltr'>nn</span> <span class='ocrx_word' id='word_1_3' title='bbox 1407 337 1462 384; x_wconf 90' lang='lat' dir='ltr'>s.</span> <span class='ocrx_word' id='word_1_4' title='bbox 1518 334 1756 384; x_wconf 71' lang='lat' dir='ltr'>cAnoLo</span> <span class='ocrx_word' id='word_1_5' title='bbox 1805 335 2138 384; x_wconf 72' lang='lat' dir='ltr'>nonnoxeo</span> <span class='ocrx_word' id='word_1_6' title='bbox 2694 318 2851 384; x_wconf 75' lang='lat' dir='ltr'><strong>NOV.</strong></span> <span class='ocrx_word' id='word_1_7' title='bbox 2893 321 2924 385; x_wconf 74' lang='lat' dir='ltr'>t</span> 
     </span>
    </p>
   </div>
   <div class='ocr_carea' id='block_1_2' title="bbox 374 420 2946 4504">
    <p class='ocr_par' dir='ltr' id='par_1_2' title="bbox 374 420 2946 4504">
     <span class='ocr_line' id='line_1_2' title="bbox 433 420 2926 520; baseline -0.002 -27"><span class='ocrx_word' id='word_1_8' title='bbox 433 421 790 509; x_wconf 90' lang='lat' dir='ltr'>multoque</span> <span class='ocrx_word' id='word_1_9' title='bbox 825 421 1075 491; x_wconf 90' lang='lat' dir='ltr'>melius</span> <span class='ocrx_word' id='word_1_10' title='bbox 1121 443 1269 491; x_wconf 87' lang='lat' dir='ltr'>esse</span> <span class='ocrx_word' id='word_1_11' title='bbox 1309 421 1627 510; x_wconf 90' lang='lat' dir='ltr'>constat),</span> <span class='ocrx_word' id='word_1_12' title='bbox 1679 444 1838 491; x_wconf 90' lang='lat' dir='ltr'>cum</span> <span class='ocrx_word' id='word_1_13' title='bbox 1888 442 1971 490; x_wconf 88' lang='lat' dir='ltr'>ea</span> <span class='ocrx_word' id='word_1_14' title='bbox 2021 439 2200 520; x_wconf 89' lang='lat' dir='ltr'>quae</span> <span class='ocrx_word' id='word_1_15' title='bbox 2246 420 2559 511; x_wconf 84' lang='lat' dir='ltr'>graviora</span> <span class='ocrx_word' id='word_1_16' title='bbox 2605 433 2829 499; x_wconf 87' lang='lat' dir='ltr'>essent,</span> <span class='ocrx_word' id='word_1_17' title='bbox 2872 422 2926 488; x_wconf 86' lang='lat' dir='ltr'>in</span> 
     </span>
     <span class='ocr_line' id='line_1_3' title="bbox 433 508 2930 600; baseline -0 -20"><span class='ocrx_word' id='word_1_18' title='bbox 433 511 679 600; x_wconf 90' lang='lat' dir='ltr'>primis</span> <span class='ocrx_word' id='word_1_19' title='bbox 712 521 1003 591; x_wconf 79' lang='lat' dir='ltr'>curaret,</span> <span class='ocrx_word' id='word_1_20' title='bbox 1060 522 1205 580; x_wconf 87' lang='lat' dir='ltr'>tum</span> <span class='ocrx_word' id='word_1_21' title='bbox 1260 509 1427 580; x_wconf 92' lang='lat' dir='ltr'>haec</span> <span class='ocrx_word' id='word_1_22' title='bbox 1475 511 1680 580; x_wconf 90' lang='lat' dir='ltr'>etiam</span> <span class='ocrx_word' id='word_1_23' title='bbox 1729 508 1862 579; x_wconf 90' lang='lat' dir='ltr'>sibi</span> <span class='ocrx_word' id='word_1_24' title='bbox 1903 508 2268 597; x_wconf 77' lang='lat' dir='ltr'>judicabat</span> <span class='ocrx_word' id='word_1_25' title='bbox 2329 509 2617 580; x_wconf 89' lang='lat' dir='ltr'>minime</span> <span class='ocrx_word' id='word_1_26' title='bbox 2681 522 2930 599; x_wconf 88' lang='lat' dir='ltr'>praeter·</span> 
     </span>
     <span class='ocr_line' id='line_1_4' title="bbox 436 596 2930 685; baseline -0.001 -16"><span class='ocrx_word' id='word_1_27' title='bbox 436 599 788 670; x_wconf 88' lang='lat' dir='ltr'>mittenda.</span> <span class='ocrx_word' id='word_1_28' title='bbox 827 599 1416 669; x_wconf 76' lang='lat' dir='ltr'>commemorabat</span> <span class='ocrx_word' id='word_1_29' title='bbox 1456 597 1804 668; x_wconf 84' lang='lat' dir='ltr'>interdum</span> <span class='ocrx_word' id='word_1_30' title='bbox 1856 602 1922 668; x_wconf 89' lang='lat' dir='ltr'>S.</span> <span class='ocrx_word' id='word_1_31' title='bbox 1983 598 2323 669; x_wconf 84' lang='lat' dir='ltr'>Ambrosii</span> <span class='ocrx_word' id='word_1_32' title='bbox 2371 596 2627 668; x_wconf 84' lang='lat' dir='ltr'>factum</span> <span class='ocrx_word' id='word_1_33' title='bbox 2655 652 2673 678; x_wconf 91' lang='lat'>,</span> <span class='ocrx_word' id='word_1_34' title='bbox 2727 598 2837 685; x_wconf 92' lang='lat' dir='ltr'>qui</span> <span class='ocrx_word' id='word_1_35' title='bbox 2873 598 2930 666; x_wconf 89' lang='lat' dir='ltr'>in</span> 
     </span>
     <span class='ocr_line' id='line_1_5' title="bbox 433 686 2932 773; baseline -0.002 -14"><span class='ocrx_word' id='word_1_36' title='bbox 433 688 840 759; x_wconf 89' lang='lat' dir='ltr'>clericorum</span> <span class='ocrx_word' id='word_1_37' title='bbox 910 709 1279 758; x_wconf 88' lang='lat' dir='ltr'>numerum</span> <span class='ocrx_word' id='word_1_38' title='bbox 1342 686 1703 757; x_wconf 79' lang='lat' dir='ltr'>admittere</span> <span class='ocrx_word' id='word_1_39' title='bbox 1749 686 2123 773; x_wconf 80' lang='lat' dir='ltr'>quemdam</span> <span class='ocrx_word' id='word_1_40' title='bbox 2175 687 2553 767; x_wconf 88' lang='lat' dir='ltr'>recusavit,</span> <span class='ocrx_word' id='word_1_41' title='bbox 2610 708 2764 757; x_wconf 91' lang='lat' dir='ltr'>cum</span> <span class='ocrx_word' id='word_1_42' title='bbox 2804 707 2932 757; x_wconf 89' lang='lat' dir='ltr'>eum</span> 
     </span>
     <span class='ocr_line' id='line_1_6' title="bbox 436 775 2936 868; baseline -0.002 -19"><span class='ocrx_word' id='word_1_43' title='bbox 436 799 582 849; x_wconf 91' lang='lat' dir='ltr'>sese</span> <span class='ocrx_word' id='word_1_44' title='bbox 616 777 684 845; x_wconf 87' lang='lat' dir='ltr'>in</span> <span class='ocrx_word' id='word_1_45' title='bbox 721 798 965 868; x_wconf 88' lang='lat' dir='ltr'>gressu</span> <span class='ocrx_word' id='word_1_46' title='bbox 1013 775 1267 857; x_wconf 85' lang='lat' dir='ltr'>leviter,</span> <span class='ocrx_word' id='word_1_47' title='bbox 1310 789 1375 846; x_wconf 92' lang='lat' dir='ltr'>et</span> <span class='ocrx_word' id='word_1_48' title='bbox 1407 775 1730 846; x_wconf 82' lang='lat' dir='ltr'>indecore</span> <span class='ocrx_word' id='word_1_49' title='bbox 1780 775 2030 846; x_wconf 87' lang='lat' dir='ltr'>babere</span> <span class='ocrx_word' id='word_1_50' title='bbox 2067 775 2685 846; x_wconf 85' lang='lat' dir='ltr'>animadvertisset.</span> <span class='ocrx_word' id='word_1_51' title='bbox 2730 775 2936 844; x_wconf 77' lang='lat' dir='ltr'>Adera-</span> 
     </span>
     <span class='ocr_line' id='line_1_7' title="bbox 440 863 2946 956; baseline -0.001 -23"><span class='ocrx_word' id='word_1_52' title='bbox 440 887 596 936; x_wconf 88' lang='lat' dir='ltr'>mus</span> <span class='ocrx_word' id='word_1_53' title='bbox 643 866 711 934; x_wconf 92' lang='lat' dir='ltr'>in</span> <span class='ocrx_word' id='word_1_54' title='bbox 754 863 1076 935; x_wconf 89' lang='lat' dir='ltr'>cubiculo</span> <span class='ocrx_word' id='word_1_55' title='bbox 1123 886 1281 934; x_wconf 90' lang='lat' dir='ltr'>cum</span> <span class='ocrx_word' id='word_1_56' title='bbox 1320 865 1642 956; x_wconf 86' lang='lat' dir='ltr'>Episcopi</span> <span class='ocrx_word' id='word_1_57' title='bbox 1691 864 1975 954; x_wconf 80' lang='lat' dir='ltr'>caligas,</span> <span class='ocrx_word' id='word_1_58' title='bbox 2016 863 2311 935; x_wconf 90' lang='lat' dir='ltr'>deducta</span> <span class='ocrx_word' id='word_1_59' title='bbox 2371 877 2576 943; x_wconf 86' lang='lat' dir='ltr'>veste,</span> <span class='ocrx_word' id='word_1_60' title='bbox 2628 877 2693 933; x_wconf 90' lang='lat' dir='ltr'>et</span> <span class='ocrx_word' id='word_1_61' title='bbox 2734 884 2946 939; x_wconf 51' lang='lat' dir='ltr'>earum,</span> 
     </span>
     <span class='ocr_line' id='line_1_8' title="bbox 437 952 2946 1045; baseline -0.001 -22"><span class='ocrx_word' id='word_1_62' title='bbox 437 953 1126 1045; x_wconf 84' lang='lat' dir='ltr'>constringendarum</span> <span class='ocrx_word' id='word_1_63' title='bbox 1203 953 1534 1025; x_wconf 91' lang='lat' dir='ltr'>rationem</span> <span class='ocrx_word' id='word_1_64' title='bbox 1602 953 1888 1023; x_wconf 90' lang='lat' dir='ltr'>comiter</span> <span class='ocrx_word' id='word_1_65' title='bbox 1952 953 2287 1044; x_wconf 82' lang='lat' dir='ltr'>inspexit,</span> <span class='ocrx_word' id='word_1_66' title='bbox 2354 952 2946 1044; x_wconf 56' lang='lat' dir='ltr'>reprehenditque,</span> 
     </span>
     <span class='ocr_line' id='line_1_9' title="bbox 436 1041 2946 1130; baseline -0.001 -18"><span class='ocrx_word' id='word_1_67' title='bbox 436 1043 762 1130; x_wconf 90' lang='lat' dir='ltr'>quoniam</span> <span class='ocrx_word' id='word_1_68' title='bbox 813 1064 892 1112; x_wconf 90' lang='lat' dir='ltr'>ea</span> <span class='ocrx_word' id='word_1_69' title='bbox 922 1041 991 1111; x_wconf 93' lang='lat' dir='ltr'>in</span> <span class='ocrx_word' id='word_1_70' title='bbox 1031 1063 1099 1111; x_wconf 92' lang='lat' dir='ltr'>re</span> <span class='ocrx_word' id='word_1_71' title='bbox 1138 1041 1491 1130; x_wconf 89' lang='lat' dir='ltr'>profanam</span> <span class='ocrx_word' id='word_1_72' title='bbox 1529 1041 2100 1112; x_wconf 91' lang='lat' dir='ltr'>consuetudinem</span> <span class='ocrx_word' id='word_1_73' title='bbox 2146 1042 2557 1112; x_wconf 79' lang='lat' dir='ltr'>imitaretur.</span> <span class='ocrx_word' id='word_1_74' title='bbox 2602 1047 2652 1111; x_wconf 88' lang='lat' dir='ltr'>E</span> <span class='ocrx_word' id='word_1_75' title='bbox 2690 1041 2946 1111; x_wconf 62' lang='lat' dir='ltr'>fenestra</span> 
     </span>
     <span class='ocr_line' id='line_1_10' title="bbox 440 1128 2946 1231; baseline -0.002 -31"><span class='ocrx_word' id='word_1_76' title='bbox 440 1131 610 1200; x_wconf 90' lang='lat' dir='ltr'>nihil</span> <span class='ocrx_word' id='word_1_77' title='bbox 651 1132 720 1201; x_wconf 90' lang='lat' dir='ltr'>in</span> <span class='ocrx_word' id='word_1_78' title='bbox 759 1132 865 1200; x_wconf 91' lang='lat' dir='ltr'>via</span> <span class='ocrx_word' id='word_1_79' title='bbox 911 1151 1246 1218; x_wconf 89' lang='lat' dir='ltr'>unquam,</span> <span class='ocrx_word' id='word_1_80' title='bbox 1331 1130 1625 1231; x_wconf 89' lang='lat' dir='ltr'>uidquid</span> <span class='ocrx_word' id='word_1_81' title='bbox 1677 1130 1771 1200; x_wconf 90' lang='lat' dir='ltr'>ibi</span> <span class='ocrx_word' id='word_1_82' title='bbox 1799 1130 2174 1210; x_wconf 86' lang='lat' dir='ltr'>audiretur,</span> <span class='ocrx_word' id='word_1_83' title='bbox 2213 1131 2570 1220; x_wconf 84' lang='lat' dir='ltr'>spectavit;</span> <span class='ocrx_word' id='word_1_84' title='bbox 2610 1130 2755 1201; x_wconf 90' lang='lat' dir='ltr'>loco</span> <span class='ocrx_word' id='word_1_85' title='bbox 2784 1128 2946 1203; x_wconf 71' lang='lat' dir='ltr'>nullo}</span> 
     </span>
     <span class='ocr_line' id='line_1_11' title="bbox 438 1217 2946 1309; baseline -0.001 -20"><span class='ocrx_word' id='word_1_86' title='bbox 438 1220 917 1300; x_wconf 88' lang='lat' dir='ltr'>inambulavit;</span> <span class='ocrx_word' id='word_1_87' title='bbox 963 1218 1170 1309; x_wconf 89' lang='lat' dir='ltr'>vulgo</span> <span class='ocrx_word' id='word_1_88' title='bbox 1192 1219 1272 1308; x_wconf 95' lang='lat' dir='ltr'>ju</span> <span class='ocrx_word' id='word_1_89' title='bbox 1329 1220 1495 1288; x_wconf 77' lang='lat' dir='ltr'>icari</span> <span class='ocrx_word' id='word_1_90' title='bbox 1536 1240 1762 1309; x_wconf 89' lang='lat' dir='ltr'>posse,</span> <span class='ocrx_word' id='word_1_91' title='bbox 1805 1219 2073 1308; x_wconf 86' lang='lat' dir='ltr'>opinor,</span> <span class='ocrx_word' id='word_1_92' title='bbox 2113 1221 2396 1309; x_wconf 86' lang='lat' dir='ltr'>putavit,</span> <span class='ocrx_word' id='word_1_93' title='bbox 2431 1219 2544 1289; x_wconf 90' lang='lat' dir='ltr'>his</span> <span class='ocrx_word' id='word_1_94' title='bbox 2594 1217 2946 1295; x_wconf 67' lang='lat' dir='ltr'>actionibus}</span> 
     </span>
     <span class='ocr_line' id='line_1_12' title="bbox 439 1306 2946 1397; baseline -0.001 -19"><span class='ocrx_word' id='word_1_95' title='bbox 439 1308 698 1396; x_wconf 90' lang='lat' dir='ltr'>aliquid</span> <span class='ocrx_word' id='word_1_96' title='bbox 763 1311 1007 1388; x_wconf 88' lang='lat' dir='ltr'>inesse,</span> <span class='ocrx_word' id='word_1_97' title='bbox 1067 1306 1251 1394; x_wconf 91' lang='lat' dir='ltr'>quod</span> <span class='ocrx_word' id='word_1_98' title='bbox 1291 1307 1378 1377; x_wconf 93' lang='lat' dir='ltr'>ad</span> <span class='ocrx_word' id='word_1_99' title='bbox 1424 1308 1929 1389; x_wconf 87' lang='lat' dir='ltr'>curiositatem,</span> <span class='ocrx_word' id='word_1_100' title='bbox 1992 1309 2233 1388; x_wconf 86' lang='lat' dir='ltr'>otium,</span> <span class='ocrx_word' id='word_1_101' title='bbox 2288 1329 2621 1378; x_wconf 84' lang='lat' dir='ltr'>curamve</span> <span class='ocrx_word' id='word_1_102' title='bbox 2677 1306 2946 1397; x_wconf 48' lang='lat' dir='ltr'>eorporis,</span> 
     </span>
     <span class='ocr_line' id='line_1_13' title="bbox 440 1395 2946 1487; baseline -0.001 -20"><span class='ocrx_word' id='word_1_103' title='bbox 440 1397 724 1467; x_wconf 89' lang='lat' dir='ltr'>nimiam</span> <span class='ocrx_word' id='word_1_104' title='bbox 778 1397 1163 1487; x_wconf 84' lang='lat' dir='ltr'>pertineret.</span> <span class='ocrx_word' id='word_1_105' title='bbox 1217 1400 1295 1465; x_wconf 93' lang='lat' dir='ltr'>In</span> <span class='ocrx_word' id='word_1_106' title='bbox 1328 1417 1406 1465; x_wconf 90' lang='lat' dir='ltr'>ea</span> <span class='ocrx_word' id='word_1_107' title='bbox 1455 1418 1610 1466; x_wconf 88' lang='lat' dir='ltr'>vero</span> <span class='ocrx_word' id='word_1_108' title='bbox 1649 1395 1880 1466; x_wconf 92' lang='lat' dir='ltr'>decori</span> <span class='ocrx_word' id='word_1_109' title='bbox 1930 1408 2140 1486; x_wconf 90' lang='lat' dir='ltr'>parte,</span> <span class='ocrx_word' id='word_1_110' title='bbox 2192 1418 2371 1484; x_wconf 89' lang='lat' dir='ltr'>quae</span> <span class='ocrx_word' id='word_1_111' title='bbox 2416 1397 2678 1467; x_wconf 90' lang='lat' dir='ltr'>valeret</span> <span class='ocrx_word' id='word_1_112' title='bbox 2721 1395 2802 1465; x_wconf 92' lang='lat' dir='ltr'>ad</span> <span class='ocrx_word' id='word_1_113' title='bbox 2943 1410 2946 1423; x_wconf 22' lang='grc' dir='ltr'><em>Α</em></span> 
     </span>
     <span class='ocr_line' id='line_1_14' title="bbox 440 1485 2938 1576; baseline -0.001 -20"><span class='ocrx_word' id='word_1_114' title='bbox 440 1486 904 1566; x_wconf 90' lang='lat' dir='ltr'>scoenitatem,</span> <span class='ocrx_word' id='word_1_115' title='bbox 932 1498 996 1554; x_wconf 89' lang='lat' dir='ltr'>et</span> <span class='ocrx_word' id='word_1_116' title='bbox 1017 1506 1287 1554; x_wconf 91' lang='lat' dir='ltr'>omnem</span> <span class='ocrx_word' id='word_1_117' title='bbox 1321 1485 1772 1576; x_wconf 85' lang='lat' dir='ltr'>turpitudinis</span> <span class='ocrx_word' id='word_1_118' title='bbox 1804 1485 2081 1555; x_wconf 88' lang='lat' dir='ltr'>odorem</span> <span class='ocrx_word' id='word_1_119' title='bbox 2114 1485 2497 1567; x_wconf 88' lang='lat' dir='ltr'>vitandum,</span> <span class='ocrx_word' id='word_1_120' title='bbox 2533 1486 2938 1575; x_wconf 72' lang='lat' dir='ltr'>praecipuam</span> 
     </span>
     <span class='ocr_line' id='line_1_15' title="bbox 440 1573 2852 1674; baseline -0 -31"><span class='ocrx_word' id='word_1_121' title='bbox 440 1575 758 1645; x_wconf 89' lang='lat' dir='ltr'>adhibuit</span> <span class='ocrx_word' id='word_1_122' title='bbox 803 1574 1277 1665; x_wconf 84' lang='lat' dir='ltr'>diligentiam,</span> <span class='ocrx_word' id='word_1_123' title='bbox 1334 1594 1490 1642; x_wconf 92' lang='lat' dir='ltr'>nam</span> <span class='ocrx_word' id='word_1_124' title='bbox 1571 1574 1791 1663; x_wconf 90' lang='lat' dir='ltr'>ipsam</span> <span class='ocrx_word' id='word_1_125' title='bbox 1849 1573 2221 1674; x_wconf 86' lang='lat' dir='ltr'>pudicitiae</span> <span class='ocrx_word' id='word_1_126' title='bbox 2289 1575 2618 1644; x_wconf 90' lang='lat' dir='ltr'>virtutem</span> <span class='ocrx_word' id='word_1_127' title='bbox 2682 1597 2723 1643; x_wconf 91' lang='lat' dir='ltr'>a</span> <span class='ocrx_word' id='word_1_128' title='bbox 2770 1596 2852 1663; x_wconf 91' lang='lat' dir='ltr'>pu</span> 
     </span>
     <span class='ocr_line' id='line_1_16' title="bbox 438 1661 2910 1759; baseline -0.001 -27"><span class='ocrx_word' id='word_1_129' title='bbox 438 1664 648 1734; x_wconf 91' lang='lat' dir='ltr'>coluit</span> <span class='ocrx_word' id='word_1_130' title='bbox 697 1662 1230 1753; x_wconf 87' lang='lat' dir='ltr'>religiosissime,</span> <span class='ocrx_word' id='word_1_131' title='bbox 1266 1661 1469 1732; x_wconf 91' lang='lat' dir='ltr'>sicuti</span> <span class='ocrx_word' id='word_1_132' title='bbox 1509 1661 1652 1749; x_wconf 83' lang='lat' dir='ltr'>jam</span> <span class='ocrx_word' id='word_1_133' title='bbox 1685 1663 2059 1751; x_wconf 76' lang='lat' dir='ltr'>tetigimus3</span> <span class='ocrx_word' id='word_1_134' title='bbox 2097 1663 2182 1732; x_wconf 88' lang='lat' dir='ltr'>ab</span> <span class='ocrx_word' id='word_1_135' title='bbox 2218 1664 2409 1732; x_wconf 90' lang='lat' dir='ltr'>omni</span> <span class='ocrx_word' id='word_1_136' title='bbox 2459 1664 2698 1744; x_wconf 89' lang='lat' dir='ltr'>verbo,</span> <span class='ocrx_word' id='word_1_137' title='bbox 2751 1663 2813 1731; x_wconf 92' lang='lat' dir='ltr'>in</span> <span class='ocrx_word' id='word_1_138' title='bbox 2839 1683 2910 1759; x_wconf 36' lang='lat' dir='ltr'>q·</span> 
     </span>
     <span class='ocr_line' id='line_1_17' title="bbox 438 1750 2875 1840; baseline -0.002 -18"><span class='ocrx_word' id='word_1_139' title='bbox 438 1751 701 1840; x_wconf 90' lang='lat' dir='ltr'>aliquid</span> <span class='ocrx_word' id='word_1_140' title='bbox 751 1773 884 1821; x_wconf 92' lang='lat' dir='ltr'>non</span> <span class='ocrx_word' id='word_1_141' title='bbox 937 1750 1157 1822; x_wconf 92' lang='lat' dir='ltr'>solum</span> <span class='ocrx_word' id='word_1_142' title='bbox 1208 1750 1728 1832; x_wconf 89' lang='lat' dir='ltr'>obscoenitatis,</span> <span class='ocrx_word' id='word_1_143' title='bbox 1782 1750 1898 1821; x_wconf 89' lang='lat' dir='ltr'>sed</span> <span class='ocrx_word' id='word_1_144' title='bbox 1953 1751 2305 1833; x_wconf 88' lang='lat' dir='ltr'>licentiae,</span> <span class='ocrx_word' id='word_1_145' title='bbox 2373 1751 2474 1821; x_wconf 89' lang='lat' dir='ltr'>vel</span> <span class='ocrx_word' id='word_1_146' title='bbox 2525 1752 2875 1822; x_wconf 86' lang='lat' dir='ltr'>deformita</span> 
     </span>
     <span class='ocr_line' id='line_1_18' title="bbox 437 1836 2913 1932; baseline -0.002 -21"><span class='ocrx_word' id='word_1_147' title='bbox 437 1852 817 1932; x_wconf 83' lang='lat' dir='ltr'>appareret,</span> <span class='ocrx_word' id='word_1_148' title='bbox 855 1840 1218 1930; x_wconf 87' lang='lat' dir='ltr'>diligenter</span> <span class='ocrx_word' id='word_1_149' title='bbox 1262 1840 1460 1920; x_wconf 90' lang='lat' dir='ltr'>cavit;</span> <span class='ocrx_word' id='word_1_150' title='bbox 1518 1840 1587 1909; x_wconf 91' lang='lat' dir='ltr'>in</span> <span class='ocrx_word' id='word_1_151' title='bbox 1634 1839 1901 1911; x_wconf 86' lang='lat' dir='ltr'>caussis</span> <span class='ocrx_word' id='word_1_152' title='bbox 1958 1839 2369 1927; x_wconf 92' lang='lat' dir='ltr'>aliquando,</span> <span class='ocrx_word' id='word_1_153' title='bbox 2424 1840 2549 1909; x_wconf 94' lang='lat' dir='ltr'>ubi</span> <span class='ocrx_word' id='word_1_154' title='bbox 2602 1840 2691 1910; x_wconf 91' lang='lat' dir='ltr'>de</span> <span class='ocrx_word' id='word_1_155' title='bbox 2754 1836 2913 1907; x_wconf 82' lang='lat' dir='ltr'>mat&#39;</span> 
     </span>
     <span class='ocr_line' id='line_1_19' title="bbox 439 1926 2938 2019; baseline -0.003 -20"><span class='ocrx_word' id='word_1_156' title='bbox 439 1930 692 2009; x_wconf 92' lang='lat' dir='ltr'>monio,</span> <span class='ocrx_word' id='word_1_157' title='bbox 744 1942 810 1999; x_wconf 91' lang='lat' dir='ltr'>et</span> <span class='ocrx_word' id='word_1_158' title='bbox 855 1929 1001 2016; x_wconf 87' lang='lat' dir='ltr'>ejus</span> <span class='ocrx_word' id='word_1_159' title='bbox 1050 1927 1567 2019; x_wconf 89' lang='lat' dir='ltr'>impedimentis</span> <span class='ocrx_word' id='word_1_160' title='bbox 1610 1941 1958 2019; x_wconf 86' lang='lat' dir='ltr'>ageretur,</span> <span class='ocrx_word' id='word_1_161' title='bbox 2014 1927 2367 1999; x_wconf 86' lang='lat' dir='ltr'>laborabat</span> <span class='ocrx_word' id='word_1_162' title='bbox 2415 1950 2833 2019; x_wconf 88' lang='lat' dir='ltr'>magnopere</span> <span class='ocrx_word' id='word_1_163' title='bbox 2871 1926 2938 1993; x_wconf 82' lang='lat' dir='ltr'>lo-</span> 
     </span>
     <span class='ocr_line' id='line_1_20' title="bbox 437 2016 2882 2108; baseline -0.002 -19"><span class='ocrx_word' id='word_1_164' title='bbox 437 2040 681 2106; x_wconf 91' lang='lat' dir='ltr'>quens,</span> <span class='ocrx_word' id='word_1_165' title='bbox 734 2039 813 2088; x_wconf 92' lang='lat' dir='ltr'>ac</span> <span class='ocrx_word' id='word_1_166' title='bbox 860 2038 1032 2108; x_wconf 89' lang='lat' dir='ltr'>pene</span> <span class='ocrx_word' id='word_1_167' title='bbox 1083 2017 1549 2104; x_wconf 89' lang='lat' dir='ltr'>torquebatur;</span> <span class='ocrx_word' id='word_1_168' title='bbox 1586 2016 2055 2104; x_wconf 86' lang='lat' dir='ltr'>vocabulaque</span> <span class='ocrx_word' id='word_1_169' title='bbox 2085 2040 2127 2087; x_wconf 91' lang='lat' dir='ltr'>a</span> <span class='ocrx_word' id='word_1_170' title='bbox 2175 2039 2247 2087; x_wconf 89' lang='lat' dir='ltr'>re</span> <span class='ocrx_word' id='word_1_171' title='bbox 2295 2018 2444 2108; x_wconf 89' lang='lat' dir='ltr'>ipsa</span> <span class='ocrx_word' id='word_1_172' title='bbox 2494 2039 2712 2105; x_wconf 89' lang='lat' dir='ltr'>quam</span> <span class='ocrx_word' id='word_1_173' title='bbox 2764 2037 2882 2086; x_wconf 89' lang='lat' dir='ltr'>rem</span> 
     </span>
     <span class='ocr_line' id='line_1_21' title="bbox 439 2105 2844 2196; baseline -0.001 -21"><span class='ocrx_word' id='word_1_174' title='bbox 439 2108 703 2179; x_wconf 88' lang='lat' dir='ltr'>tissima</span> <span class='ocrx_word' id='word_1_175' title='bbox 751 2106 1264 2196; x_wconf 85' lang='lat' dir='ltr'>expiscabatur,</span> <span class='ocrx_word' id='word_1_176' title='bbox 1320 2106 1420 2176; x_wconf 88' lang='lat' dir='ltr'>vel</span> <span class='ocrx_word' id='word_1_177' title='bbox 1477 2105 1846 2176; x_wconf 89' lang='lat' dir='ltr'>adhibebat</span> <span class='ocrx_word' id='word_1_178' title='bbox 1894 2105 2144 2187; x_wconf 90' lang='lat' dir='ltr'>latina;</span> <span class='ocrx_word' id='word_1_179' title='bbox 2204 2106 2507 2195; x_wconf 83' lang='lat' dir='ltr'>ephebos</span> <span class='ocrx_word' id='word_1_180' title='bbox 2574 2107 2648 2175; x_wconf 91' lang='lat' dir='ltr'>in</span> <span class='ocrx_word' id='word_1_181' title='bbox 2699 2107 2844 2175; x_wconf 88' lang='lat' dir='ltr'>dom</span> 
     </span>
     <span class='ocr_line' id='line_1_22' title="bbox 439 2194 2938 2283; baseline -0.002 -19"><span class='ocrx_word' id='word_1_182' title='bbox 439 2218 571 2266; x_wconf 88' lang='lat' dir='ltr'>non</span> <span class='ocrx_word' id='word_1_183' title='bbox 638 2195 960 2279; x_wconf 88' lang='lat' dir='ltr'>admisit;</span> <span class='ocrx_word' id='word_1_184' title='bbox 1020 2218 1181 2265; x_wconf 90' lang='lat' dir='ltr'>cum</span> <span class='ocrx_word' id='word_1_185' title='bbox 1230 2194 1482 2264; x_wconf 84' lang='lat' dir='ltr'>femina</span> <span class='ocrx_word' id='word_1_186' title='bbox 1537 2216 1889 2282; x_wconf 85' lang='lat' dir='ltr'>nunquam</span> <span class='ocrx_word' id='word_1_187' title='bbox 1944 2194 2216 2265; x_wconf 90' lang='lat' dir='ltr'>locutus</span> <span class='ocrx_word' id='word_1_188' title='bbox 2261 2207 2399 2275; x_wconf 91' lang='lat' dir='ltr'>est,</span> <span class='ocrx_word' id='word_1_189' title='bbox 2466 2195 2645 2283; x_wconf 90' lang='lat' dir='ltr'>quin</span> <span class='ocrx_word' id='word_1_190' title='bbox 2706 2216 2785 2265; x_wconf 84' lang='lat' dir='ltr'>ex</span> <span class='ocrx_word' id='word_1_191' title='bbox 2825 2212 2938 2282; x_wconf 82' lang='lat' dir='ltr'>gra·-</span> 
     </span>
     <span class='ocr_line' id='line_1_23' title="bbox 438 2282 2866 2373; baseline -0.002 -18"><span class='ocrx_word' id='word_1_192' title='bbox 438 2285 746 2356; x_wconf 83' lang='lat' dir='ltr'>vioribus</span> <span class='ocrx_word' id='word_1_193' title='bbox 778 2283 1172 2354; x_wconf 87' lang='lat' dir='ltr'>domesticis</span> <span class='ocrx_word' id='word_1_194' title='bbox 1205 2305 1415 2365; x_wconf 76' lang='lat' dir='ltr'>unuS,</span> <span class='ocrx_word' id='word_1_195' title='bbox 1471 2282 1786 2373; x_wconf 90' lang='lat' dir='ltr'>pluresve</span> <span class='ocrx_word' id='word_1_196' title='bbox 1831 2283 2173 2355; x_wconf 88' lang='lat' dir='ltr'>adessent.</span> <span class='ocrx_word' id='word_1_197' title='bbox 2215 2289 2505 2354; x_wconf 90' lang='lat' dir='ltr'>Domum</span> <span class='ocrx_word' id='word_1_198' title='bbox 2551 2284 2750 2355; x_wconf 89' lang='lat' dir='ltr'>nulla</span> <span class='ocrx_word' id='word_1_199' title='bbox 2797 2305 2866 2371; x_wconf 90' lang='lat' dir='ltr'>pa</span> 
     </span>
     <span class='ocr_line' id='line_1_24' title="bbox 439 2371 2876 2465; baseline -0.002 -22"><span class='ocrx_word' id='word_1_200' title='bbox 439 2375 689 2465; x_wconf 89' lang='lat' dir='ltr'>pictam</span> <span class='ocrx_word' id='word_1_201' title='bbox 726 2395 876 2443; x_wconf 92' lang='lat' dir='ltr'>esse</span> <span class='ocrx_word' id='word_1_202' title='bbox 912 2372 1148 2452; x_wconf 88' lang='lat' dir='ltr'>voluit,</span> <span class='ocrx_word' id='word_1_203' title='bbox 1183 2371 1313 2442; x_wconf 90' lang='lat' dir='ltr'>nisi</span> <span class='ocrx_word' id='word_1_204' title='bbox 1344 2372 1629 2442; x_wconf 90' lang='lat' dir='ltr'>viridem</span> <span class='ocrx_word' id='word_1_205' title='bbox 1666 2374 1857 2463; x_wconf 91' lang='lat' dir='ltr'>parvi</span> <span class='ocrx_word' id='word_1_206' title='bbox 1894 2371 2200 2443; x_wconf 88' lang='lat' dir='ltr'>cubiculi</span> <span class='ocrx_word' id='word_1_207' title='bbox 2226 2373 2337 2443; x_wconf 91' lang='lat' dir='ltr'>sui</span> <span class='ocrx_word' id='word_1_208' title='bbox 2379 2372 2758 2444; x_wconf 88' lang='lat' dir='ltr'>tincturam</span> <span class='ocrx_word' id='word_1_209' title='bbox 2791 2372 2876 2439; x_wconf 76' lang='lat' dir='ltr'>vis</span> 
     </span>
     <span class='ocr_line' id='line_1_25' title="bbox 438 2458 2886 2556; baseline -0.002 -23"><span class='ocrx_word' id='word_1_210' title='bbox 438 2464 657 2556; x_wconf 71' lang='lat' dir='ltr'>gratia</span> <span class='ocrx_word' id='word_1_211' title='bbox 704 2462 1108 2549; x_wconf 87' lang='lat' dir='ltr'>quaesitam,</span> <span class='ocrx_word' id='word_1_212' title='bbox 1148 2461 1456 2552; x_wconf 90' lang='lat' dir='ltr'>picturae</span> <span class='ocrx_word' id='word_1_213' title='bbox 1491 2461 1638 2532; x_wconf 93' lang='lat' dir='ltr'>loco</span> <span class='ocrx_word' id='word_1_214' title='bbox 1671 2463 2163 2542; x_wconf 88' lang='lat' dir='ltr'>numeraveris;</span> <span class='ocrx_word' id='word_1_215' title='bbox 2207 2476 2411 2549; x_wconf 88' lang='lat' dir='ltr'>atque</span> <span class='ocrx_word' id='word_1_216' title='bbox 2454 2462 2660 2533; x_wconf 85' lang='lat' dir='ltr'>initio</span> <span class='ocrx_word' id='word_1_217' title='bbox 2704 2458 2886 2549; x_wconf 83' lang='lat' dir='ltr'>quide</span> 
     </span>
     <span class='ocr_line' id='line_1_26' title="bbox 438 2548 2934 2642; baseline -0.002 -21"><span class='ocrx_word' id='word_1_218' title='bbox 438 2574 594 2621; x_wconf 91' lang='lat' dir='ltr'>cum</span> <span class='ocrx_word' id='word_1_219' title='bbox 638 2548 1099 2622; x_wconf 85' lang='lat' dir='ltr'>Mediolanum</span> <span class='ocrx_word' id='word_1_220' title='bbox 1133 2561 1309 2621; x_wconf 89' lang='lat' dir='ltr'>esset</span> <span class='ocrx_word' id='word_1_221' title='bbox 1369 2562 1721 2631; x_wconf 86' lang='lat' dir='ltr'>venturus,</span> <span class='ocrx_word' id='word_1_222' title='bbox 1760 2551 2100 2639; x_wconf 89' lang='lat' dir='ltr'>aedesque</span> <span class='ocrx_word' id='word_1_223' title='bbox 2145 2550 2784 2642; x_wconf 80' lang='lat' dir='ltr'>Archiepiscopales</span> <span class='ocrx_word' id='word_1_224' title='bbox 2822 2549 2934 2638; x_wconf 81' lang='lat' dir='ltr'>jus-</span> 
     </span>
     <span class='ocr_line' id='line_1_27' title="bbox 438 2638 2902 2733; baseline -0.001 -24"><span class='ocrx_word' id='word_1_225' title='bbox 438 2640 638 2710; x_wconf 90' lang='lat' dir='ltr'>sisset</span> <span class='ocrx_word' id='word_1_226' title='bbox 695 2638 1102 2719; x_wconf 89' lang='lat' dir='ltr'>instaurari,</span> <span class='ocrx_word' id='word_1_227' title='bbox 1170 2651 1542 2728; x_wconf 88' lang='lat' dir='ltr'>coeperunt</span> <span class='ocrx_word' id='word_1_228' title='bbox 1603 2639 1959 2711; x_wconf 88' lang='lat' dir='ltr'>lacunaria</span> <span class='ocrx_word' id='word_1_229' title='bbox 2005 2639 2344 2727; x_wconf 90' lang='lat' dir='ltr'>quaedam</span> <span class='ocrx_word' id='word_1_230' title='bbox 2400 2639 2731 2730; x_wconf 87' lang='lat' dir='ltr'>pingere,</span> <span class='ocrx_word' id='word_1_231' title='bbox 2780 2661 2814 2707; x_wconf 84' lang='lat' dir='ltr'>a</span> <span class='ocrx_word' id='word_1_232' title='bbox 2893 2723 2902 2733; x_wconf 21' lang='grc' dir='ltr'><strong><em>ι</em></strong></span> 
     </span>
     <span class='ocr_line' id='line_1_28' title="bbox 437 2726 2862 2819; baseline -0.001 -22"><span class='ocrx_word' id='word_1_233' title='bbox 437 2749 727 2798; x_wconf 83' lang='lat' dir='ltr'>ornare:</span> <span class='ocrx_word' id='word_1_234' title='bbox 778 2727 959 2814; x_wconf 92' lang='lat' dir='ltr'>quod</span> <span class='ocrx_word' id='word_1_235' title='bbox 1028 2727 1174 2817; x_wconf 89' lang='lat' dir='ltr'>ipse</span> <span class='ocrx_word' id='word_1_236' title='bbox 1225 2729 1454 2798; x_wconf 87' lang='lat' dir='ltr'>statim</span> <span class='ocrx_word' id='word_1_237' title='bbox 1520 2728 1918 2818; x_wconf 83' lang='lat' dir='ltr'>prohibuit.</span> <span class='ocrx_word' id='word_1_238' title='bbox 1998 2728 2317 2819; x_wconf 90' lang='lat' dir='ltr'>pictaque</span> <span class='ocrx_word' id='word_1_239' title='bbox 2374 2727 2665 2799; x_wconf 92' lang='lat' dir='ltr'>inducto</span> <span class='ocrx_word' id='word_1_240' title='bbox 2723 2726 2862 2797; x_wconf 85' lang='lat' dir='ltr'>alba</span> 
     </span>
     <span class='ocr_line' id='line_1_29' title="bbox 437 2813 2932 2908; baseline 0.001 -23"><span class='ocrx_word' id='word_1_241' title='bbox 437 2816 649 2886; x_wconf 90' lang='lat' dir='ltr'>deleri</span> <span class='ocrx_word' id='word_1_242' title='bbox 682 2815 915 2904; x_wconf 87' lang='lat' dir='ltr'>jussit,</span> <span class='ocrx_word' id='word_1_243' title='bbox 954 2816 1019 2885; x_wconf 90' lang='lat' dir='ltr'>id</span> <span class='ocrx_word' id='word_1_244' title='bbox 1059 2816 1244 2903; x_wconf 92' lang='lat' dir='ltr'>quod</span> <span class='ocrx_word' id='word_1_245' title='bbox 1295 2816 1498 2887; x_wconf 89' lang='lat' dir='ltr'>hodie</span> <span class='ocrx_word' id='word_1_246' title='bbox 1544 2838 1817 2905; x_wconf 90' lang='lat' dir='ltr'>quoque</span> <span class='ocrx_word' id='word_1_247' title='bbox 1860 2817 2297 2908; x_wconf 88' lang='lat' dir='ltr'>perspicitur;</span> <span class='ocrx_word' id='word_1_248' title='bbox 2337 2829 2508 2887; x_wconf 89' lang='lat' dir='ltr'>totas</span> <span class='ocrx_word' id='word_1_249' title='bbox 2543 2840 2709 2887; x_wconf 87' lang='lat' dir='ltr'>vero</span> <span class='ocrx_word' id='word_1_250' title='bbox 2753 2813 2932 2888; x_wconf 57' lang='lat' dir='ltr'>aeds.</span> 
     </span>
     <span class='ocr_line' id='line_1_30' title="bbox 437 2901 2932 2996; baseline -0.002 -22"><span class='ocrx_word' id='word_1_251' title='bbox 437 2904 705 2995; x_wconf 90' lang='lat' dir='ltr'>amplas</span> <span class='ocrx_word' id='word_1_252' title='bbox 740 2917 989 2984; x_wconf 91' lang='lat' dir='ltr'>tamen,</span> <span class='ocrx_word' id='word_1_253' title='bbox 1045 2904 1372 2987; x_wconf 82' lang='lat' dir='ltr'>modestO,</span> <span class='ocrx_word' id='word_1_254' title='bbox 1421 2905 1826 2995; x_wconf 86' lang='lat' dir='ltr'>vulgarique</span> <span class='ocrx_word' id='word_1_255' title='bbox 1873 2928 2076 2996; x_wconf 89' lang='lat' dir='ltr'>opere</span> <span class='ocrx_word' id='word_1_256' title='bbox 2111 2906 2346 2995; x_wconf 85' lang='lat' dir='ltr'>perfici</span> <span class='ocrx_word' id='word_1_257' title='bbox 2380 2906 2620 2993; x_wconf 87' lang='lat' dir='ltr'>jussit.</span> <span class='ocrx_word' id='word_1_258' title='bbox 2677 2901 2932 2994; x_wconf 81' lang='lat' dir='ltr'>Supelle-</span> 
     </span>
     <span class='ocr_line' id='line_1_31' title="bbox 436 2992 2942 3084; baseline -0.002 -22"><span class='ocrx_word' id='word_1_259' title='bbox 436 2992 662 3063; x_wconf 90' lang='lat' dir='ltr'>ctilem</span> <span class='ocrx_word' id='word_1_260' title='bbox 717 2993 785 3063; x_wconf 92' lang='lat' dir='ltr'>in</span> <span class='ocrx_word' id='word_1_261' title='bbox 833 2994 1037 3064; x_wconf 92' lang='lat' dir='ltr'>domo</span> <span class='ocrx_word' id='word_1_262' title='bbox 1067 2994 1152 3064; x_wconf 89' lang='lat' dir='ltr'>ad</span> <span class='ocrx_word' id='word_1_263' title='bbox 1204 2994 1426 3084; x_wconf 88' lang='lat' dir='ltr'>ipsam</span> <span class='ocrx_word' id='word_1_264' title='bbox 1472 2994 1857 3081; x_wconf 89' lang='lat' dir='ltr'>quotidiani</span> <span class='ocrx_word' id='word_1_265' title='bbox 1898 3016 2068 3064; x_wconf 90' lang='lat' dir='ltr'>usus</span> <span class='ocrx_word' id='word_1_266' title='bbox 2115 2995 2587 3065; x_wconf 87' lang='lat' dir='ltr'>necessitatem</span> <span class='ocrx_word' id='word_1_267' title='bbox 2636 2993 2942 3064; x_wconf 51' lang='lat' dir='ltr'>redactam¹</span> 
     </span>
     <span class='ocr_line' id='line_1_32' title="bbox 435 3081 2942 3173; baseline -0.002 -22"><span class='ocrx_word' id='word_1_268' title='bbox 435 3081 699 3163; x_wconf 89' lang='lat' dir='ltr'>habuit;</span> <span class='ocrx_word' id='word_1_269' title='bbox 754 3082 925 3153; x_wconf 90' lang='lat' dir='ltr'>nihil</span> <span class='ocrx_word' id='word_1_270' title='bbox 966 3082 1249 3152; x_wconf 91' lang='lat' dir='ltr'>omnino</span> <span class='ocrx_word' id='word_1_271' title='bbox 1286 3082 1414 3152; x_wconf 83' lang='lat' dir='ltr'>fuit</span> <span class='ocrx_word' id='word_1_272' title='bbox 1454 3096 1605 3173; x_wconf 90' lang='lat' dir='ltr'>post</span> <span class='ocrx_word' id='word_1_273' title='bbox 1635 3083 1977 3173; x_wconf 89' lang='lat' dir='ltr'>egregiam</span> <span class='ocrx_word' id='word_1_274' title='bbox 2015 3082 2204 3152; x_wconf 90' lang='lat' dir='ltr'>illam</span> <span class='ocrx_word' id='word_1_275' title='bbox 2248 3083 2425 3152; x_wconf 91' lang='lat' dir='ltr'>inter</span> <span class='ocrx_word' id='word_1_276' title='bbox 2457 3104 2796 3173; x_wconf 85' lang='lat' dir='ltr'>pauperes</span> <span class='ocrx_word' id='word_1_277' title='bbox 2821 3085 2942 3170; x_wconf 81' lang='lat' dir='ltr'>par-³</span> 
     </span>
     <span class='ocr_line' id='line_1_33' title="bbox 434 3166 2930 3263; baseline -0.003 -21"><span class='ocrx_word' id='word_1_278' title='bbox 434 3172 737 3242; x_wconf 86' lang='lat' dir='ltr'>titionem</span> <span class='ocrx_word' id='word_1_279' title='bbox 789 3172 874 3241; x_wconf 91' lang='lat' dir='ltr'>ad</span> <span class='ocrx_word' id='word_1_280' title='bbox 926 3172 1239 3262; x_wconf 77' lang='lat' dir='ltr'>pariete5‚</span> <span class='ocrx_word' id='word_1_281' title='bbox 1304 3173 1559 3242; x_wconf 84' lang='lat' dir='ltr'>ostiave</span> <span class='ocrx_word' id='word_1_282' title='bbox 1613 3171 2069 3263; x_wconf 89' lang='lat' dir='ltr'>contegenda,</span> <span class='ocrx_word' id='word_1_283' title='bbox 2124 3172 2249 3243; x_wconf 90' lang='lat' dir='ltr'>hos</span> <span class='ocrx_word' id='word_1_284' title='bbox 2304 3172 2474 3242; x_wconf 90' lang='lat' dir='ltr'>itum</span> <span class='ocrx_word' id='word_1_285' title='bbox 2525 3194 2690 3242; x_wconf 85' lang='lat' dir='ltr'>vero</span> <span class='ocrx_word' id='word_1_286' title='bbox 2735 3166 2930 3240; x_wconf 71' lang='lat' dir='ltr'>caussi</span> 
     </span>
     <span class='ocr_line' id='line_1_34' title="bbox 434 3260 2927 3351; baseline -0.003 -23"><span class='ocrx_word' id='word_1_287' title='bbox 434 3273 676 3331; x_wconf 89' lang='lat' dir='ltr'>mutua</span> <span class='ocrx_word' id='word_1_288' title='bbox 709 3281 910 3351; x_wconf 87' lang='lat' dir='ltr'>saepe</span> <span class='ocrx_word' id='word_1_289' title='bbox 960 3260 1176 3330; x_wconf 91' lang='lat' dir='ltr'>multa</span> <span class='ocrx_word' id='word_1_290' title='bbox 1207 3281 1480 3330; x_wconf 81' lang='lat' dir='ltr'>sumere</span> <span class='ocrx_word' id='word_1_291' title='bbox 1530 3282 1805 3332; x_wconf 87' lang='lat' dir='ltr'>necesse</span> <span class='ocrx_word' id='word_1_292' title='bbox 1853 3273 2019 3330; x_wconf 89' lang='lat' dir='ltr'>erat.</span> <span class='ocrx_word' id='word_1_293' title='bbox 2082 3262 2250 3348; x_wconf 89' lang='lat' dir='ltr'>Equi</span> <span class='ocrx_word' id='word_1_294' title='bbox 2284 3282 2320 3330; x_wconf 91' lang='lat' dir='ltr'>e</span> <span class='ocrx_word' id='word_1_295' title='bbox 2370 3260 2812 3330; x_wconf 86' lang='lat' dir='ltr'>mandaverat</span> <span class='ocrx_word' id='word_1_296' title='bbox 2851 3275 2927 3323; x_wconf 84' lang='lat' dir='ltr'>ae-</span> 
     </span>
     <span class='ocr_line' id='line_1_35' title="bbox 432 3348 2928 3438; baseline -0.001 -20"><span class='ocrx_word' id='word_1_297' title='bbox 432 3349 724 3430; x_wconf 87' lang='lat' dir='ltr'>dificari,</span> <span class='ocrx_word' id='word_1_298' title='bbox 776 3348 958 3437; x_wconf 92' lang='lat' dir='ltr'>quod</span> <span class='ocrx_word' id='word_1_299' title='bbox 1003 3361 1217 3430; x_wconf 90' lang='lat' dir='ltr'>vetus,</span> <span class='ocrx_word' id='word_1_300' title='bbox 1265 3369 1435 3418; x_wconf 89' lang='lat' dir='ltr'>nova</span> <span class='ocrx_word' id='word_1_301' title='bbox 1481 3349 1861 3431; x_wconf 88' lang='lat' dir='ltr'>coenaculi,</span> <span class='ocrx_word' id='word_1_302' title='bbox 1903 3350 2349 3437; x_wconf 90' lang='lat' dir='ltr'>locorumque</span> <span class='ocrx_word' id='word_1_303' title='bbox 2380 3348 2803 3438; x_wconf 80' lang='lat' dir='ltr'>adjectorum</span> <span class='ocrx_word' id='word_1_304' title='bbox 2845 3364 2928 3411; x_wconf 82' lang='lat' dir='ltr'>ae·</span> 
     </span>
     <span class='ocr_line' id='line_1_36' title="bbox 432 3437 2928 3528; baseline -0.003 -22"><span class='ocrx_word' id='word_1_305' title='bbox 432 3438 821 3509; x_wconf 83' lang='lat' dir='ltr'>dificatione</span> <span class='ocrx_word' id='word_1_306' title='bbox 868 3437 1290 3507; x_wconf 90' lang='lat' dir='ltr'>diruendum</span> <span class='ocrx_word' id='word_1_307' title='bbox 1340 3450 1541 3520; x_wconf 91' lang='lat' dir='ltr'>esset,</span> <span class='ocrx_word' id='word_1_308' title='bbox 1597 3438 2139 3528; x_wconf 88' lang='lat' dir='ltr'>praepositorum</span> <span class='ocrx_word' id='word_1_309' title='bbox 2192 3437 2668 3528; x_wconf 72' lang='lat' dir='ltr'>imprudentia</span> <span class='ocrx_word' id='word_1_310' title='bbox 2723 3450 2928 3523; x_wconf 85' lang='lat' dir='ltr'>magno</span> 
     </span>
     <span class='ocr_line' id='line_1_37' title="bbox 432 3523 2923 3627; baseline 0 -32"><span class='ocrx_word' id='word_1_311' title='bbox 432 3527 499 3596; x_wconf 92' lang='lat' dir='ltr'>id</span> <span class='ocrx_word' id='word_1_312' title='bbox 559 3538 842 3616; x_wconf 88' lang='lat' dir='ltr'>sumptu</span> <span class='ocrx_word' id='word_1_313' title='bbox 890 3525 1144 3596; x_wconf 86' lang='lat' dir='ltr'>factum</span> <span class='ocrx_word' id='word_1_314' title='bbox 1194 3538 1315 3598; x_wconf 92' lang='lat' dir='ltr'>est.</span> <span class='ocrx_word' id='word_1_315' title='bbox 1371 3526 1651 3598; x_wconf 87' lang='lat' dir='ltr'>Carolus</span> <span class='ocrx_word' id='word_1_316' title='bbox 1697 3549 1853 3597; x_wconf 91' lang='lat' dir='ltr'>cum</span> <span class='ocrx_word' id='word_1_317' title='bbox 1923 3526 2207 3596; x_wconf 91' lang='lat' dir='ltr'>demum</span> <span class='ocrx_word' id='word_1_318' title='bbox 2274 3549 2345 3597; x_wconf 91' lang='lat' dir='ltr'>re</span> <span class='ocrx_word' id='word_1_319' title='bbox 2403 3548 2576 3616; x_wconf 91' lang='lat' dir='ltr'>pene</span> <span class='ocrx_word' id='word_1_320' title='bbox 2630 3523 2923 3627; x_wconf 73' lang='lat' dir='ltr'>perfecta,</span> 
     </span>
     <span class='ocr_line' id='line_1_38' title="bbox 432 3614 2926 3709; baseline 0 -25"><span class='ocrx_word' id='word_1_321' title='bbox 432 3615 784 3696; x_wconf 86' lang='lat' dir='ltr'>audiisset,</span> <span class='ocrx_word' id='word_1_322' title='bbox 837 3636 1058 3702; x_wconf 90' lang='lat' dir='ltr'>neque</span> <span class='ocrx_word' id='word_1_323' title='bbox 1090 3614 1272 3684; x_wconf 91' lang='lat' dir='ltr'>enim</span> <span class='ocrx_word' id='word_1_324' title='bbox 1325 3614 1522 3696; x_wconf 89' lang='lat' dir='ltr'>alias,</span> <span class='ocrx_word' id='word_1_325' title='bbox 1577 3637 1786 3703; x_wconf 89' lang='lat' dir='ltr'>quam</span> <span class='ocrx_word' id='word_1_326' title='bbox 1837 3638 2068 3686; x_wconf 89' lang='lat' dir='ltr'>sacras</span> <span class='ocrx_word' id='word_1_327' title='bbox 2126 3615 2422 3686; x_wconf 84' lang='lat' dir='ltr'>fabricas</span> <span class='ocrx_word' id='word_1_328' title='bbox 2459 3616 2795 3706; x_wconf 79' lang='lat' dir='ltr'>inspicere</span> <span class='ocrx_word' id='word_1_329' title='bbox 2851 3630 2926 3709; x_wconf 63' lang='grc' dir='ltr'>ξο-</span> 
     </span>
     <span class='ocr_line' id='line_1_39' title="bbox 432 3702 2924 3793; baseline -0.003 -21"><span class='ocrx_word' id='word_1_330' title='bbox 432 3703 634 3784; x_wconf 92' lang='lat' dir='ltr'>lebat,</span> <span class='ocrx_word' id='word_1_331' title='bbox 690 3705 1121 3774; x_wconf 85' lang='lat' dir='ltr'>vehementer</span> <span class='ocrx_word' id='word_1_332' title='bbox 1155 3702 1400 3784; x_wconf 89' lang='lat' dir='ltr'>doluit,</span> <span class='ocrx_word' id='word_1_333' title='bbox 1456 3704 1946 3790; x_wconf 90' lang='lat' dir='ltr'>ministrosque</span> <span class='ocrx_word' id='word_1_334' title='bbox 2002 3704 2465 3793; x_wconf 86' lang='lat' dir='ltr'>reprehendit;</span> <span class='ocrx_word' id='word_1_335' title='bbox 2503 3717 2651 3774; x_wconf 90' lang='lat' dir='ltr'>tum</span> <span class='ocrx_word' id='word_1_336' title='bbox 2693 3702 2807 3771; x_wconf 91' lang='lat' dir='ltr'>diu</span> <span class='ocrx_word' id='word_1_337' title='bbox 2848 3718 2924 3793; x_wconf 65' lang='grc' dir='ltr'>ιη·</span> 
     </span>
     <span class='ocr_line' id='line_1_40' title="bbox 429 3784 2923 3883; baseline -0.003 -23"><span class='ocrx_word' id='word_1_338' title='bbox 429 3793 805 3883; x_wconf 87' lang='lat' dir='ltr'>vestigavit,</span> <span class='ocrx_word' id='word_1_339' title='bbox 846 3793 1002 3862; x_wconf 91' lang='lat' dir='ltr'>licet</span> <span class='ocrx_word' id='word_1_340' title='bbox 1048 3793 1326 3872; x_wconf 89' lang='lat' dir='ltr'>frustra,</span> <span class='ocrx_word' id='word_1_341' title='bbox 1369 3815 1536 3862; x_wconf 92' lang='lat' dir='ltr'>num</span> <span class='ocrx_word' id='word_1_342' title='bbox 1578 3792 1738 3863; x_wconf 87' lang='lat' dir='ltr'>usui</span> <span class='ocrx_word' id='word_1_343' title='bbox 1777 3815 1970 3862; x_wconf 90' lang='lat' dir='ltr'>sacro</span> <span class='ocrx_word' id='word_1_344' title='bbox 2019 3791 2330 3870; x_wconf 83' lang='lat' dir='ltr'>fortasse,</span> <span class='ocrx_word' id='word_1_345' title='bbox 2387 3793 2484 3861; x_wconf 90' lang='lat' dir='ltr'>vel</span> <span class='ocrx_word' id='word_1_346' title='bbox 2534 3791 2807 3862; x_wconf 91' lang='lat' dir='ltr'>omnino</span> <span class='ocrx_word' id='word_1_347' title='bbox 2845 3784 2923 3852; x_wconf 75' lang='lat' dir='ltr'>di·</span> 
     </span>
     <span class='ocr_line' id='line_1_41' title="bbox 429 3873 2940 3973; baseline 0.002 -23"><span class='ocrx_word' id='word_1_348' title='bbox 429 3883 653 3970; x_wconf 88' lang='lat' dir='ltr'>gniori</span> <span class='ocrx_word' id='word_1_349' title='bbox 695 3882 1090 3952; x_wconf 88' lang='lat' dir='ltr'>aedificium</span> <span class='ocrx_word' id='word_1_350' title='bbox 1140 3881 1471 3951; x_wconf 90' lang='lat' dir='ltr'>destinari</span> <span class='ocrx_word' id='word_1_351' title='bbox 1523 3894 1772 3973; x_wconf 91' lang='lat' dir='ltr'>posset.</span> <span class='ocrx_word' id='word_1_352' title='bbox 1813 3881 2141 3964; x_wconf 82' lang='lat' dir='ltr'>Quamvis</span> <span class='ocrx_word' id='word_1_353' title='bbox 2173 3903 2424 3972; x_wconf 89' lang='lat' dir='ltr'>magno</span> <span class='ocrx_word' id='word_1_354' title='bbox 2476 3900 2780 3958; x_wconf 87' lang='lat' dir='ltr'>numero,</span> <span class='ocrx_word' id='word_1_355' title='bbox 2827 3873 2940 3956; x_wconf 58' lang='lat' dir='ltr'>boel</span> 
     </span>
     <span class='ocr_line' id='line_1_42' title="bbox 429 3969 2940 4060; baseline -0.005 -21"><span class='ocrx_word' id='word_1_356' title='bbox 429 3982 530 4040; x_wconf 90' lang='lat' dir='ltr'>est</span> <span class='ocrx_word' id='word_1_357' title='bbox 561 3972 833 4041; x_wconf 89' lang='lat' dir='ltr'>circiter</span> <span class='ocrx_word' id='word_1_358' title='bbox 859 3982 1161 4052; x_wconf 87' lang='lat' dir='ltr'>centum,</span> <span class='ocrx_word' id='word_1_359' title='bbox 1199 3970 1350 4059; x_wconf 90' lang='lat' dir='ltr'>ejus</span> <span class='ocrx_word' id='word_1_360' title='bbox 1384 3970 1743 4040; x_wconf 91' lang='lat' dir='ltr'>domestici</span> <span class='ocrx_word' id='word_1_361' title='bbox 1773 3983 2021 4052; x_wconf 88' lang='lat' dir='ltr'>essent,</span> <span class='ocrx_word' id='word_1_362' title='bbox 2051 3970 2277 4040; x_wconf 85' lang='lat' dir='ltr'>exibat</span> <span class='ocrx_word' id='word_1_363' title='bbox 2313 3969 2715 4060; x_wconf 87' lang='lat' dir='ltr'>plerumque</span> <span class='ocrx_word' id='word_1_364' title='bbox 2738 3977 2940 4036; x_wconf 79' lang='lat' dir='ltr'>tamen</span> 
     </span>
     <span class='ocr_line' id='line_1_43' title="bbox 432 4051 2916 4149; baseline -0.005 -22"><span class='ocrx_word' id='word_1_365' title='bbox 432 4059 671 4147; x_wconf 88' lang='lat' dir='ltr'>paucis</span> <span class='ocrx_word' id='word_1_366' title='bbox 703 4061 1104 4140; x_wconf 87' lang='lat' dir='ltr'>comitatus;</span> <span class='ocrx_word' id='word_1_367' title='bbox 1142 4058 1300 4129; x_wconf 87' lang='lat' dir='ltr'>aliis</span> <span class='ocrx_word' id='word_1_368' title='bbox 1354 4058 1489 4129; x_wconf 92' lang='lat' dir='ltr'>alio</span> <span class='ocrx_word' id='word_1_369' title='bbox 1538 4080 1785 4149; x_wconf 90' lang='lat' dir='ltr'>genere</span> <span class='ocrx_word' id='word_1_370' title='bbox 1838 4059 2310 4148; x_wconf 86' lang='lat' dir='ltr'>occupationis</span> <span class='ocrx_word' id='word_1_371' title='bbox 2347 4058 2674 4129; x_wconf 90' lang='lat' dir='ltr'>ecclesiae</span> <span class='ocrx_word' id='word_1_372' title='bbox 2715 4051 2916 4124; x_wconf 69' lang='lat' dir='ltr'>caussa</span> 
     </span>
     <span class='ocr_line' id='line_1_44' title="bbox 431 4142 2911 4239; baseline -0.002 -23"><span class='ocrx_word' id='word_1_373' title='bbox 431 4147 688 4218; x_wconf 90' lang='lat' dir='ltr'>utiliter</span> <span class='ocrx_word' id='word_1_374' title='bbox 734 4148 1104 4239; x_wconf 90' lang='lat' dir='ltr'>impeditis,</span> <span class='ocrx_word' id='word_1_375' title='bbox 1142 4150 1290 4238; x_wconf 89' lang='lat' dir='ltr'>ipse</span> <span class='ocrx_word' id='word_1_376' title='bbox 1328 4169 1484 4218; x_wconf 89' lang='lat' dir='ltr'>vero</span> <span class='ocrx_word' id='word_1_377' title='bbox 1519 4170 1739 4235; x_wconf 91' lang='lat' dir='ltr'>neque</span> <span class='ocrx_word' id='word_1_378' title='bbox 1771 4168 2138 4217; x_wconf 92' lang='lat' dir='ltr'>numerum</span> <span class='ocrx_word' id='word_1_379' title='bbox 2174 4147 2508 4237; x_wconf 87' lang='lat' dir='ltr'>majorem</span> <span class='ocrx_word' id='word_1_380' title='bbox 2562 4142 2911 4236; x_wconf 75' lang='lat' dir='ltr'>respuebat,</span> 
     </span>
     <span class='ocr_line' id='line_1_45' title="bbox 374 4221 2913 4331; baseline -0.001 -28"><span class='ocrx_word' id='word_1_381' title='bbox 374 4251 382 4258; x_wconf 58' lang='lat'>⁴</span> <span class='ocrx_word' id='word_1_382' title='bbox 432 4257 653 4323; x_wconf 91' lang='lat' dir='ltr'>neque</span> <span class='ocrx_word' id='word_1_383' title='bbox 693 4237 895 4306; x_wconf 90' lang='lat' dir='ltr'>etiam</span> <span class='ocrx_word' id='word_1_384' title='bbox 950 4239 1360 4327; x_wconf 90' lang='lat' dir='ltr'>paucitatem</span> <span class='ocrx_word' id='word_1_385' title='bbox 1412 4237 1707 4327; x_wconf 89' lang='lat' dir='ltr'>graviter</span> <span class='ocrx_word' id='word_1_386' title='bbox 1754 4237 2173 4325; x_wconf 80' lang='lat' dir='ltr'>accipiebat3</span> <span class='ocrx_word' id='word_1_387' title='bbox 2225 4258 2432 4323; x_wconf 92' lang='lat' dir='ltr'>quam</span> <span class='ocrx_word' id='word_1_388' title='bbox 2489 4237 2802 4331; x_wconf 74' lang='lat' dir='ltr'>pertinere</span> <span class='ocrx_word' id='word_1_389' title='bbox 2849 4221 2913 4294; x_wconf 77' lang='lat' dir='ltr'>ad</span> 
     </span>
     <span class='ocr_line' id='line_1_46' title="bbox 432 4322 2913 4415; baseline -0.003 -25"><span class='ocrx_word' id='word_1_390' title='bbox 432 4322 876 4393; x_wconf 86' lang='lat' dir='ltr'>christianam</span> <span class='ocrx_word' id='word_1_391' title='bbox 930 4325 1331 4394; x_wconf 89' lang='lat' dir='ltr'>modestiam</span> <span class='ocrx_word' id='word_1_392' title='bbox 1386 4325 1814 4415; x_wconf 87' lang='lat' dir='ltr'>intelligeret,</span> <span class='ocrx_word' id='word_1_393' title='bbox 1872 4325 1940 4393; x_wconf 93' lang='lat' dir='ltr'>in</span> <span class='ocrx_word' id='word_1_394' title='bbox 1980 4346 2119 4412; x_wconf 93' lang='lat' dir='ltr'>quo</span> <span class='ocrx_word' id='word_1_395' title='bbox 2162 4347 2297 4395; x_wconf 91' lang='lat' dir='ltr'>non</span> <span class='ocrx_word' id='word_1_396' title='bbox 2344 4323 2796 4414; x_wconf 77' lang='lat' dir='ltr'>occupationis</span> <span class='ocrx_word' id='word_1_397' title='bbox 2833 4331 2913 4382; x_wconf 87' lang='lat' dir='ltr'>so-</span> 
     </span>
     <span class='ocr_line' id='line_1_47' title="bbox 435 4411 2909 4504; baseline 0.002 -25"><span class='ocrx_word' id='word_1_398' title='bbox 435 4411 577 4481; x_wconf 90' lang='lat' dir='ltr'>lum</span> <span class='ocrx_word' id='word_1_399' title='bbox 619 4413 1109 4494; x_wconf 87' lang='lat' dir='ltr'>necessitatem,</span> <span class='ocrx_word' id='word_1_400' title='bbox 1164 4414 1279 4483; x_wconf 90' lang='lat' dir='ltr'>sed</span> <span class='ocrx_word' id='word_1_401' title='bbox 1320 4413 1806 4503; x_wconf 87' lang='lat' dir='ltr'>negligentiam</span> <span class='ocrx_word' id='word_1_402' title='bbox 1867 4435 2141 4501; x_wconf 88' lang='lat' dir='ltr'>quoque</span> <span class='ocrx_word' id='word_1_403' title='bbox 2181 4435 2383 4504; x_wconf 89' lang='lat' dir='ltr'>saepe</span> <span class='ocrx_word' id='word_1_404' title='bbox 2438 4413 2720 4484; x_wconf 84' lang='lat' dir='ltr'>serebat:</span> <span class='ocrx_word' id='word_1_405' title='bbox 2772 4419 2909 4491; x_wconf 84' lang='lat' dir='ltr'>quae</span> 
     </span>
    </p>
   </div>
   <div class='ocr_carea' id='block_1_3' title="bbox 2862 1394 2951 2999">
    <p class='ocr_par' dir='ltr' id='par_1_3' title="bbox 2862 1394 2951 2999">
     <span class='ocr_line' id='line_1_48' title="bbox 2873 1394 2950 1726; baseline 0 -21"><span class='ocrx_word' id='word_1_406' title='bbox 2873 1394 2950 1726; x_wconf 95' lang='lat' dir='ltr'>     </span> 
     </span>
     <span class='ocr_line' id='line_1_49' title="bbox 2875 1726 2950 1965; baseline 0.067 -85"><span class='ocrx_word' id='word_1_407' title='bbox 2875 1726 2950 1965; x_wconf 95' lang='lat' dir='ltr'>    </span> 
     </span>
     <span class='ocr_line' id='line_1_50' title="bbox 2882 1992 2951 2259; baseline 0 -109"><span class='ocrx_word' id='word_1_408' title='bbox 2882 1992 2951 2259; x_wconf 95' lang='lat' dir='ltr'>    </span> 
     </span>
     <span class='ocr_line' id='line_1_51' title="bbox 2876 2259 2948 2605; baseline 0 -196"><span class='ocrx_word' id='word_1_409' title='bbox 2876 2259 2948 2605; x_wconf 95' lang='lat' dir='ltr'>      </span> 
     </span>
     <span class='ocr_line' id='line_1_52' title="bbox 2862 2605 2949 2849; baseline 0 -83"><span class='ocrx_word' id='word_1_410' title='bbox 2862 2605 2949 2849; x_wconf 95' lang='lat' dir='ltr'>   </span> 
     </span>
     <span class='ocr_line' id='line_1_53' title="bbox 2935 2849 2949 2999; baseline 0 0"><span class='ocrx_word' id='word_1_411' title='bbox 2935 2849 2949 2999; x_wconf 95' lang='lat' dir='ltr'>   </span> 
     </span>
    </p>
   </div>
  </div>
 </body>
</html>
