2993 4837
546 331 674 394 272
1304 347 1380 391 nn
1429 346 1485 391 s.
1539 344 1778 391 canobo
1828 343 2157 391 nonnemo
2695 321 2839 387 Not.
2881 324 2906 386 l

457 432 819 501 convenire
859 429 1239 519 judicabat,
1279 450 1416 515 quo
1467 429 1687 519 magis
1728 428 2045 498 haeretici
2090 427 2444 496 detrahere
2475 438 2797 495 conantur.
2827 428 2914 493 Sa·
2948 463 2950 466 ·

458 532 828 601 eramenta,
854 540 1151 607 quorum
1184 530 1284 587 est
1329 519 1530 587 etiam
1570 518 2120 608 presbyterorum
2158 515 2673 594 administratio,
2701 514 2916 613 saepius

457 609 607 710 ipse
641 624 865 678 tamen
914 607 1169 677 obivit:
1224 606 1676 697 Baptismum,
1731 619 1904 676 stato
1953 619 2255 694 tempore
2301 603 2633 683 Paschali,
2674 604 2745 670 ad
2779 602 2920 671 simi-

463 697 824 767 litudinem
861 696 1126 782 antiqui
1166 696 1363 775 ritus,
1419 717 1558 781 quo
1598 708 1898 785 tempore
1937 694 2229 763 civitatis
2264 692 2555 762 infantes
2580 691 2835 779 jubebat
2862 688 2922 756 nd

461 786 530 855 id
568 786 931 855 reservari:
989 799 1331 875 praeterea
1381 783 1949 870 quotiescumque
1998 796 2299 873 rogatus,
2349 781 2575 871 pietati
2626 780 2740 849 viri
2785 778 2926 868 prin·

461 875 637 964 cipis
677 873 979 961 alicujus
1010 896 1087 942 ea
1124 873 1191 941 in
1226 895 1297 942 re
1330 871 1891 942 satisfaciendum
1946 875 2251 961 putabat.
2306 869 2760 940 Eucharistiae
2789 886 2928 956 prae·

464 963 727 1033 bendae
775 961 1041 1032 labores
1078 962 1225 1051 jam
1293 962 1610 1051 pluribus
1656 961 2012 1051 attigimus
2072 960 2280 1030 locis:
2333 974 2477 1029 erat
2536 957 2714 1027 enim
2773 956 2830 1024 in
2886 981 2943 1022 ιιι,

462 1074 710 1144 genere
756 1050 1098 1139 frequens
1151 1051 1641 1119 Poenitentiam
1693 1050 2039 1119 interdum
2085 1049 2499 1127 ministrare,
2558 1047 2643 1115 ab
2679 1046 2943 1135 Episco

463 1140 685 1210 officio
718 1139 1020 1209 alienum
1067 1161 1200 1208 non
1241 1139 1542 1228 putavit:
1579 1152 1638 1207 et
1675 1139 2046 1228 Episcopus
2079 1136 2608 1218 commendavit,
2647 1132 2935 1206 Nicolau

467 1235 1014 1309 Cremonensem,
1068 1229 1564 1316 Hieronymum
1616 1232 2188 1318 Bergomensem,
2247 1227 2686 1295 Franciscum
2735 1227 2811 1291 Ve
2851 1237 2911 1282 »ν’

467 1320 751 1399 lensem,
804 1340 961 1387 cum
1007 1316 1074 1385 id
1126 1315 1538 1402 quandoque
1586 1315 1946 1397 fecissent;
1999 1337 2205 1401 seque
2256 1313 2434 1383 idem
2498 1312 2668 1381 velle
2715 1312 2917 1381 demo

470 1407 727 1486 stravit,
776 1405 952 1486 licet,
1005 1404 1188 1492 quod
1246 1405 1459 1473 sciam
1521 1426 1874 1492 nunquam
1933 1403 2307 1491 perfecerit,
2354 1403 2751 1471 Unctionetn
2781 1411 2917 1467 ext

475 1518 653 1564 mam
703 1494 938 1564 tribuit
974 1493 1394 1583 pestilentiae
1438 1507 1760 1582 tempore,
1823 1494 2022 1563 sicuti
2076 1505 2427 1561 narratum
2469 1504 2615 1571 est;
2658 1488 2834 1559 matri
2871 1509 2925 1548 ιι·

469 1585 660 1653 nium
693 1583 966 1672 saepius
993 1582 1379 1664 celebravit;
1412 1582 1617 1668 idque
1650 1582 1938 1651 libenter
1971 1581 2319 1671 primariis
2351 1580 2515 1649 viris
2546 1577 2896 1649 concedebat

467 1686 639 1741 utea
670 1672 775 1739 via
806 1682 1092 1760 sponsos
1115 1671 1195 1740 ad
1227 1671 1742 1740 matrimonium
1774 1682 2002 1741 sancte
2028 1667 2576 1739 contrahendum
2613 1666 2856 1736 adduce
2883 1691 2927 1734 ἰτ

473 1760 1094 1847 immoderatasque
1126 1759 1469 1829 cohiberet
1508 1761 1903 1860 nuptiarum
1958 1758 2356 1848 voluptates.
2883 1839 2894 1851 ς

564 1854 600 1937 ξ
651 1853 817 1919 991.
871 1850 1034 1935 Ejus
1081 1861 1224 1917 erat
1273 1871 1405 1917 non
1457 1846 1796 1919 dissimile
1832 1848 2135 1918 studium
2175 1848 2241 1915 in
2299 1867 2670 1914 munerum
2722 1843 2925 1912 sunctt·

474 1938 680 2007 nibus
709 1938 1041 2025 exquisite
1079 1936 1527 2024 requirendis,
1575 1959 1750 2022 quae
1783 1935 1868 2005 ad
1907 1935 2260 2005 inferiores
2307 1934 2719 2003 clericorum
2755 1929 2909 2022 grad·

472 2027 804 2096 attinent:
859 2027 1112 2113 quibus
1163 2026 1458 2115 singulis
1515 2024 1679 2113 quid
1732 2026 2202 2115 assignaretur
2263 2022 2469 2092 officii
2523 2022 2834 2092 distincte
2884 2031 2917 2076 1‘-

474 2116 777 2197 claravit,
831 2129 895 2184 et
943 2136 1513 2201 unumquemque
1556 2115 1766 2201 jussit
1814 2107 2215 2203 singillatim
2269 2114 2483 2191 obire,
2538 2111 2709 2180 dum
2754 2132 2856 2200 per
2885 2137 2916 2167 ·--·

477 2204 736 2295 gradus
781 2205 1304 2294 proveheretur3
1345 2203 1467 2271 viri
1512 2224 1775 2293 graves,
1814 2203 2015 2271 etiam
2053 2201 2408 2291 dignitate,
2455 2221 2786 2290 genereve

478 2307 759 2372 stantes,
798 2292 1056 2379 quique
1113 2291 1513 2361 confirmata
1544 2346 1558 2373 ,
1622 2290 1965 2361 interdum
2016 2291 2220 2359 etiam
2282 2303 2594 2378 provecta
2647 2301 2864 2363 aetate,
2907 2332 2912 2342 -

476 2381 1019 2453 ecclesiasticum
1079 2381 1389 2450 ordinem
1435 2380 1841 2458 transibant,
1897 2378 2184 2450 humilis
2233 2392 2454 2448 tamen
2498 2377 2736 2447 clerici
2785 2396 2838 2444 m
2892 2401 2929 2435 t·

477 2472 1035 2558 exequebantur,
1108 2492 1293 2539 nunc
1341 2470 1791 2539 custodienda
1823 2525 1838 2550 ‚
1896 2468 2378 2537 mundandave
2438 2467 2730 2536 ecclesia
2766 2521 2780 2547 ,
2828 2486 2862 2532 n
2913 2508 2934 2530 2

477 2582 631 2630 aere
678 2560 1187 2628 convocationis
1237 2558 1454 2646 gratia
1510 2558 1872 2649 pulsando,
1928 2556 2101 2626 alias
2149 2556 2505 2625 vasculum
2549 2557 2778 2625 thuris
2817 2552 2910 2621 mi

481 2647 784 2728 strandO,
838 2647 1010 2716 alias
1063 2648 1478 2738 presbyteris
1528 2669 1800 2716 sacrum
1854 2646 2264 2715 facientibus
2296 2700 2310 2724 ,
2368 2643 2463 2713 vel
2519 2640 2929 2714 Eucharistia

482 2736 1058 2805 distribuentibus
1107 2736 1584 2805 inserviendo:
1648 2758 1821 2822 quae
1886 2734 2164 2821 quidem
2216 2733 2298 2802 ad
2355 2734 2592 2822 populi
2661 2733 2941 2802 docum

486 2838 656 2905 tum,
715 2824 797 2892 ad
854 2846 1200 2893 sacrorum
1254 2823 1685 2914 dignitatem,
1741 2823 1823 2892 ad
1877 2822 2175 2893 fructum
2226 2844 2461 2892 eorum
2499 2823 2619 2908 qui
2661 2820 2927 2890 facieba--

490 2912 746 2981 mirum
789 2911 1118 2999 quiddam
1157 2913 1508 2993 valebant;
1565 2934 1784 2999 neque
1816 2934 1968 2981 vero
2001 2933 2418 2998 quemquam
2471 2911 2556 2979 ad
2602 2909 2868 3000 superio
2904 2934 2943 2987 ·-,

483 3001 749 3070 ordinis
789 3001 1078 3101 gradum
1131 3001 1582 3082 admittebat,
1639 3003 1839 3091 cujus
1888 3001 1972 3070 de
2021 2999 2365 3068 inferioris
2425 2999 2783 3068 functione
2831 2993 2939 3063 ade:¹

485 3092 621 3160 bita
659 3091 1142 3190 ‘testimonium
1199 3112 1330 3159 non
1388 3091 1682 3160 videret:
1738 3089 1804 3159 id
1854 3089 2037 3176 quod
2073 3089 2274 3158 etiam
2316 3088 2723 3178 provinciali
2764 3087 2873 3155 dec
2911 3112 2925 3141 ·-

484 3191 885 3249 sanciverat.

572 3272 608 3356 ξ
655 3271 829 3338 93.
875 3272 1038 3336 Cum
1081 3267 1433 3356 permagni
1466 3266 1728 3368 ‘reserat
1776 3266 1845 3334 in
1896 3265 2218 3345 Ecclesia,
2266 3286 2442 3351 quae
2489 3263 2573 3334 de
2626 3262 2949 3333 hominib·-

486 3359 551 3426 in
607 3379 875 3427 sacrum
927 3355 1236 3425 ordinem
1283 3355 1720 3446 reciptendis,
1764 3354 1859 3422 vel
1897 3355 1980 3424 ad
2025 3376 2214 3423 sacra
2256 3375 2540 3423 munera
2583 3353 2921 3421 admitten

485 3445 875 3532 disquisitio
916 3444 1268 3524 habeatur,
1313 3443 1398 3512 de
1430 3466 1566 3530 qua
1609 3443 1902 3534 graviter
1950 3444 2291 3512 veteribus
2331 3442 2676 3511 Ecclesiae
2717 3435 2943 3510 decret'

492 3534 1016 3620 recentibusque
1068 3546 1503 3622 praeceptum
1556 3547 1701 3602 est:
1761 3546 1900 3601 tum
1953 3531 2038 3601 de
2088 3532 2420 3610 moribus,
2467 3543 2614 3600 tum
2668 3530 2754 3598 de
2791 3530 2950 3622 litte

492 3622 875 3713 periculum
930 3621 1074 3690 fieri
1139 3620 1505 3721 diligenter
1556 3621 1885 3708 jubebat:
1941 3621 2079 3691 sive
2136 3621 2293 3707 quis
2354 3619 2833 3694 ordinandus,
2881 3635 2948 3682 st,

488 3711 953 3781 ecclesiastico
1018 3732 1288 3778 muneri
1356 3724 1680 3800 perpetuo
1729 3708 2183 3799 deligendus,
2239 3708 2377 3778 sive
2422 3708 2506 3777 ad
2565 3707 2945 3778 confessio·

489 3800 893 3877 audiendaS‚
951 3800 1397 3868 concionesve
1447 3799 1800 3869 habendas
1854 3796 2323 3866 admittendus
2370 3810 2589 3879 esset3
2645 3818 2784 3883 qua
2837 3794 2894 3862 in
2948 3832 2950 3843 ·

493 3891 703 3960 nimis
751 3888 1155 3974 exquisitam
1211 3887 1554 3957 interdum
1595 3887 2057 3957 interroo'andi
2109 3885 2534 3977 diligentiam
2569 3897 2846 3972 questos
2882 3906 2947 3933 Q

498 3977 870 4048 nonnullos
929 3977 1346 4045 audivimus.
1414 3977 1647 4046 Carolo
1703 3941 1989 4062 quici'em
2054 3998 2133 4045 ea
2196 3997 2301 4043 res
2360 3972 2545 4043 cordi
2598 3974 2948 4041 vehemen·

492 4080 658 4148 erat,
714 4067 899 4135 unde
963 4064 1370 4154 populorum
1432 4065 1621 4136 salus
1673 4086 1922 4154 magna
1987 4087 2066 4133 ex
2123 4078 2314 4155 parte
2368 4061 2666 4152 pendere
2719 4059 2923 4128 videtu

493 4157 655 4226 satis
703 4167 846 4224 erat
895 4153 993 4223 illi
1048 4168 1295 4232 tamen,
1332 4169 1668 4240 quantum
1706 4156 1795 4222 rei
1832 4154 2131 4243 gravitas
2166 4165 2488 4242 posceret,
2525 4165 2788 4219 tantum
2829 4148 2885 4214 in
2936 4174 2950 4197 ·-

494 4244 654 4332 poni
700 4243 1105 4314 sedulitatis.
1161 4247 1237 4311 At
1282 4257 1425 4310 erat
1474 4243 1560 4311 ab
1607 4265 1685 4312 eo
1733 4264 2005 4329 quoque
2046 4241 2337 4320 alienus,
2378 4253 2452 4310 ut
2484 4240 2801 4326 cuiquam
2843 4236 2898 4301 in
2937 4260 2950 4289 ÷

496 4353 743 4419 genere
795 4346 1138 4416 parceret:
1199 4331 1349 4400 licet
1397 4332 1482 4399 ob
1532 4332 1953 4410 doctrinam,
2009 4331 2561 4400 auctoritatemve
2609 4320 2950 4414 quibusda

498 4418 706 4507 paulo
773 4419 1016 4486 durius
1089 4419 1472 4498 videretur,
1551 4442 1987 4489 communem
2062 4418 2503 4509 experimenti
2567 4411 2932 4486 conditione
