<?xml version="1.0" encoding="UTF-8"?>
<!DOCTYPE html PUBLIC "-//W3C//DTD XHTML 1.0 Transitional//EN"
    "http://www.w3.org/TR/xhtml1/DTD/xhtml1-transitional.dtd">
<html xmlns="http://www.w3.org/1999/xhtml" xml:lang="en" lang="en">
 <head>
  <title>
</title>
<meta http-equiv="Content-Type" content="text/html;charset=utf-8" />
  <meta name='ocr-system' content='tesseract 3.04.00' />
  <meta name='ocr-capabilities' content='ocr_page ocr_carea ocr_par ocr_line ocrx_word'/>
</head>
<body>
  <div class='ocr_page' id='page_1' title='image "./historiaeseuvit05lippgoog_0368.png"; bbox 0 0 2993 4837; ppageno 0'>
   <div class='ocr_carea' id='block_1_1' title="bbox 555 278 2956 344">
    <p class='ocr_par' dir='ltr' id='par_1_1' title="bbox 555 278 2956 344">
     <span class='ocr_line' id='line_1_1' title="bbox 555 278 2956 344; baseline -0 0"><span class='ocrx_word' id='word_1_1' title='bbox 555 281 681 344; x_wconf 74' lang='lat'>332</span> <span class='ocrx_word' id='word_1_2' title='bbox 1040 297 1116 343; x_wconf 73' lang='lat' dir='ltr'>ns</span> <span class='ocrx_word' id='word_1_3' title='bbox 1166 297 1221 343; x_wconf 90' lang='lat' dir='ltr'>s.</span> <span class='ocrx_word' id='word_1_4' title='bbox 1276 295 1676 343; x_wconf 61' lang='lat' dir='ltr'>cussiacum</span> <span class='ocrx_word' id='word_1_5' title='bbox 1723 295 2016 343; x_wconf 72' lang='lat' dir='ltr'>Attentsst‘.</span> <span class='ocrx_word' id='word_1_6' title='bbox 2072 295 2444 344; x_wconf 61' lang='lat' dir='ltr'>commissi</span> <span class='ocrx_word' id='word_1_7' title='bbox 2729 278 2885 343; x_wconf 61' lang='lat' dir='ltr'>Nor.</span> <span class='ocrx_word' id='word_1_8' title='bbox 2928 280 2956 343; x_wconf 73' lang='lat'><em>7</em></span> 
     </span>
    </p>
   </div>
   <div class='ocr_carea' id='block_1_2' title="bbox 438 380 2974 4459">
    <p class='ocr_par' dir='ltr' id='par_1_2' title="bbox 438 380 2974 4009">
     <span class='ocr_line' id='line_1_2' title="bbox 468 380 2953 470; baseline -0.001 -20"><span class='ocrx_word' id='word_1_9' title='bbox 468 384 677 452; x_wconf 84' lang='lat' dir='ltr'>fertur</span> <span class='ocrx_word' id='word_1_10' title='bbox 705 402 863 449; x_wconf 89' lang='lat' dir='ltr'>eum</span> <span class='ocrx_word' id='word_1_11' title='bbox 925 382 1056 450; x_wconf 90' lang='lat' dir='ltr'>sub</span> <span class='ocrx_word' id='word_1_12' title='bbox 1111 381 1276 470; x_wconf 88' lang='lat' dir='ltr'>pede</span> <span class='ocrx_word' id='word_1_13' title='bbox 1327 380 1691 459; x_wconf 75' lang='lat' dir='ltr'><strong>incidisse,</strong></span> <span class='ocrx_word' id='word_1_14' title='bbox 1745 380 2225 468; x_wconf 71' lang='lat' dir='ltr'>exploraturus</span> <span class='ocrx_word' id='word_1_15' title='bbox 2274 403 2362 448; x_wconf 88' lang='lat' dir='ltr'>an</span> <span class='ocrx_word' id='word_1_16' title='bbox 2414 382 2747 449; x_wconf 80' lang='lat' dir='ltr'>extinctus</span> <span class='ocrx_word' id='word_1_17' title='bbox 2793 398 2953 449; x_wconf 75' lang='lat' dir='ltr'>esset.</span> 
     </span>
     <span class='ocr_line' id='line_1_3' title="bbox 471 468 2958 558; baseline -0 -19"><span class='ocrx_word' id='word_1_18' title='bbox 471 469 718 539; x_wconf 82' lang='lat' dir='ltr'>Deinde</span> <span class='ocrx_word' id='word_1_19' title='bbox 767 468 849 538; x_wconf 91' lang='lat' dir='ltr'>ad</span> <span class='ocrx_word' id='word_1_20' title='bbox 885 490 1097 556; x_wconf 87' lang='lat' dir='ltr'>equos</span> <span class='ocrx_word' id='word_1_21' title='bbox 1147 491 1307 539; x_wconf 89' lang='lat' dir='ltr'>suos</span> <span class='ocrx_word' id='word_1_22' title='bbox 1340 469 1599 558; x_wconf 83' lang='lat' dir='ltr'>singuli</span> <span class='ocrx_word' id='word_1_23' title='bbox 1653 483 2081 547; x_wconf 68' lang='lat' dir='ltr'>revertentes,</span> <span class='ocrx_word' id='word_1_24' title='bbox 2149 469 2232 537; x_wconf 91' lang='lat' dir='ltr'>ad</span> <span class='ocrx_word' id='word_1_25' title='bbox 2296 471 2619 538; x_wconf 79' lang='lat' dir='ltr'>Comitem</span> <span class='ocrx_word' id='word_1_26' title='bbox 2678 490 2958 538; x_wconf 77' lang='lat' dir='ltr'>convene-</span> 
     </span>
     <span class='ocr_line' id='line_1_4' title="bbox 468 557 2956 648; baseline -0 -22"><span class='ocrx_word' id='word_1_27' title='bbox 468 571 649 636; x_wconf 91' lang='lat' dir='ltr'>runt,</span> <span class='ocrx_word' id='word_1_28' title='bbox 701 579 984 646; x_wconf 89' lang='lat' dir='ltr'>corpore</span> <span class='ocrx_word' id='word_1_29' title='bbox 1026 558 1339 647; x_wconf 83' lang='lat' dir='ltr'>Episcopi</span> <span class='ocrx_word' id='word_1_30' title='bbox 1388 559 1457 625; x_wconf 91' lang='lat' dir='ltr'>in</span> <span class='ocrx_word' id='word_1_31' title='bbox 1519 571 1698 627; x_wconf 86' lang='lat' dir='ltr'>terra</span> <span class='ocrx_word' id='word_1_32' title='bbox 1755 557 2008 627; x_wconf 87' lang='lat' dir='ltr'>relicto.</span> <span class='ocrx_word' id='word_1_33' title='bbox 2063 563 2332 627; x_wconf 88' lang='lat' dir='ltr'>Patrato</span> <span class='ocrx_word' id='word_1_34' title='bbox 2376 571 2558 627; x_wconf 89' lang='lat' dir='ltr'>tanto</span> <span class='ocrx_word' id='word_1_35' title='bbox 2613 557 2956 648; x_wconf 87' lang='lat' dir='ltr'>parricidio,</span> 
     </span>
     <span class='ocr_line' id='line_1_5' title="bbox 467 645 2959 735; baseline -0 -20"><span class='ocrx_word' id='word_1_36' title='bbox 467 647 778 716; x_wconf 81' lang='lat' dir='ltr'>homines</span> <span class='ocrx_word' id='word_1_37' title='bbox 816 645 995 715; x_wconf 89' lang='lat' dir='ltr'>malo</span> <span class='ocrx_word' id='word_1_38' title='bbox 1028 646 1359 716; x_wconf 84' lang='lat' dir='ltr'>daemone</span> <span class='ocrx_word' id='word_1_39' title='bbox 1393 646 1572 735; x_wconf 87' lang='lat' dir='ltr'>pleni</span> <span class='ocrx_word' id='word_1_40' title='bbox 1624 669 1782 715; x_wconf 90' lang='lat' dir='ltr'>cum</span> <span class='ocrx_word' id='word_1_41' title='bbox 1830 668 1954 716; x_wconf 86' lang='lat' dir='ltr'>suo</span> <span class='ocrx_word' id='word_1_42' title='bbox 1999 648 2278 727; x_wconf 88' lang='lat' dir='ltr'>Comite,</span> <span class='ocrx_word' id='word_1_43' title='bbox 2337 647 2547 716; x_wconf 86' lang='lat' dir='ltr'>immo</span> <span class='ocrx_word' id='word_1_44' title='bbox 2605 647 2804 716; x_wconf 88' lang='lat' dir='ltr'>totius</span> <span class='ocrx_word' id='word_1_45' title='bbox 2854 668 2959 714; x_wconf 83' lang='lat' dir='ltr'>ma·</span> 
     </span>
     <span class='ocr_line' id='line_1_6' title="bbox 471 734 2960 817; baseline 0 -14"><span class='ocrx_word' id='word_1_46' title='bbox 471 736 650 804; x_wconf 87' lang='lat' dir='ltr'>litiae</span> <span class='ocrx_word' id='word_1_47' title='bbox 690 735 921 803; x_wconf 81' lang='lat' dir='ltr'>fomite</span> <span class='ocrx_word' id='word_1_48' title='bbox 956 734 1364 817; x_wconf 77' lang='lat' dir='ltr'>recedente8‚</span> <span class='ocrx_word' id='word_1_49' title='bbox 1403 736 1675 804; x_wconf 91' lang='lat' dir='ltr'>Domini</span> <span class='ocrx_word' id='word_1_50' title='bbox 1709 735 2154 815; x_wconf 89' lang='lat' dir='ltr'>sacerdotem,</span> <span class='ocrx_word' id='word_1_51' title='bbox 2194 736 2336 804; x_wconf 89' lang='lat' dir='ltr'>acsi</span> <span class='ocrx_word' id='word_1_52' title='bbox 2373 752 2631 804; x_wconf 87' lang='lat' dir='ltr'>unctus</span> <span class='ocrx_word' id='word_1_53' title='bbox 2679 758 2801 804; x_wconf 88' lang='lat' dir='ltr'>non</span> <span class='ocrx_word' id='word_1_54' title='bbox 2829 748 2960 804; x_wconf 82' lang='lat' dir='ltr'>esset</span> 
     </span>
     <span class='ocr_line' id='line_1_7' title="bbox 466 823 2960 910; baseline 0 -19"><span class='ocrx_word' id='word_1_55' title='bbox 466 823 637 902; x_wconf 90' lang='lat' dir='ltr'>oleo,</span> <span class='ocrx_word' id='word_1_56' title='bbox 728 823 1152 910; x_wconf 86' lang='lat' dir='ltr'>reliquerunt</span> <span class='ocrx_word' id='word_1_57' title='bbox 1220 824 1286 891; x_wconf 92' lang='lat' dir='ltr'>in</span> <span class='ocrx_word' id='word_1_58' title='bbox 1338 824 1792 909; x_wconf 76' lang='lat' dir='ltr'>sterquilinio,</span> <span class='ocrx_word' id='word_1_59' title='bbox 1858 824 2047 893; x_wconf 82' lang='lat' dir='ltr'>Miles</span> <span class='ocrx_word' id='word_1_60' title='bbox 2095 838 2318 892; x_wconf 89' lang='lat' dir='ltr'>autem</span> <span class='ocrx_word' id='word_1_61' title='bbox 2381 823 2669 910; x_wconf 87' lang='lat' dir='ltr'>quidam</span> <span class='ocrx_word' id='word_1_62' title='bbox 2708 879 2722 903; x_wconf 91' lang='lat'>,</span> <span class='ocrx_word' id='word_1_63' title='bbox 2777 824 2960 892; x_wconf 77' lang='lat' dir='ltr'>Leonis</span> 
     </span>
     <span class='ocr_line' id='line_1_8' title="bbox 472 912 2960 1000; baseline 0 -21"><span class='ocrx_word' id='word_1_64' title='bbox 472 914 769 992; x_wconf 87' lang='lat' dir='ltr'>nomine,</span> <span class='ocrx_word' id='word_1_65' title='bbox 825 914 965 998; x_wconf 65' lang='lat' dir='ltr'>qui*</span> <span class='ocrx_word' id='word_1_66' title='bbox 997 913 1092 980; x_wconf 93' lang='lat' dir='ltr'>illi</span> <span class='ocrx_word' id='word_1_67' title='bbox 1130 912 1555 989; x_wconf 76' lang='lat' dir='ltr'>adhaeserat,</span> <span class='ocrx_word' id='word_1_68' title='bbox 1595 936 1753 980; x_wconf 76' lang='lat' dir='ltr'>cuin</span> <span class='ocrx_word' id='word_1_69' title='bbox 1811 915 2107 1000; x_wconf 90' lang='lat' dir='ltr'>primum</span> <span class='ocrx_word' id='word_1_70' title='bbox 2161 914 2475 982; x_wconf 83' lang='lat' dir='ltr'>detentus</span> <span class='ocrx_word' id='word_1_71' title='bbox 2509 930 2575 981; x_wconf 88' lang='lat' dir='ltr'>et</span> <span class='ocrx_word' id='word_1_72' title='bbox 2619 913 2960 981; x_wconf 82' lang='lat' dir='ltr'>vulneratus</span> 
     </span>
     <span class='ocr_line' id='line_1_9' title="bbox 472 1001 2962 1090; baseline -0 -22"><span class='ocrx_word' id='word_1_73' title='bbox 472 1002 619 1079; x_wconf 82' lang='lat' dir='ltr'>tuit,</span> <span class='ocrx_word' id='word_1_74' title='bbox 673 1001 1043 1070; x_wconf 89' lang='lat' dir='ltr'>Henricum</span> <span class='ocrx_word' id='word_1_75' title='bbox 1090 1001 1453 1070; x_wconf 89' lang='lat' dir='ltr'>Cellarium</span> <span class='ocrx_word' id='word_1_76' title='bbox 1506 1002 1589 1069; x_wconf 92' lang='lat' dir='ltr'>de</span> <span class='ocrx_word' id='word_1_77' title='bbox 1640 1001 2089 1082; x_wconf 81' lang='lat' dir='ltr'>Hemenrode,</span> <span class='ocrx_word' id='word_1_78' title='bbox 2133 1003 2250 1088; x_wconf 91' lang='lat' dir='ltr'>qui</span> <span class='ocrx_word' id='word_1_79' title='bbox 2311 1002 2598 1090; x_wconf 87' lang='lat' dir='ltr'>paulum</span> <span class='ocrx_word' id='word_1_80' title='bbox 2649 1022 2962 1089; x_wconf 77' lang='lat' dir='ltr'>praecesse·</span> 
     </span>
     <span class='ocr_line' id='line_1_10' title="bbox 474 1088 2960 1177; baseline -0 -20"><span class='ocrx_word' id='word_1_81' title='bbox 474 1104 594 1168; x_wconf 93' lang='lat' dir='ltr'>rat,</span> <span class='ocrx_word' id='word_1_82' title='bbox 652 1090 1087 1168; x_wconf 85' lang='lat' dir='ltr'>subsecutuS,</span> <span class='ocrx_word' id='word_1_83' title='bbox 1133 1090 1227 1158; x_wconf 89' lang='lat' dir='ltr'>ait</span> <span class='ocrx_word' id='word_1_84' title='bbox 1274 1090 1356 1157; x_wconf 89' lang='lat' dir='ltr'>ad</span> <span class='ocrx_word' id='word_1_85' title='bbox 1394 1111 1591 1156; x_wconf 77' lang='lat' dir='ltr'>euni:</span> <span class='ocrx_word' id='word_1_86' title='bbox 1648 1113 1682 1154; x_wconf 89' lang='lat'>«</span> <span class='ocrx_word' id='word_1_87' title='bbox 1722 1094 1889 1169; x_wconf 87' lang='lat' dir='ltr'>Heu,</span> <span class='ocrx_word' id='word_1_88' title='bbox 1926 1090 2204 1158; x_wconf 91' lang='lat' dir='ltr'>domine</span> <span class='ocrx_word' id='word_1_89' title='bbox 2239 1090 2543 1169; x_wconf 88' lang='lat' dir='ltr'>Cellarie‚</span> <span class='ocrx_word' id='word_1_90' title='bbox 2602 1091 2767 1177; x_wconf 92' lang='lat' dir='ltr'>quid</span> <span class='ocrx_word' id='word_1_91' title='bbox 2810 1088 2960 1158; x_wconf 82' lang='lat' dir='ltr'>sacie-</span> 
     </span>
     <span class='ocr_line' id='line_1_11' title="bbox 473 1177 2974 1267; baseline 0 -22"><span class='ocrx_word' id='word_1_92' title='bbox 473 1182 674 1247; x_wconf 78' lang='lat' dir='ltr'>mus?</span> <span class='ocrx_word' id='word_1_93' title='bbox 727 1178 1055 1247; x_wconf 87' lang='lat' dir='ltr'>Dominus</span> <span class='ocrx_word' id='word_1_94' title='bbox 1105 1192 1332 1246; x_wconf 91' lang='lat' dir='ltr'>noster</span> <span class='ocrx_word' id='word_1_95' title='bbox 1381 1177 1953 1267; x_wconf 76' lang='lat' dir='ltr'>Archiepiscopus</span> <span class='ocrx_word' id='word_1_96' title='bbox 2001 1180 2296 1267; x_wconf 85' lang='lat' dir='ltr'>graviter</span> <span class='ocrx_word' id='word_1_97' title='bbox 2343 1179 2752 1248; x_wconf 86' lang='lat' dir='ltr'>vulneratus</span> <span class='ocrx_word' id='word_1_98' title='bbox 2786 1194 2890 1257; x_wconf 89' lang='lat' dir='ltr'>est,</span> <span class='ocrx_word' id='word_1_99' title='bbox 2920 1190 2974 1259; x_wconf 52' lang='lat' dir='ltr'>et,</span> 
     </span>
     <span class='ocr_line' id='line_1_12' title="bbox 471 1266 2974 1357; baseline -0 -23"><span class='ocrx_word' id='word_1_100' title='bbox 471 1289 507 1334; x_wconf 89' lang='lat' dir='ltr'>a</span> <span class='ocrx_word' id='word_1_101' title='bbox 557 1267 809 1335; x_wconf 91' lang='lat' dir='ltr'>Comite</span> <span class='ocrx_word' id='word_1_102' title='bbox 843 1266 1183 1335; x_wconf 83' lang='lat' dir='ltr'>Friderico</span> <span class='ocrx_word' id='word_1_103' title='bbox 1231 1266 1544 1357; x_wconf 86' lang='lat' dir='ltr'>captivus</span> <span class='ocrx_word' id='word_1_104' title='bbox 1592 1267 1932 1337; x_wconf 87' lang='lat' dir='ltr'>abductus</span> <span class='ocrx_word' id='word_1_105' title='bbox 1965 1280 2130 1335; x_wconf 72' lang='lat' dir='ltr'>est.»</span> <span class='ocrx_word' id='word_1_106' title='bbox 2180 1268 2295 1336; x_wconf 89' lang='lat' dir='ltr'>Cui</span> <span class='ocrx_word' id='word_1_107' title='bbox 2351 1267 2489 1345; x_wconf 91' lang='lat' dir='ltr'>ille,</span> <span class='ocrx_word' id='word_1_108' title='bbox 2546 1291 2758 1357; x_wconf 85' lang='lat' dir='ltr'>supra</span> <span class='ocrx_word' id='word_1_109' title='bbox 2804 1268 2974 1353; x_wconf 57' lang='lat' dir='ltr'>quani</span> 
     </span>
     <span class='ocr_line' id='line_1_13' title="bbox 469 1355 2958 1444; baseline -0.001 -22"><span class='ocrx_word' id='word_1_110' title='bbox 469 1356 655 1423; x_wconf 91' lang='lat' dir='ltr'>credi</span> <span class='ocrx_word' id='word_1_111' title='bbox 710 1367 923 1444; x_wconf 90' lang='lat' dir='ltr'>potest</span> <span class='ocrx_word' id='word_1_112' title='bbox 981 1355 1319 1433; x_wconf 81' lang='lat' dir='ltr'>turbatuS‚</span> <span class='ocrx_word' id='word_1_113' title='bbox 1369 1355 1759 1443; x_wconf 87' lang='lat' dir='ltr'>respondit:</span> <span class='ocrx_word' id='word_1_114' title='bbox 1824 1379 1859 1421; x_wconf 85' lang='lat'><strong>«</strong></span> <span class='ocrx_word' id='word_1_115' title='bbox 1897 1356 2088 1425; x_wconf 84' lang='lat' dir='ltr'>Pium</span> <span class='ocrx_word' id='word_1_116' title='bbox 2158 1369 2292 1433; x_wconf 90' lang='lat' dir='ltr'>est,</span> <span class='ocrx_word' id='word_1_117' title='bbox 2351 1368 2424 1423; x_wconf 93' lang='lat' dir='ltr'>ut</span> <span class='ocrx_word' id='word_1_118' title='bbox 2484 1366 2958 1425; x_wconf 70' lang='lat' dir='ltr'>revertamurrt</span> 
     </span>
     <span class='ocr_line' id='line_1_14' title="bbox 472 1442 2958 1530; baseline 0.001 -21"><span class='ocrx_word' id='word_1_119' title='bbox 472 1443 826 1512; x_wconf 88' lang='lat' dir='ltr'>videamus</span> <span class='ocrx_word' id='word_1_120' title='bbox 897 1443 1059 1530; x_wconf 87' lang='lat' dir='ltr'>quid</span> <span class='ocrx_word' id='word_1_121' title='bbox 1138 1444 1315 1511; x_wconf 89' lang='lat' dir='ltr'>circa</span> <span class='ocrx_word' id='word_1_122' title='bbox 1390 1442 1583 1513; x_wconf 91' lang='lat' dir='ltr'>illum</span> <span class='ocrx_word' id='word_1_123' title='bbox 1637 1457 1919 1523; x_wconf 66' lang='lat' dir='ltr'>affatur,</span> <span class='ocrx_word' id='word_1_124' title='bbox 1993 1445 2088 1511; x_wconf 90' lang='lat' dir='ltr'>vel</span> <span class='ocrx_word' id='word_1_125' title='bbox 2139 1466 2471 1529; x_wconf 79' lang='lat' dir='ltr'>quorsum</span> <span class='ocrx_word' id='word_1_126' title='bbox 2528 1445 2958 1514; x_wconf 70' lang='lat' dir='ltr'>abducatum</span> 
     </span>
     <span class='ocr_line' id='line_1_15' title="bbox 470 1498 2958 1618; baseline -0 -18"><span class='ocrx_word' id='word_1_127' title='bbox 470 1537 774 1618; x_wconf 84' lang='lat' dir='ltr'>Cumque</span> <span class='ocrx_word' id='word_1_128' title='bbox 815 1532 1022 1600; x_wconf 90' lang='lat' dir='ltr'>simul</span> <span class='ocrx_word' id='word_1_129' title='bbox 1062 1533 1307 1601; x_wconf 88' lang='lat' dir='ltr'>reversi</span> <span class='ocrx_word' id='word_1_130' title='bbox 1362 1545 1589 1601; x_wconf 88' lang='lat' dir='ltr'>essent</span> <span class='ocrx_word' id='word_1_131' title='bbox 1636 1498 1719 1599; x_wconf 71' lang='lat' dir='ltr'>ad</span> <span class='ocrx_word' id='word_1_132' title='bbox 1760 1534 1984 1600; x_wconf 81' lang='lat' dir='ltr'>locuni</span> <span class='ocrx_word' id='word_1_133' title='bbox 2036 1533 2289 1611; x_wconf 88' lang='lat' dir='ltr'>caedis,</span> <span class='ocrx_word' id='word_1_134' title='bbox 2335 1532 2642 1601; x_wconf 88' lang='lat' dir='ltr'>audiunt</span> <span class='ocrx_word' id='word_1_135' title='bbox 2689 1533 2958 1602; x_wconf 73' lang='lat' dir='ltr'>clamores</span> 
     </span>
     <span class='ocr_line' id='line_1_16' title="bbox 469 1620 2956 1701; baseline 0 -13"><span class='ocrx_word' id='word_1_136' title='bbox 469 1620 873 1689; x_wconf 85' lang='lat' dir='ltr'>carnificum</span> <span class='ocrx_word' id='word_1_137' title='bbox 913 1620 1185 1690; x_wconf 88' lang='lat' dir='ltr'>illorum</span> <span class='ocrx_word' id='word_1_138' title='bbox 1241 1623 1304 1688; x_wconf 90' lang='lat' dir='ltr'>in</span> <span class='ocrx_word' id='word_1_139' title='bbox 1347 1642 1620 1689; x_wconf 86' lang='lat' dir='ltr'>nemore</span> <span class='ocrx_word' id='word_1_140' title='bbox 1652 1621 2057 1689; x_wconf 80' lang='lat' dir='ltr'>errantium.</span> <span class='ocrx_word' id='word_1_141' title='bbox 2113 1626 2266 1691; x_wconf 88' lang='lat' dir='ltr'>Erat</span> <span class='ocrx_word' id='word_1_142' title='bbox 2313 1623 2497 1690; x_wconf 90' lang='lat' dir='ltr'>enim</span> <span class='ocrx_word' id='word_1_143' title='bbox 2546 1645 2710 1701; x_wconf 81' lang='lat' dir='ltr'>nox,</span> <span class='ocrx_word' id='word_1_144' title='bbox 2765 1635 2956 1690; x_wconf 80' lang='lat' dir='ltr'>etcum</span> 
     </span>
     <span class='ocr_line' id='line_1_17' title="bbox 473 1708 2952 1799; baseline -0.001 -22"><span class='ocrx_word' id='word_1_145' title='bbox 473 1708 778 1796; x_wconf 87' lang='lat' dir='ltr'>undique</span> <span class='ocrx_word' id='word_1_146' title='bbox 826 1710 1458 1799; x_wconf 81' lang='lat' dir='ltr'>circumspicerent,</span> <span class='ocrx_word' id='word_1_147' title='bbox 1499 1710 1934 1778; x_wconf 79' lang='lat' dir='ltr'>offenderunt</span> <span class='ocrx_word' id='word_1_148' title='bbox 1965 1731 2217 1799; x_wconf 88' lang='lat' dir='ltr'>corpus</span> <span class='ocrx_word' id='word_1_149' title='bbox 2249 1710 2580 1798; x_wconf 84' lang='lat' dir='ltr'>martyris</span> <span class='ocrx_word' id='word_1_150' title='bbox 2614 1711 2952 1783; x_wconf 85' lang='lat' dir='ltr'>extinctum,</span> 
     </span>
     <span class='ocr_line' id='line_1_18' title="bbox 470 1797 2954 1890; baseline -0.001 -24"><span class='ocrx_word' id='word_1_151' title='bbox 470 1797 889 1877; x_wconf 85' lang='lat' dir='ltr'>confossum,</span> <span class='ocrx_word' id='word_1_152' title='bbox 926 1799 1214 1887; x_wconf 88' lang='lat' dir='ltr'>ipsoque</span> <span class='ocrx_word' id='word_1_153' title='bbox 1244 1798 1578 1886; x_wconf 86' lang='lat' dir='ltr'>adspectu</span> <span class='ocrx_word' id='word_1_154' title='bbox 1628 1798 1837 1866; x_wconf 90' lang='lat' dir='ltr'>nimis</span> <span class='ocrx_word' id='word_1_155' title='bbox 1869 1798 2318 1867; x_wconf 86' lang='lat' dir='ltr'>horrendum.</span> <span class='ocrx_word' id='word_1_156' title='bbox 2359 1798 2572 1869; x_wconf 89' lang='lat' dir='ltr'>Valde</span> <span class='ocrx_word' id='word_1_157' title='bbox 2627 1801 2833 1890; x_wconf 89' lang='lat' dir='ltr'>igitur</span> <span class='ocrx_word' id='word_1_158' title='bbox 2851 1816 2954 1865; x_wconf 84' lang='lat' dir='ltr'>con-</span> 
     </span>
     <span class='ocr_line' id='line_1_19' title="bbox 470 1885 2952 1977; baseline -0.001 -22"><span class='ocrx_word' id='word_1_159' title='bbox 470 1887 774 1965; x_wconf 89' lang='lat' dir='ltr'>sternati‚</span> <span class='ocrx_word' id='word_1_160' title='bbox 837 1887 1167 1955; x_wconf 82' lang='lat' dir='ltr'>suadente</span> <span class='ocrx_word' id='word_1_161' title='bbox 1216 1886 1539 1967; x_wconf 89' lang='lat' dir='ltr'>Cellario,</span> <span class='ocrx_word' id='word_1_162' title='bbox 1595 1909 1677 1955; x_wconf 90' lang='lat' dir='ltr'>ne</span> <span class='ocrx_word' id='word_1_163' title='bbox 1727 1909 1761 1955; x_wconf 88' lang='lat' dir='ltr'>a</span> <span class='ocrx_word' id='word_1_164' title='bbox 1815 1886 1976 1956; x_wconf 84' lang='lat' dir='ltr'>feris</span> <span class='ocrx_word' id='word_1_165' title='bbox 2034 1909 2287 1977; x_wconf 89' lang='lat' dir='ltr'>corpus</span> <span class='ocrx_word' id='word_1_166' title='bbox 2347 1890 2700 1967; x_wconf 79' lang='lat' dir='ltr'>exanime,</span> <span class='ocrx_word' id='word_1_167' title='bbox 2760 1890 2811 1957; x_wconf 87' lang='lat' dir='ltr'>si</span> <span class='ocrx_word' id='word_1_168' title='bbox 2865 1885 2952 1954; x_wconf 75' lang='lat' dir='ltr'>illic</span> 
     </span>
     <span class='ocr_line' id='line_1_20' title="bbox 470 1974 2949 2065; baseline 0 -21"><span class='ocrx_word' id='word_1_169' title='bbox 470 1989 664 2044; x_wconf 88' lang='lat' dir='ltr'>nocte</span> <span class='ocrx_word' id='word_1_170' title='bbox 702 1988 1100 2054; x_wconf 81' lang='lat' dir='ltr'>remaneret,</span> <span class='ocrx_word' id='word_1_171' title='bbox 1136 1975 1415 2065; x_wconf 83' lang='lat' dir='ltr'>indigne</span> <span class='ocrx_word' id='word_1_172' title='bbox 1449 1989 1944 2056; x_wconf 80' lang='lat' dir='ltr'>attrectaretur,</span> <span class='ocrx_word' id='word_1_173' title='bbox 1990 1976 2243 2046; x_wconf 86' lang='lat' dir='ltr'>abeunt</span> <span class='ocrx_word' id='word_1_174' title='bbox 2282 1976 2362 2044; x_wconf 89' lang='lat' dir='ltr'>ad</span> <span class='ocrx_word' id='word_1_175' title='bbox 2407 1979 2765 2065; x_wconf 88' lang='lat' dir='ltr'>proximas</span> <span class='ocrx_word' id='word_1_176' title='bbox 2792 1974 2949 2045; x_wconf 75' lang='lat' dir='ltr'>a‘edes</span> 
     </span>
     <span class='ocr_line' id='line_1_21' title="bbox 468 2064 2948 2155; baseline 0 -22"><span class='ocrx_word' id='word_1_177' title='bbox 468 2078 668 2150; x_wconf 89' lang='lat' dir='ltr'>atque</span> <span class='ocrx_word' id='word_1_178' title='bbox 718 2065 876 2133; x_wconf 90' lang='lat' dir='ltr'>inde</span> <span class='ocrx_word' id='word_1_179' title='bbox 926 2065 1152 2155; x_wconf 86' lang='lat' dir='ltr'>bigam</span> <span class='ocrx_word' id='word_1_180' title='bbox 1190 2064 1691 2143; x_wconf 88' lang='lat' dir='ltr'>stercorariam,</span> <span class='ocrx_word' id='word_1_181' title='bbox 1723 2064 2005 2151; x_wconf 86' lang='lat' dir='ltr'>quailla</span> <span class='ocrx_word' id='word_1_182' title='bbox 2039 2065 2149 2133; x_wconf 89' lang='lat' dir='ltr'>die</span> <span class='ocrx_word' id='word_1_183' title='bbox 2201 2066 2409 2135; x_wconf 82' lang='lat' dir='ltr'>fimus</span> <span class='ocrx_word' id='word_1_184' title='bbox 2437 2081 2726 2136; x_wconf 87' lang='lat' dir='ltr'>evectus</span> <span class='ocrx_word' id='word_1_185' title='bbox 2773 2065 2948 2133; x_wconf 73' lang='lat' dir='ltr'>suerat.</span> 
     </span>
     <span class='ocr_line' id='line_1_22' title="bbox 466 2151 2952 2243; baseline 0 -23"><span class='ocrx_word' id='word_1_186' title='bbox 466 2153 846 2233; x_wconf 91' lang='lat' dir='ltr'>adducunt;</span> <span class='ocrx_word' id='word_1_187' title='bbox 898 2166 963 2221; x_wconf 89' lang='lat' dir='ltr'>et</span> <span class='ocrx_word' id='word_1_188' title='bbox 1000 2174 1156 2222; x_wconf 89' lang='lat' dir='ltr'>ecce</span> <span class='ocrx_word' id='word_1_189' title='bbox 1194 2174 1446 2242; x_wconf 89' lang='lat' dir='ltr'>corpus</span> <span class='ocrx_word' id='word_1_190' title='bbox 1480 2151 1851 2222; x_wconf 79' lang='lat' dir='ltr'>clarissimi</span> <span class='ocrx_word' id='word_1_191' title='bbox 1891 2154 2246 2243; x_wconf 89' lang='lat' dir='ltr'>principis,</span> <span class='ocrx_word' id='word_1_192' title='bbox 2300 2154 2480 2239; x_wconf 92' lang='lat' dir='ltr'>quod</span> <span class='ocrx_word' id='word_1_193' title='bbox 2537 2177 2628 2224; x_wconf 83' lang='lat' dir='ltr'>ex</span> <span class='ocrx_word' id='word_1_194' title='bbox 2682 2168 2854 2243; x_wconf 90' lang='lat' dir='ltr'>parte</span> <span class='ocrx_word' id='word_1_195' title='bbox 2891 2172 2952 2217; x_wconf 65' lang='lat' dir='ltr'>ve</span> 
     </span>
     <span class='ocr_line' id='line_1_23' title="bbox 468 2242 2954 2332; baseline -0.003 -21"><span class='ocrx_word' id='word_1_196' title='bbox 468 2244 699 2311; x_wconf 88' lang='lat' dir='ltr'>stitum</span> <span class='ocrx_word' id='word_1_197' title='bbox 753 2242 1191 2328; x_wconf 84' lang='lat' dir='ltr'>reliquerant,</span> <span class='ocrx_word' id='word_1_198' title='bbox 1256 2263 1427 2330; x_wconf 90' lang='lat' dir='ltr'>pene</span> <span class='ocrx_word' id='word_1_199' title='bbox 1496 2255 1706 2310; x_wconf 86' lang='lat' dir='ltr'>totum</span> <span class='ocrx_word' id='word_1_200' title='bbox 1774 2243 2124 2329; x_wconf 88' lang='lat' dir='ltr'>reperiunt</span> <span class='ocrx_word' id='word_1_201' title='bbox 2183 2243 2472 2311; x_wconf 89' lang='lat' dir='ltr'>nudum.</span> <span class='ocrx_word' id='word_1_202' title='bbox 2527 2249 2706 2314; x_wconf 82' lang='lat' dir='ltr'>Nam</span> <span class='ocrx_word' id='word_1_203' title='bbox 2762 2252 2954 2332; x_wconf 73' lang='lat' dir='ltr'>praeter</span> 
     </span>
     <span class='ocr_line' id='line_1_24' title="bbox 467 2329 2956 2417; baseline -0.002 -18"><span class='ocrx_word' id='word_1_204' title='bbox 467 2331 816 2399; x_wconf 84' lang='lat' dir='ltr'>femoralia</span> <span class='ocrx_word' id='word_1_205' title='bbox 865 2344 927 2399; x_wconf 92' lang='lat' dir='ltr'>et</span> <span class='ocrx_word' id='word_1_206' title='bbox 962 2329 1402 2409; x_wconf 89' lang='lat' dir='ltr'>subuculam,</span> <span class='ocrx_word' id='word_1_207' title='bbox 1457 2352 1634 2417; x_wconf 89' lang='lat' dir='ltr'>quae</span> <span class='ocrx_word' id='word_1_208' title='bbox 1666 2330 1842 2400; x_wconf 90' lang='lat' dir='ltr'>collo</span> <span class='ocrx_word' id='word_1_209' title='bbox 1881 2330 2030 2415; x_wconf 87' lang='lat' dir='ltr'>ejus</span> <span class='ocrx_word' id='word_1_210' title='bbox 2079 2331 2516 2411; x_wconf 86' lang='lat' dir='ltr'>adhaerebat,</span> <span class='ocrx_word' id='word_1_211' title='bbox 2574 2332 2749 2401; x_wconf 88' lang='lat' dir='ltr'>nihil</span> <span class='ocrx_word' id='word_1_212' title='bbox 2803 2331 2854 2398; x_wconf 87' lang='lat' dir='ltr'>ei</span> <span class='ocrx_word' id='word_1_213' title='bbox 2893 2348 2956 2395; x_wconf 76' lang='lat' dir='ltr'>re-</span> 
     </span>
     <span class='ocr_line' id='line_1_25' title="bbox 470 2418 2948 2511; baseline -0.002 -23"><span class='ocrx_word' id='word_1_214' title='bbox 470 2418 843 2507; x_wconf 89' lang='lat' dir='ltr'>liquerant:</span> <span class='ocrx_word' id='word_1_215' title='bbox 883 2420 1254 2509; x_wconf 90' lang='lat' dir='ltr'>diploidem</span> <span class='ocrx_word' id='word_1_216' title='bbox 1296 2442 1449 2488; x_wconf 93' lang='lat' dir='ltr'>vero</span> <span class='ocrx_word' id='word_1_217' title='bbox 1482 2434 1547 2489; x_wconf 94' lang='lat' dir='ltr'>et</span> <span class='ocrx_word' id='word_1_218' title='bbox 1576 2421 1830 2508; x_wconf 87' lang='lat' dir='ltr'>pileum</span> <span class='ocrx_word' id='word_1_219' title='bbox 1866 2422 2018 2509; x_wconf 90' lang='lat' dir='ltr'>ejus</span> <span class='ocrx_word' id='word_1_220' title='bbox 2046 2422 2242 2510; x_wconf 87' lang='lat' dir='ltr'>juxta</span> <span class='ocrx_word' id='word_1_221' title='bbox 2282 2443 2535 2511; x_wconf 90' lang='lat' dir='ltr'>corpus</span> <span class='ocrx_word' id='word_1_222' title='bbox 2584 2423 2948 2490; x_wconf 87' lang='lat' dir='ltr'>invenerunt.</span> 
     </span>
     <span class='ocr_line' id='line_1_26' title="bbox 465 2508 2948 2609; baseline -0.002 -32"><span class='ocrx_word' id='word_1_223' title='bbox 465 2515 650 2591; x_wconf 80' lang='lat' dir='ltr'>Quae</span> <span class='ocrx_word' id='word_1_224' title='bbox 696 2508 927 2577; x_wconf 88' lang='lat' dir='ltr'>omnia</span> <span class='ocrx_word' id='word_1_225' title='bbox 978 2510 1068 2578; x_wconf 89' lang='lat' dir='ltr'>ita</span> <span class='ocrx_word' id='word_1_226' title='bbox 1116 2522 1310 2579; x_wconf 87' lang='lat' dir='ltr'>erant</span> <span class='ocrx_word' id='word_1_227' title='bbox 1358 2510 1700 2609; x_wconf 82' lang='lat' dir='ltr'>sanguine.</span> <span class='ocrx_word' id='word_1_228' title='bbox 1735 2509 1984 2578; x_wconf 85' lang='lat' dir='ltr'>infecta</span> <span class='ocrx_word' id='word_1_229' title='bbox 2017 2509 2501 2589; x_wconf 87' lang='lat' dir='ltr'>etdilacerata,</span> <span class='ocrx_word' id='word_1_230' title='bbox 2555 2525 2637 2580; x_wconf 87' lang='lat' dir='ltr'>ut</span> <span class='ocrx_word' id='word_1_231' title='bbox 2671 2527 2948 2595; x_wconf 77' lang='lat' dir='ltr'>tamquam</span> 
     </span>
     <span class='ocr_line' id='line_1_27' title="bbox 470 2596 2948 2687; baseline -0 -22"><span class='ocrx_word' id='word_1_232' title='bbox 470 2598 639 2666; x_wconf 89' lang='lat' dir='ltr'>nulli</span> <span class='ocrx_word' id='word_1_233' title='bbox 670 2597 823 2666; x_wconf 86' lang='lat' dir='ltr'>usui</span> <span class='ocrx_word' id='word_1_234' title='bbox 868 2597 1311 2667; x_wconf 88' lang='lat' dir='ltr'>accommoda</span> <span class='ocrx_word' id='word_1_235' title='bbox 1336 2596 1739 2686; x_wconf 81' lang='lat' dir='ltr'>spoliatores</span> <span class='ocrx_word' id='word_1_236' title='bbox 1789 2598 1888 2666; x_wconf 91' lang='lat' dir='ltr'>illi</span> <span class='ocrx_word' id='word_1_237' title='bbox 1928 2598 2363 2686; x_wconf 80' lang='lat' dir='ltr'>neglexerint.</span> <span class='ocrx_word' id='word_1_238' title='bbox 2399 2604 2522 2667; x_wconf 90' lang='lat' dir='ltr'>Per</span> <span class='ocrx_word' id='word_1_239' title='bbox 2567 2622 2750 2687; x_wconf 86' lang='lat' dir='ltr'>quae</span> <span class='ocrx_word' id='word_1_240' title='bbox 2792 2613 2948 2666; x_wconf 80' lang='lat' dir='ltr'>tamen</span> 
     </span>
     <span class='ocr_line' id='line_1_28' title="bbox 470 2685 2950 2771; baseline -0.002 -17"><span class='ocrx_word' id='word_1_241' title='bbox 470 2685 671 2754; x_wconf 87' lang='lat' dir='ltr'>hodie</span> <span class='ocrx_word' id='word_1_242' title='bbox 735 2685 930 2754; x_wconf 90' lang='lat' dir='ltr'>multi</span> <span class='ocrx_word' id='word_1_243' title='bbox 995 2687 1306 2757; x_wconf 86' lang='lat' dir='ltr'>sanitatis</span> <span class='ocrx_word' id='word_1_244' title='bbox 1370 2686 1698 2755; x_wconf 81' lang='lat' dir='ltr'>beneficia</span> <span class='ocrx_word' id='word_1_245' title='bbox 1756 2701 2298 2771; x_wconf 87' lang='lat' dir='ltr'>consequuntur.</span> <span class='ocrx_word' id='word_1_246' title='bbox 2362 2687 2704 2758; x_wconf 89' lang='lat' dir='ltr'>Cellarius</span> <span class='ocrx_word' id='word_1_247' title='bbox 2755 2697 2950 2755; x_wconf 83' lang='lat' dir='ltr'>vernet</span> 
     </span>
     <span class='ocr_line' id='line_1_29' title="bbox 471 2769 2952 2864; baseline -0 -24"><span class='ocrx_word' id='word_1_248' title='bbox 471 2773 665 2841; x_wconf 89' lang='lat' dir='ltr'>miles</span> <span class='ocrx_word' id='word_1_249' title='bbox 712 2787 914 2860; x_wconf 91' lang='lat' dir='ltr'>atque</span> <span class='ocrx_word' id='word_1_250' title='bbox 959 2775 1545 2864; x_wconf 82' lang='lat' dir='ltr'>eleemosynarius</span> <span class='ocrx_word' id='word_1_251' title='bbox 1593 2797 1845 2861; x_wconf 88' lang='lat' dir='ltr'>corpus</span> <span class='ocrx_word' id='word_1_252' title='bbox 1895 2775 2230 2854; x_wconf 83' lang='lat' dir='ltr'>tollenteS,</span> <span class='ocrx_word' id='word_1_253' title='bbox 2270 2787 2335 2845; x_wconf 91' lang='lat' dir='ltr'>et</span> <span class='ocrx_word' id='word_1_254' title='bbox 2378 2776 2765 2858; x_wconf 75' lang='lat' dir='ltr'>linteamini</span> <span class='ocrx_word' id='word_1_255' title='bbox 2801 2769 2952 2843; x_wconf 77' lang='lat' dir='ltr'>invol-</span> 
     </span>
     <span class='ocr_line' id='line_1_30' title="bbox 471 2859 2948 2955; baseline -0 -28"><span class='ocrx_word' id='word_1_256' title='bbox 471 2875 719 2944; x_wconf 81' lang='lat' dir='ltr'>venteS‚</span> <span class='ocrx_word' id='word_1_257' title='bbox 775 2862 1086 2932; x_wconf 87' lang='lat' dir='ltr'>vehiculo</span> <span class='ocrx_word' id='word_1_258' title='bbox 1160 2864 1663 2952; x_wconf 86' lang='lat' dir='ltr'>imposuerunt.</span> <span class='ocrx_word' id='word_1_259' title='bbox 1719 2869 2023 2950; x_wconf 79' lang='lat' dir='ltr'>Cumque</span> <span class='ocrx_word' id='word_1_260' title='bbox 2088 2864 2373 2933; x_wconf 86' lang='lat' dir='ltr'>Swelme</span> <span class='ocrx_word' id='word_1_261' title='bbox 2431 2864 2607 2935; x_wconf 89' lang='lat' dir='ltr'>illud</span> <span class='ocrx_word' id='word_1_262' title='bbox 2668 2859 2948 2955; x_wconf 73' lang='lat' dir='ltr'>perduxis·</span> 
     </span>
     <span class='ocr_line' id='line_1_31' title="bbox 438 2951 2946 3043; baseline -0.001 -24"><span class='ocrx_word' id='word_1_263' title='bbox 438 2966 640 3029; x_wconf 73' lang='lat' dir='ltr'>‘sent,</span> <span class='ocrx_word' id='word_1_264' title='bbox 693 2966 757 3021; x_wconf 91' lang='lat' dir='ltr'>et</span> <span class='ocrx_word' id='word_1_265' title='bbox 807 2952 872 3020; x_wconf 91' lang='lat' dir='ltr'>in</span> <span class='ocrx_word' id='word_1_266' title='bbox 924 2952 1211 3021; x_wconf 88' lang='lat' dir='ltr'>ecclesia</span> <span class='ocrx_word' id='word_1_267' title='bbox 1256 2974 1505 3041; x_wconf 90' lang='lat' dir='ltr'>ponere</span> <span class='ocrx_word' id='word_1_268' title='bbox 1553 2953 2032 3033; x_wconf 88' lang='lat' dir='ltr'>decrevissent,</span> <span class='ocrx_word' id='word_1_269' title='bbox 2100 2975 2232 3021; x_wconf 90' lang='lat' dir='ltr'>non</span> <span class='ocrx_word' id='word_1_270' title='bbox 2287 2955 2606 3043; x_wconf 87' lang='lat' dir='ltr'>permisit</span> <span class='ocrx_word' id='word_1_271' title='bbox 2653 2951 2946 3023; x_wconf 79' lang='lat' dir='ltr'>sacerdos.</span> 
     </span>
     <span class='ocr_line' id='line_1_32' title="bbox 468 3040 2950 3134; baseline 0.001 -28"><span class='ocrx_word' id='word_1_272' title='bbox 468 3041 1112 3109; x_wconf 87' lang='lat' dir='ltr'>contaminationem</span> <span class='ocrx_word' id='word_1_273' title='bbox 1152 3040 1476 3110; x_wconf 85' lang='lat' dir='ltr'>basilicae</span> <span class='ocrx_word' id='word_1_274' title='bbox 1530 3054 1949 3131; x_wconf 79' lang='lat' dir='ltr'>praetexenS,</span> <span class='ocrx_word' id='word_1_275' title='bbox 1985 3064 2146 3111; x_wconf 89' lang='lat' dir='ltr'>cum</span> <span class='ocrx_word' id='word_1_276' title='bbox 2180 3043 2406 3131; x_wconf 91' lang='lat' dir='ltr'>potius</span> <span class='ocrx_word' id='word_1_277' title='bbox 2441 3045 2785 3134; x_wconf 87' lang='lat' dir='ltr'>sanguine</span> <span class='ocrx_word' id='word_1_278' title='bbox 2830 3057 2950 3109; x_wconf 73' lang='lat' dir='ltr'>mar·</span> 
     </span>
     <span class='ocr_line' id='line_1_33' title="bbox 469 3129 2954 3223; baseline -0 -28"><span class='ocrx_word' id='word_1_279' title='bbox 469 3129 631 3215; x_wconf 71' lang='lat' dir='ltr'>tyris</span> <span class='ocrx_word' id='word_1_280' title='bbox 664 3129 1119 3199; x_wconf 88' lang='lat' dir='ltr'>dedicaretur.</span> <span class='ocrx_word' id='word_1_281' title='bbox 1176 3129 1299 3198; x_wconf 85' lang='lat' dir='ltr'>Sed</span> <span class='ocrx_word' id='word_1_282' title='bbox 1342 3143 1617 3220; x_wconf 93' lang='lat' dir='ltr'>propter</span> <span class='ocrx_word' id='word_1_283' title='bbox 1667 3130 1792 3198; x_wconf 86' lang='lat' dir='ltr'>hoc</span> <span class='ocrx_word' id='word_1_284' title='bbox 1825 3143 1889 3199; x_wconf 90' lang='lat' dir='ltr'>et</span> <span class='ocrx_word' id='word_1_285' title='bbox 1935 3130 2070 3199; x_wconf 87' lang='lat' dir='ltr'>alia</span> <span class='ocrx_word' id='word_1_286' title='bbox 2110 3130 2477 3216; x_wconf 86' lang='lat' dir='ltr'>quaedam,</span> <span class='ocrx_word' id='word_1_287' title='bbox 2531 3132 2791 3218; x_wconf 88' lang='lat' dir='ltr'>quibus</span> <span class='ocrx_word' id='word_1_288' title='bbox 2829 3144 2954 3223; x_wconf 64' lang='lat' dir='ltr'>mat·—</span> 
     </span>
     <span class='ocr_line' id='line_1_34' title="bbox 466 3218 2946 3309; baseline -0.001 -23"><span class='ocrx_word' id='word_1_289' title='bbox 466 3220 635 3307; x_wconf 80' lang='lat' dir='ltr'>tyris</span> <span class='ocrx_word' id='word_1_290' title='bbox 682 3219 898 3307; x_wconf 89' lang='lat' dir='ltr'>gratia</span> <span class='ocrx_word' id='word_1_291' title='bbox 948 3240 1018 3287; x_wconf 90' lang='lat' dir='ltr'>se</span> <span class='ocrx_word' id='word_1_292' title='bbox 1068 3218 1433 3308; x_wconf 85' lang='lat' dir='ltr'>indignum</span> <span class='ocrx_word' id='word_1_293' title='bbox 1488 3218 1809 3298; x_wconf 88' lang='lat' dir='ltr'>reddidit,</span> <span class='ocrx_word' id='word_1_294' title='bbox 1864 3240 2083 3305; x_wconf 90' lang='lat' dir='ltr'>usque</span> <span class='ocrx_word' id='word_1_295' title='bbox 2119 3219 2321 3289; x_wconf 87' lang='lat' dir='ltr'>hodie</span> <span class='ocrx_word' id='word_1_296' title='bbox 2372 3222 2536 3290; x_wconf 88' lang='lat' dir='ltr'>satis</span> <span class='ocrx_word' id='word_1_297' title='bbox 2599 3221 2873 3309; x_wconf 81' lang='lat' dir='ltr'>graviter</span> <span class='ocrx_word' id='word_1_298' title='bbox 2907 3233 2946 3279; x_wconf 69' lang='lat'>111</span> 
     </span>
     <span class='ocr_line' id='line_1_35' title="bbox 466 3305 2948 3398; baseline -0.002 -23"><span class='ocrx_word' id='word_1_299' title='bbox 466 3329 592 3376; x_wconf 90' lang='lat' dir='ltr'>suo</span> <span class='ocrx_word' id='word_1_300' title='bbox 640 3329 921 3396; x_wconf 87' lang='lat' dir='ltr'>corpore</span> <span class='ocrx_word' id='word_1_301' title='bbox 954 3307 1285 3376; x_wconf 88' lang='lat' dir='ltr'>divinitus</span> <span class='ocrx_word' id='word_1_302' title='bbox 1335 3307 1745 3398; x_wconf 87' lang='lat' dir='ltr'>flagellatur.</span> <span class='ocrx_word' id='word_1_303' title='bbox 1813 3312 1888 3376; x_wconf 72' lang='lat' dir='ltr'>At</span> <span class='ocrx_word' id='word_1_304' title='bbox 1932 3320 2153 3377; x_wconf 89' lang='lat' dir='ltr'>tamen</span> <span class='ocrx_word' id='word_1_305' title='bbox 2200 3309 2464 3397; x_wconf 89' lang='lat' dir='ltr'>positus</span> <span class='ocrx_word' id='word_1_306' title='bbox 2510 3324 2616 3378; x_wconf 88' lang='lat' dir='ltr'>est</span> <span class='ocrx_word' id='word_1_307' title='bbox 2660 3312 2724 3379; x_wconf 92' lang='lat' dir='ltr'>in</span> <span class='ocrx_word' id='word_1_308' title='bbox 2773 3305 2948 3392; x_wconf 63' lang='lat' dir='ltr'>eadent</span> 
     </span>
     <span class='ocr_line' id='line_1_36' title="bbox 465 3395 2945 3485; baseline 0 -21"><span class='ocrx_word' id='word_1_309' title='bbox 465 3396 668 3466; x_wconf 90' lang='lat' dir='ltr'>domo</span> <span class='ocrx_word' id='word_1_310' title='bbox 710 3398 776 3464; x_wconf 89' lang='lat' dir='ltr'>in</span> <span class='ocrx_word' id='word_1_311' title='bbox 834 3419 968 3483; x_wconf 90' lang='lat' dir='ltr'>qua</span> <span class='ocrx_word' id='word_1_312' title='bbox 1020 3408 1417 3485; x_wconf 89' lang='lat' dir='ltr'>pernoctare</span> <span class='ocrx_word' id='word_1_313' title='bbox 1462 3409 1528 3465; x_wconf 94' lang='lat' dir='ltr'>et</span> <span class='ocrx_word' id='word_1_314' title='bbox 1583 3395 1941 3465; x_wconf 89' lang='lat' dir='ltr'>comedere</span> <span class='ocrx_word' id='word_1_315' title='bbox 2008 3411 2454 3485; x_wconf 90' lang='lat' dir='ltr'>proposuerat</span> <span class='ocrx_word' id='word_1_316' title='bbox 2523 3397 2830 3467; x_wconf 86' lang='lat' dir='ltr'>sacerdos</span> <span class='ocrx_word' id='word_1_317' title='bbox 2877 3396 2945 3458; x_wconf 64' lang='lat' dir='ltr'>Det</span> 
     </span>
     <span class='ocr_line' id='line_1_37' title="bbox 469 3484 2950 3576; baseline 0.001 -26"><span class='ocrx_word' id='word_1_318' title='bbox 469 3484 683 3566; x_wconf 78' lang='lat' dir='ltr'>vivuS‚</span> <span class='ocrx_word' id='word_1_319' title='bbox 735 3484 1047 3572; x_wconf 88' lang='lat' dir='ltr'>duaeque</span> <span class='ocrx_word' id='word_1_320' title='bbox 1097 3484 1425 3554; x_wconf 86' lang='lat' dir='ltr'>candelae</span> <span class='ocrx_word' id='word_1_321' title='bbox 1476 3484 1888 3554; x_wconf 88' lang='lat' dir='ltr'>dedicationi</span> <span class='ocrx_word' id='word_1_322' title='bbox 1946 3498 2388 3575; x_wconf 89' lang='lat' dir='ltr'>praeparatae</span> <span class='ocrx_word' id='word_1_323' title='bbox 2451 3485 2595 3555; x_wconf 90' lang='lat' dir='ltr'>illic</span> <span class='ocrx_word' id='word_1_324' title='bbox 2648 3485 2950 3576; x_wconf 64' lang='lat' dir='ltr'>collocatae</span> 
     </span>
     <span class='ocr_line' id='line_1_38' title="bbox 465 3567 2949 3663; baseline -0.004 -21"><span class='ocrx_word' id='word_1_325' title='bbox 465 3588 649 3648; x_wconf 88' lang='lat' dir='ltr'>sunt,</span> <span class='ocrx_word' id='word_1_326' title='bbox 707 3596 840 3642; x_wconf 90' lang='lat' dir='ltr'>una</span> <span class='ocrx_word' id='word_1_327' title='bbox 893 3574 975 3642; x_wconf 91' lang='lat' dir='ltr'>ad</span> <span class='ocrx_word' id='word_1_328' title='bbox 1019 3587 1251 3663; x_wconf 89' lang='lat' dir='ltr'>caput,</span> <span class='ocrx_word' id='word_1_329' title='bbox 1286 3573 1496 3642; x_wconf 91' lang='lat' dir='ltr'>altera</span> <span class='ocrx_word' id='word_1_330' title='bbox 1530 3573 1612 3642; x_wconf 89' lang='lat' dir='ltr'>ad</span> <span class='ocrx_word' id='word_1_331' title='bbox 1670 3574 1898 3663; x_wconf 87' lang='lat' dir='ltr'>pedes.</span> <span class='ocrx_word' id='word_1_332' title='bbox 1946 3580 2109 3644; x_wconf 86' lang='lat' dir='ltr'>Cum</span> <span class='ocrx_word' id='word_1_333' title='bbox 2147 3589 2374 3643; x_wconf 90' lang='lat' dir='ltr'>autem</span> <span class='ocrx_word' id='word_1_334' title='bbox 2430 3575 2609 3644; x_wconf 90' lang='lat' dir='ltr'>inter</span> <span class='ocrx_word' id='word_1_335' title='bbox 2641 3597 2712 3644; x_wconf 90' lang='lat' dir='ltr'>se</span> <span class='ocrx_word' id='word_1_336' title='bbox 2744 3567 2949 3660; x_wconf 52' lang='lat' dir='ltr'>vigilias</span> 
     </span>
     <span class='ocr_line' id='line_1_39' title="bbox 469 3662 2946 3751; baseline -0.002 -21"><span class='ocrx_word' id='word_1_337' title='bbox 469 3665 684 3731; x_wconf 87' lang='lat' dir='ltr'>noctis</span> <span class='ocrx_word' id='word_1_338' title='bbox 720 3663 946 3751; x_wconf 89' lang='lat' dir='ltr'>partiti</span> <span class='ocrx_word' id='word_1_339' title='bbox 979 3676 1228 3742; x_wconf 89' lang='lat' dir='ltr'>essent,</span> <span class='ocrx_word' id='word_1_340' title='bbox 1270 3676 1334 3731; x_wconf 88' lang='lat' dir='ltr'>et</span> <span class='ocrx_word' id='word_1_341' title='bbox 1361 3662 1695 3732; x_wconf 88' lang='lat' dir='ltr'>Cellarius</span> <span class='ocrx_word' id='word_1_342' title='bbox 1720 3684 1938 3749; x_wconf 91' lang='lat' dir='ltr'>usque</span> <span class='ocrx_word' id='word_1_343' title='bbox 1972 3662 2056 3731; x_wconf 89' lang='lat' dir='ltr'>ad</span> <span class='ocrx_word' id='word_1_344' title='bbox 2096 3664 2388 3732; x_wconf 89' lang='lat' dir='ltr'>mediam</span> <span class='ocrx_word' id='word_1_345' title='bbox 2428 3679 2693 3733; x_wconf 87' lang='lat' dir='ltr'>noctem</span> <span class='ocrx_word' id='word_1_346' title='bbox 2741 3674 2946 3745; x_wconf 75' lang='lat' dir='ltr'>corporl</span> 
     </span>
     <span class='ocr_line' id='line_1_40' title="bbox 464 3747 2946 3842; baseline -0.003 -23"><span class='ocrx_word' id='word_1_347' title='bbox 464 3752 814 3830; x_wconf 83' lang='lat' dir='ltr'>assideret,</span> <span class='ocrx_word' id='word_1_348' title='bbox 874 3773 1242 3840; x_wconf 88' lang='lat' dir='ltr'>precesque</span> <span class='ocrx_word' id='word_1_349' title='bbox 1278 3751 1587 3821; x_wconf 87' lang='lat' dir='ltr'>horarias</span> <span class='ocrx_word' id='word_1_350' title='bbox 1637 3752 1871 3821; x_wconf 86' lang='lat' dir='ltr'>beatae</span> <span class='ocrx_word' id='word_1_351' title='bbox 1908 3752 2019 3820; x_wconf 90' lang='lat' dir='ltr'>Dei</span> <span class='ocrx_word' id='word_1_352' title='bbox 2052 3752 2414 3823; x_wconf 86' lang='lat' dir='ltr'>Genitricis</span> <span class='ocrx_word' id='word_1_353' title='bbox 2447 3763 2513 3821; x_wconf 87' lang='lat' dir='ltr'>et</span> <span class='ocrx_word' id='word_1_354' title='bbox 2555 3749 2835 3842; x_wconf 83' lang='lat' dir='ltr'>Virginis</span> <span class='ocrx_word' id='word_1_355' title='bbox 2861 3747 2946 3811; x_wconf 70' lang='lat' dir='ltr'>Ma·</span> 
     </span>
     <span class='ocr_line' id='line_1_41' title="bbox 466 3834 2946 3928; baseline -0.004 -20"><span class='ocrx_word' id='word_1_356' title='bbox 466 3841 603 3909; x_wconf 87' lang='lat' dir='ltr'>riae</span> <span class='ocrx_word' id='word_1_357' title='bbox 656 3840 1005 3922; x_wconf 86' lang='lat' dir='ltr'>lectitaret,</span> <span class='ocrx_word' id='word_1_358' title='bbox 1070 3842 1247 3909; x_wconf 86' lang='lat' dir='ltr'>sicut</span> <span class='ocrx_word' id='word_1_359' title='bbox 1311 3840 1649 3927; x_wconf 78' lang='lat' dir='ltr'>hodieque</span> <span class='ocrx_word' id='word_1_360' title='bbox 1698 3841 1886 3909; x_wconf 85' lang='lat' dir='ltr'>testis</span> <span class='ocrx_word' id='word_1_361' title='bbox 1923 3853 2045 3919; x_wconf 91' lang='lat' dir='ltr'>est,</span> <span class='ocrx_word' id='word_1_362' title='bbox 2124 3862 2480 3928; x_wconf 87' lang='lat' dir='ltr'>nunquam</span> <span class='ocrx_word' id='word_1_363' title='bbox 2546 3837 2796 3926; x_wconf 86' lang='lat' dir='ltr'>aliquid</span> <span class='ocrx_word' id='word_1_364' title='bbox 2837 3834 2946 3901; x_wconf 79' lang='lat' dir='ltr'>hor·</span> 
     </span>
     <span class='ocr_line' id='line_1_42' title="bbox 467 3919 2942 4009; baseline -0.003 -12"><span class='ocrx_word' id='word_1_365' title='bbox 467 3931 637 3999; x_wconf 90' lang='lat' dir='ltr'>roris</span> <span class='ocrx_word' id='word_1_366' title='bbox 685 3951 761 3998; x_wconf 84' lang='lat' dir='ltr'>ex</span> <span class='ocrx_word' id='word_1_367' title='bbox 796 3943 1112 3998; x_wconf 88' lang='lat' dir='ltr'>contactu</span> <span class='ocrx_word' id='word_1_368' title='bbox 1146 3928 1357 4009; x_wconf 91' lang='lat' dir='ltr'>illius,</span> <span class='ocrx_word' id='word_1_369' title='bbox 1392 3943 1466 3998; x_wconf 87' lang='lat' dir='ltr'>ut</span> <span class='ocrx_word' id='word_1_370' title='bbox 1496 3930 1581 3999; x_wconf 88' lang='lat' dir='ltr'>de</span> <span class='ocrx_word' id='word_1_371' title='bbox 1614 3928 2067 3998; x_wconf 86' lang='lat' dir='ltr'>cadaveribus</span> <span class='ocrx_word' id='word_1_372' title='bbox 2100 3930 2484 3999; x_wconf 87' lang='lat' dir='ltr'>occisorum</span> <span class='ocrx_word' id='word_1_373' title='bbox 2540 3930 2684 3999; x_wconf 87' lang='lat' dir='ltr'>fieri</span> <span class='ocrx_word' id='word_1_374' title='bbox 2731 3919 2942 3996; x_wconf 68' lang='lat' dir='ltr'>assolet.</span> 
     </span>
    </p>

    <p class='ocr_par' dir='ltr' id='par_1_3' title="bbox 464 4018 2964 4459">
     <span class='ocr_line' id='line_1_43' title="bbox 512 4018 2964 4106; baseline -0.003 -19"><span class='ocrx_word' id='word_1_375' title='bbox 512 4041 712 4088; x_wconf 90' lang='lat' dir='ltr'>assus</span> <span class='ocrx_word' id='word_1_376' title='bbox 746 4031 865 4088; x_wconf 90' lang='lat' dir='ltr'>est.</span> <span class='ocrx_word' id='word_1_377' title='bbox 927 4018 1117 4088; x_wconf 89' lang='lat' dir='ltr'>Haud</span> <span class='ocrx_word' id='word_1_378' title='bbox 1171 4018 1491 4096; x_wconf 89' lang='lat' dir='ltr'>dubium,</span> <span class='ocrx_word' id='word_1_379' title='bbox 1546 4018 1715 4105; x_wconf 90' lang='lat' dir='ltr'>quin</span> <span class='ocrx_word' id='word_1_380' title='bbox 1767 4039 1846 4085; x_wconf 81' lang='lat' dir='ltr'>ex</span> <span class='ocrx_word' id='word_1_381' title='bbox 1909 4019 2292 4106; x_wconf 90' lang='lat' dir='ltr'>praesentia</span> <span class='ocrx_word' id='word_1_382' title='bbox 2344 4032 2731 4087; x_wconf 89' lang='lat' dir='ltr'>sanctorum</span> <span class='ocrx_word' id='word_1_383' title='bbox 2781 4020 2964 4095; x_wconf 50' lang='lat' dir='ltr'>Ang‘*</span> 
     </span>
     <span class='ocr_line' id='line_1_44' title="bbox 466 4040 2943 4196; baseline -0.006 -22"><span class='ocrx_word' id='word_1_384' title='bbox 466 4040 685 4175; x_wconf 55' lang='lat' dir='ltr'>Forum</span> <span class='ocrx_word' id='word_1_385' title='bbox 737 4109 953 4196; x_wconf 89' lang='lat' dir='ltr'>gratia</span> <span class='ocrx_word' id='word_1_386' title='bbox 993 4108 1157 4176; x_wconf 90' lang='lat' dir='ltr'>haec</span> <span class='ocrx_word' id='word_1_387' title='bbox 1218 4107 1531 4186; x_wconf 83' lang='lat' dir='ltr'>extiterit,</span> <span class='ocrx_word' id='word_1_388' title='bbox 1585 4107 1704 4194; x_wconf 90' lang='lat' dir='ltr'>qui</span> <span class='ocrx_word' id='word_1_389' title='bbox 1755 4106 1937 4194; x_wconf 88' lang='lat' dir='ltr'>apud</span> <span class='ocrx_word' id='word_1_390' title='bbox 2014 4127 2269 4195; x_wconf 88' lang='lat' dir='ltr'>corpus</span> <span class='ocrx_word' id='word_1_391' title='bbox 2322 4107 2641 4194; x_wconf 71' lang='lat' dir='ltr'>martyris</span> <span class='ocrx_word' id='word_1_392' title='bbox 2685 4099 2943 4172; x_wconf 68' lang='lat' dir='ltr'>coelestes</span> 
     </span>
     <span class='ocr_line' id='line_1_45' title="bbox 464 4194 2938 4266; baseline -0.002 -3"><span class='ocrx_word' id='word_1_393' title='bbox 464 4196 784 4263; x_wconf 86' lang='lat' dir='ltr'>excubias</span> <span class='ocrx_word' id='word_1_394' title='bbox 832 4196 1290 4266; x_wconf 85' lang='lat' dir='ltr'>celebrabant.</span> <span class='ocrx_word' id='word_1_395' title='bbox 1356 4200 1601 4265; x_wconf 87' lang='lat' dir='ltr'>Fuerat</span> <span class='ocrx_word' id='word_1_396' title='bbox 1648 4207 1872 4264; x_wconf 87' lang='lat' dir='ltr'>autem</span> <span class='ocrx_word' id='word_1_397' title='bbox 1930 4195 1985 4263; x_wconf 91' lang='lat' dir='ltr'>is</span> <span class='ocrx_word' id='word_1_398' title='bbox 2063 4195 2402 4264; x_wconf 88' lang='lat' dir='ltr'>Henricus</span> <span class='ocrx_word' id='word_1_399' title='bbox 2466 4194 2777 4264; x_wconf 87' lang='lat' dir='ltr'>Cellarius</span> <span class='ocrx_word' id='word_1_400' title='bbox 2826 4197 2938 4253; x_wconf 73' lang='lat' dir='ltr'>ante</span> 
     </span>
     <span class='ocr_line' id='line_1_46' title="bbox 466 4283 2938 4374; baseline -0.001 -24"><span class='ocrx_word' id='word_1_401' title='bbox 466 4285 972 4352; x_wconf 88' lang='lat' dir='ltr'>conversionem</span> <span class='ocrx_word' id='word_1_402' title='bbox 1034 4285 1253 4364; x_wconf 77' lang='lat' dir='ltr'>mileS,</span> <span class='ocrx_word' id='word_1_403' title='bbox 1298 4297 1361 4352; x_wconf 91' lang='lat' dir='ltr'>et</span> <span class='ocrx_word' id='word_1_404' title='bbox 1411 4297 1596 4353; x_wconf 88' lang='lat' dir='ltr'>tanto</span> <span class='ocrx_word' id='word_1_405' title='bbox 1647 4284 1930 4354; x_wconf 88' lang='lat' dir='ltr'>fortasse</span> <span class='ocrx_word' id='word_1_406' title='bbox 1986 4283 2067 4351; x_wconf 91' lang='lat' dir='ltr'>ad</span> <span class='ocrx_word' id='word_1_407' title='bbox 2125 4283 2528 4374; x_wconf 87' lang='lat' dir='ltr'>hujusmodi</span> <span class='ocrx_word' id='word_1_408' title='bbox 2576 4302 2739 4371; x_wconf 88' lang='lat' dir='ltr'>opus</span> <span class='ocrx_word' id='word_1_409' title='bbox 2788 4290 2938 4359; x_wconf 60' lang='lat' dir='ltr'>expe·</span> 
     </span>
     <span class='ocr_line' id='line_1_47' title="bbox 467 4369 1844 4459; baseline 0.001 -23"><span class='ocrx_word' id='word_1_410' title='bbox 467 4369 670 4437; x_wconf 87' lang='lat' dir='ltr'>ditior</span> <span class='ocrx_word' id='word_1_411' title='bbox 702 4384 765 4439; x_wconf 93' lang='lat' dir='ltr'>et</span> <span class='ocrx_word' id='word_1_412' title='bbox 797 4371 1126 4441; x_wconf 90' lang='lat' dir='ltr'>audacior</span> <span class='ocrx_word' id='word_1_413' title='bbox 1174 4385 1431 4459; x_wconf 89' lang='lat' dir='ltr'>quanto</span> <span class='ocrx_word' id='word_1_414' title='bbox 1481 4373 1844 4441; x_wconf 88' lang='lat' dir='ltr'>assuetior.</span> 
     </span>
    </p>
   </div>
   <div class='ocr_carea' id='block_1_3' title="bbox 2962 3563 2968 4316">
    <p class='ocr_par' dir='ltr' id='par_1_4' title="bbox 2962 3563 2968 4316">
     <span class='ocr_line' id='line_1_48' title="bbox 2962 3563 2968 4316; baseline 0 0"><span class='ocrx_word' id='word_1_415' title='bbox 2962 3563 2968 4316; x_wconf 95' lang='lat' dir='ltr'> </span> 
     </span>
    </p>
   </div>
  </div>
 </body>
</html>
