2993 4837
540 315 668 377 500
1066 329 1144 376 nt
1191 329 1283 375 ss.
1338 329 1614 386 simoin,
1668 329 1863 377 cmm
1911 330 1987 376 m·
2034 330 2204 376 amm
2253 330 2368 377 ιιι.
2663 309 2812 376 NOV.
2850 312 2907 374 ⁴5

450 414 633 505 apud
689 428 790 495 te,
861 413 1103 503 gloria.
1172 413 1297 481 Sed
1364 425 1437 481 tu
1486 414 1807 500 benignis
1855 415 1993 483 tuis
2040 435 2166 484 nos
2206 416 2480 482 intuens
2528 411 2753 487 oculis.
2793 434 2912 480 cou-

452 524 640 574 serva
694 504 764 572 in
799 503 1021 582 nobiS,
1060 524 1236 588 quae
1274 503 1585 592 extingui
1629 525 1761 571 non
1816 515 2057 592 potest,
2098 501 2445 571 lucernam
2485 514 2749 570 tuorum
2776 522 2914 569 man·

451 599 794 662 datorum:
848 604 967 660 tua
1014 604 1240 660 autem
1295 589 1447 660 luce
1493 590 1715 680 dirige
1763 604 2034 660 nostras
2081 593 2384 662 semitas.
2424 603 2492 659 et
2539 590 2805 679 dignare
2834 610 2918 658 nos

449 681 583 750 frui
622 702 701 748 ea
730 733 749 759 ,
803 701 981 766 quae
1017 692 1120 748 est
1167 679 1237 748 in
1295 692 1380 756 te,
1424 680 1895 749 beatitudine:
1949 681 2277 767 quoniam
2328 702 2402 748 es
2458 677 2833 749 benedictus
2873 677 2916 744 in

451 768 679 839 secula
752 769 1172 837 seculorum.
1234 791 1269 834 »
1331 764 1545 854 Atque
1622 768 1738 838 ille
1783 769 2063 856 quidem
2130 768 2592 859 Agonothetae
2647 766 2924 835 emittebat

450 858 630 927 hanc
674 858 1050 947 gratiarum
1101 858 1480 934 actionem;
1525 858 1810 944 quidam
1861 871 2091 928 autem
2128 859 2378 938 scriba,
2416 858 2538 944 qui
2590 855 2827 934 aderat,
2855 854 2924 922 lit·

452 948 614 1016 teris
648 947 1001 1015 mandavit
1031 966 1209 1031 quae
1238 946 1418 1015 dicta
1455 960 1641 1015 sunt.

537 1038 575 1122 ξ
620 1040 702 1106 8.
754 1035 969 1104 lussit
1007 1047 1233 1104 autem
1271 1040 1551 1104 Praeses
1591 1034 2240 1104 commentariensis
2271 1055 2427 1103 eum
2465 1034 2786 1103 solverea
2815 1053 2928 1119 sup·

440 1123 682 1227 plicio.
720 1124 842 1193 llle
876 1144 1030 1192 vero
1069 1144 1226 1192 cum
1261 1124 1361 1192 sic
1388 1123 1683 1204 fecisset,
1711 1138 1778 1192 et
1818 1137 2151 1213 portasset
2197 1145 2354 1192 cum
2403 1124 2491 1192 iis
2521 1123 2648 1210 qui
2685 1121 2929 1190 aderant.

440 1235 587 1301 Jam
639 1212 994 1282 doloribus
1041 1211 1386 1281 defessum
1449 1226 1516 1282 et
1567 1212 1952 1282 consectum
1989 1267 2004 1290 ,
2060 1214 2128 1281 in
2183 1213 2479 1299 priorem
2531 1212 2815 1281 serentes
2852 1231 2932 1275 cu-

449 1301 767 1382 stodiam,
804 1301 1163 1389 deponunt
1190 1300 1386 1390 juxta
1437 1315 1755 1370 sanctum
1798 1302 2108 1371 Guriam.
2145 1305 2310 1370 Cum
2361 1315 2600 1369 autem
2650 1312 2817 1369 esset
2854 1303 2932 1365 No-

448 1390 752 1460 vembris
811 1390 1124 1459 decimus
1173 1391 1483 1476 quintuS,
1536 1404 1743 1459 noctu
1799 1390 2072 1460 circiter
2133 1389 2298 1480 galli
2357 1405 2653 1459 cantum
2712 1399 2932 1457 surrent

444 1480 710 1549 Judex:
761 1501 918 1548 eum
972 1500 1126 1547 vero
1176 1478 1678 1567 praecedebant
1739 1478 2093 1561 lampades
2154 1493 2218 1547 et
2279 1478 2664 1548 satellites:
2722 1489 2932 1545 etcum

446 1568 532 1637 ad
585 1566 939 1637 basilicam
995 1567 1309 1646 venisset,
1355 1589 1532 1654 quae
1579 1567 1858 1646 dicitur,
1900 1569 2018 1637 ubi
2069 1567 2619 1655 eratjudicium‚
2660 1587 2812 1635 cum
2844 1584 2929 1631 mn-

448 1678 584 1748 gno
631 1655 811 1726 fastu
861 1655 1048 1724 sedet
1120 1677 1241 1744 pro
1304 1656 1684 1726 tribunali:
1754 1670 1818 1725 et
1880 1659 2170 1725 accersit
2229 1657 2522 1725 athletas
2589 1657 2854 1725 Guriam
2897 1663 2930 1716 et

448 1756 838 1814 >emonam
889 1750 965 1813 Et
1017 1744 1126 1813 hic
1176 1745 1454 1831 quidem
1510 1746 1693 1813 venit
1732 1745 2105 1815 ambulans
2162 1746 2230 1814 in
2276 1744 2504 1814 medio
2554 1744 2863 1817 duorum,
2897 1753 2932 1802 et

445 1833 664 1902 fultus
717 1835 1077 1919 utriusque
1119 1834 1464 1903 manibus.
1521 1839 1686 1902 Nam
1727 1847 1793 1903 et
1847 1835 2200 1921 premebat
2260 1833 2515 1910 inedia,
2555 1845 2626 1901 et
2674 1830 2932 1921 gravabat

445 1939 787 2002 senectuS,
830 1923 1006 1991 bona
1066 1944 1186 2010 spe
1234 1921 1673 1991 solummodo
1720 1944 1879 1991 eum
1933 1922 2397 2013 refrigerante.
2463 1923 2720 1991 Gurias
2766 1932 2932 2050 ³¹²²&ss

446 2012 596 2100 ipse
625 2033 901 2098 quoque
949 2024 1257 2100 portatus
1305 2011 1609 2090 ducitur,
1655 2023 1731 2079 ut
1777 2011 1897 2097 qui
1940 2033 2062 2079 nec
2101 2025 2326 2100 posset
2362 2013 2660 2080 omnino
2702 2005 2928 2099 ingredl.

445 2112 679 2189 utpote
725 2099 906 2187 quod
957 2122 1074 2189 pes
1113 2100 1172 2168 ei
1225 2098 1467 2169 suisset
1507 2100 1805 2189 graviter
1843 2124 1878 2169 a
1926 2100 2201 2169 vinculo
2248 2102 2634 2170 sauciatus,
2681 2098 2769 2167 Ad
2815 2117 2886 2181 qu

446 2188 764 2259 defensor
796 2189 1197 2278 impietatis:
1255 2210 1291 2254 «
1326 2194 1493 2256 Cum
1543 2188 1725 2266 data,
1766 2190 2012 2275 inquit,
2070 2188 2275 2258 fuerit
2324 2189 2517 2258 vobis
2555 2181 2928 2277 potestasde

444 2299 546 2356 eo,
583 2278 762 2366 quod
800 2292 902 2348 est
949 2277 1140 2346 vobis
1177 2275 1640 2357 conducibile,
1686 2278 1893 2347 simul
1944 2278 2399 2347 deliberastis.
2438 2279 2654 2347 Dicite
2688 2295 2853 2364 ergo.
2876 2289 2925 2336 an

444 2367 598 2437 novi
634 2367 897 2454 aliquid
948 2367 1035 2436 sit
1066 2389 1105 2435 a
1137 2366 1328 2437 vobis
1365 2366 1923 2436 consideratum:
1981 2381 2046 2436 et
2092 2388 2178 2435 an
2236 2368 2542 2456 priorum
2593 2388 2714 2435 vos
2760 2362 2930 2455 aliqtn

445 2457 734 2526 subierit
769 2457 1217 2545 poenitentia:
1269 2468 1336 2523 et
1370 2458 1597 2542 parete
1619 2457 1847 2545 Jussui
1882 2456 2322 2525 divinissimi.
2366 2457 2473 2524 Sic
2521 2457 2718 2524 enim
2754 2466 2930 2520 vestris

442 2546 693 2633 opibus
731 2559 796 2614 et
837 2545 1410 2634 possessionibus,
1443 2545 1612 2630 quin
1646 2546 1850 2613 etiam
1891 2546 2017 2613 bac
2066 2545 2478 2614 suavissima
2517 2564 2801 2632 quoque
2833 2539 2930 2605 lucu

445 2633 792 2703 fruemini.
847 2660 873 2697 ι
927 2633 1018 2702 Ad
1074 2635 1237 2702 baec
1287 2638 1657 2733 Martyres:
1698 2656 1734 2699 «
1787 2638 2018 2707 Nemo.
2058 2634 2408 2720 inquiunt,
2443 2636 2562 2719 qui
2608 2634 2805 2722 sapit,
2836 2642 2930 2721 mtf

445 2721 800 2813 gnisecerit
843 2743 1086 2810 parum
1140 2743 1415 2790 manere
1456 2744 1525 2790 in
1579 2723 1664 2791 iis
1716 2743 1895 2808 quae
1944 2723 2192 2792 fluunt.
2238 2721 2502 2791 Sufficit
2548 2724 2740 2791 enim
2792 2717 2930 2785 nobs

446 2824 741 2898 tempus,
786 2811 967 2896 quod
1024 2811 1411 2898 praecessit,
1451 2811 1537 2879 ad
1578 2832 1747 2880 usus
1777 2832 2015 2880 eorum
2049 2825 2113 2880 et
2147 2825 2539 2901 aspectum:
2586 2832 2715 2880 nec
2753 2821 2930 2881 eorum

445 2898 704 2985 aliquid
744 2898 1240 2968 desideramus
1278 2906 1498 2981 Quam
1550 2912 1776 2968 autem
1832 2913 2117 2968 mortem
2176 2922 2358 2969 nunc
2412 2900 2616 2970 nobis
2669 2901 2912 2967 intentas

444 3009 525 3057 ea
563 3009 687 3057 nos
720 2988 801 3057 ad
850 2988 1262 3057 immortalia
1299 2990 1711 3057 transmittet
1746 2988 2212 3066 tabernacula,
2250 3005 2317 3057 et
2350 2987 2626 3070 efficiet,
2666 3002 2739 3056 ut
2768 2986 2908 3053 simu

446 3077 815 3168 participes
846 3078 1017 3167 ejus,
1055 3098 1230 3163 quae
1263 3090 1365 3145 est
1400 3076 1566 3153 illic,
1605 3077 2052 3146 beatitudinis
2090 3100 2124 3143 »
2163 3127 2295 3146 .....

535 3168 571 3254 ξ
618 3170 713 3235 9.
770 3172 934 3235 Cum
984 3188 1146 3255 ergo
1195 3165 1477 3236 vidisset
1517 3172 1796 3235 Praeses
1832 3166 2335 3235 immutabilem
2385 3187 2629 3234 eorum
2678 3172 2929 3254 constan·

449 3256 639 3337 tiam,
678 3268 745 3324 et
775 3254 1363 3342 quemadmodum
1403 3256 1468 3322 in
1510 3256 1783 3323 animae
1820 3255 2239 3323 exultatione
2286 3267 2661 3323 extremam
2697 3266 2928 3335 accepis·

451 3359 600 3415 sent
643 3344 1077 3421 sententiam,
1116 3343 1372 3412 sanctis
1409 3343 1719 3429 quidem,
1764 3348 1960 3424 DeuS‚
1999 3345 2246 3430 inquit,
2283 3364 2547 3422 eorum,
2585 3364 2758 3430 quae
2784 3339 2929 3406 fiunt.

447 3434 536 3503 sit
568 3434 933 3522 inspector,
974 3432 1156 3519 quod
1210 3454 1344 3501 non
1401 3454 1522 3521 per
1556 3454 1661 3501 me
1696 3431 2003 3501 volebam
2044 3455 2160 3502 vos
2191 3434 2364 3501 vitae
2403 3431 2609 3500 finem
2646 3430 2924 3514 accipereg

448 3520 565 3591 sed
617 3521 1061 3592 inexorabilis
1100 3522 1345 3610 jussus
1394 3542 1503 3589 me
1552 3521 1635 3590 ad
1689 3520 1756 3589 id
1814 3520 1996 3612 cogit
2044 3521 2507 3610 Imperatoris
2579 3515 2928 3610 Spicutaton

445 3622 672 3679 autem
717 3611 912 3697 jubet
958 3610 1268 3699 accipere
1318 3614 1670 3710 Martyres,
1710 3620 1775 3678 et
1828 3610 1899 3677 in
1949 3631 2164 3678 curru
2224 3610 2602 3697 imponere,
2641 3622 2703 3678 et
2748 3593 2924 3698 procul

445 3721 485 3767 a
519 3701 788 3770 civitate
836 3698 1180 3769 abducere
1218 3721 1376 3768 cum
1420 3697 1785 3778 militibus,
1815 3711 1879 3767 et
1908 3698 2009 3767 eis
2038 3698 2181 3768 illic
2217 3699 2422 3767 finem
2459 3698 2700 3767 afferre
2729 3689 2919 3792 gladio.

446 3787 572 3857 Ille
610 3802 837 3859 autem
868 3810 1024 3857 cum
1064 3810 1186 3878 per
1224 3799 1487 3877 portam
1527 3792 2029 3857 Romanensem
2071 3800 2343 3857 sanctos
2378 3800 2587 3856 noctu
2619 3783 2916 3876 edunssel·

445 3899 606 3946 cum
649 3878 831 3947 altus
878 3899 1084 3967 sopor
1147 3888 1399 3945 teneret
1455 3877 1660 3956 civeS,
1703 3876 1787 3945 ad
1839 3875 2465 3965 septemtrionalem
2522 3889 2766 3965 partem
2802 3883 2918 3960 cnjl‘

451 3967 609 4036 tatis
656 3967 939 4037 abducit
988 3967 1056 4034 in
1112 3979 1410 4035 montem
1462 3964 1945 4035 Bethelabicla.
2005 3963 2114 4033 Illi
2170 3986 2326 4033 vero
2372 3985 2532 4033 cum
2574 3965 2833 4034 fuissent
2872 3968 2917 4016 ¹ss

444 4076 524 4123 eo
557 4054 728 4133 loco,
767 4069 833 4125 et
873 4057 948 4124 «in
1004 4055 1253 4124 laetitia
1296 4053 1529 4124 cordis
1561 4066 1628 4122 et
1660 4074 1914 4145 magna
1947 4053 2164 4122 animi
2196 4053 2582 4122 constantia
2613 4075 2650 4122 e
2680 4038 2914 4119 vehiculo

445 4142 983 4225 descendissent,
1039 4165 1082 4213 a
1120 4142 1536 4233 spiculatore
1583 4155 1648 4211 et
1700 4142 1786 4211 iis
1834 4143 1955 4228 qui
2004 4141 2138 4211 sub
2187 4162 2266 4211 eo
2312 4155 2533 4221 erant,
2589 4155 2823 4227 tempus
2856 4122 2912 4195 ad

446 4233 820 4303 orationem
876 4232 1219 4323 petierunt
1248 4245 1314 4300 et
1360 4243 1799 4320 acceperunt.
1847 4230 2135 4299 Perinde
2181 4231 2392 4311 enim,
2431 4231 2573 4301 acsi
2616 4249 2734 4299 non
2773 4214 2910 4291 suffi-

445 4334 674 4387 cerent
730 4334 1069 4390 tormenta
1125 4333 1190 4390 et
1240 4321 1530 4409 sanguis
1578 4320 1663 4388 ad
1723 4319 2286 4390 intercedendum
2342 4341 2463 4409 pro
2525 4320 2662 4403 eis,
2711 4318 2909 4406 ρΙὌΡῑΕΓ

450 4426 797 4475 summam
833 4407 1235 4478 modestiam
1270 4408 1502 4478 adhuc
1542 4409 1747 4479 etiam
1781 4428 1957 4499 opus
1999 4408 2345 4479 habebant
2378 4407 2760 4498 precatione.
2787 4401 2900 4466 Cum
