2993 4837
531 293 613 353 :58
1160 306 1237 351 ns
1285 305 1377 351 ss.
1431 302 1743 351 Acmomo
1791 305 1866 349 ET
1915 300 2116 350 sociis
2163 304 2277 350 mi.
2697 285 2847 350 Nov.
2889 288 2915 349 Ξ

354 470 363 479 ,
443 407 579 461 tam
618 391 865 461 duram
916 403 980 459 et
1030 411 1341 480 asperam
1406 389 1913 458 sententiain?»
1970 388 2060 457 Ad
2122 390 2285 456 llaec
2320 389 2419 455 vir
2479 388 2584 457 ille
2630 391 2913 477 egregius,

444 503 579 550 non
620 480 791 548 iram
845 491 866 547 t
920 478 1118 557 ranni
1152 478 1506 559 reveritus,
1536 500 1658 547 nec
1693 477 1777 545 de
1810 478 1959 565 ejus
1995 489 2320 567 potestate
2353 476 2717 547 sollicitus:
2749 477 2918 559 «Quid

441 591 619 649 ver0,
663 589 843 655 quan
902 591 940 638 o
975 590 1208 637 verum
1239 567 1484 636 dixerit
1531 566 1906 655 quispiam,
1942 589 1981 636 o
2017 572 2177 645 Rex,
2213 579 2273 635 te
2310 589 2392 634 ne
2425 565 2746 656 oportebit
2777 565 2921 634 illico

442 658 690 727 irasci?
725 681 760 723 ))
816 656 1066 726 Deinde
1113 657 1315 725 etiam
1371 657 1647 725 intuens
1681 655 1761 724 ad
1793 676 2054 736 omnes,
2091 654 2207 742 qui
2252 654 2559 735 aderant,
2599 666 2924 723 senatores:

443 772 478 812 «
516 752 638 815 Per
693 746 1009 826 salutem,
1073 745 1328 831 inquit,
1386 758 1681 815 vestrum
1734 744 2074 824 omnium,
2145 744 2261 813 tali
2312 744 2455 814 viro
2510 743 2671 812 nibil
2719 757 2928 832 oportet

444 835 881 925 respondere.
927 835 1279 916 Quomodo
1313 833 1494 902 enim
1554 855 1777 902 veram
1834 833 2123 923 accipiet
2170 834 2575 913 orationem,
2636 855 2799 919 quae
2850 831 2928 899 su·

443 946 592 993 rore
644 923 892 1014 repleta
943 937 1065 1003 est,
1120 924 1457 991 animai»
1513 927 1791 1010 Propter
1841 922 2006 991 haec
2056 927 2419 1009 Tyrannus
2481 922 2577 990 ira
2643 923 2927 1011 repletus.

442 1014 565 1090 ira,
624 1013 931 1099 inquam,
984 1012 1065 1080 ad
1120 1010 1648 1080 similitudinem
1695 1010 2055 1099 serpentis,
2098 1024 2169 1080 ut
2201 1010 2370 1079 dicit
2417 1024 2694 1081 sanctus
2743 1009 2929 1085 David,

446 1102 697 1172 milites
735 1102 933 1190 jubet
992 1115 1169 1170 stare
1221 1122 1341 1190 pro
1408 1100 1699 1180 foribus,
1754 1112 1827 1168 ut
1874 1121 2012 1179 eos,
2070 1100 2187 1186 qui
2251 1100 2310 1167 ei
2365 1099 2841 1189 repugnabant,
2891 1112 2936 1165 et

445 1191 747 1280 primum
784 1189 1094 1259 omnium
1148 1189 1713 1277 Elpidephorum,
1767 1211 1930 1257 ense
1976 1188 2364 1258 conficeret.
2419 1187 2706 1269 Quidam
2754 1201 2936 1255 autem

441 1278 889 1359 CallistratuS,
941 1301 1098 1347 cum
1150 1291 1329 1347 esset
1376 1278 1539 1367 Regi
1589 1277 2092 1357 amicissitnuS‚
2145 1300 2301 1345 eum
2346 1278 2522 1346 collo
2579 1276 2928 1365 amplexus,

442 1368 681 1437 orabat
716 1379 787 1436 ut
838 1366 1005 1435 iram
1061 1368 1480 1456 reprimeret.
1537 1371 1786 1435 Omnes
1839 1388 1993 1434 vero
2042 1365 2250 1434 simul
2320 1366 2528 1435 libere
2588 1366 2934 1453 loquentes:

444 1480 479 1521 «
547 1456 923 1526 Miserrime
985 1460 1299 1544 Regum,
1384 1455 1744 1535 dicebant,
1820 1455 2052 1543 pulcre
2129 1456 2303 1523 scies
2377 1477 2498 1525 nos
2548 1477 2681 1524 non
2747 1452 2936 1522 eadem

441 1567 617 1631 quae
652 1557 746 1623 tu,
801 1545 1075 1623 sentire,
1137 1566 1355 1630 neque
1385 1545 1704 1613 similiter
1736 1545 1908 1612 tueri
1944 1544 2435 1631 impietatem.»
2487 1548 2560 1612 Et
2614 1545 2772 1613 haec
2814 1563 2932 1608 cuin

443 1633 797 1713 dixissent,
837 1632 1148 1702 exierunt
1185 1656 1263 1701 eo
1314 1633 1410 1702 sie
1463 1633 1718 1702 relicto.
1766 1632 1888 1701 Sed
1944 1632 2098 1713 ille,
2150 1655 2306 1700 cum
2359 1646 2534 1702 esset
2586 1655 2738 1711 nox,
2787 1626 2938 1700 etad

441 1744 784 1791 summam
826 1722 1010 1792 silius
1050 1722 1510 1800 tenebrarum,
1549 1721 1791 1790 habuit
1844 1736 2132 1801 noctem,
2168 1743 2367 1809 opem
2413 1721 2738 1790 ferentem
2777 1719 2938 1788 rebus

448 1810 789 1898 pessimis,
827 1824 891 1879 et
931 1833 1087 1878 cum
1146 1812 1444 1899 primum
1505 1810 1862 1890 illuxisset,
1918 1810 2163 1880 sedens
2217 1832 2336 1899 pro
2387 1809 2741 1890 tribunali,
2786 1807 2938 1897 jubet

450 1913 580 1967 tres
624 1899 840 1968 fossas
873 1899 1100 1979 effodi,
1144 1912 1208 1968 et
1260 1901 1325 1967 in
1382 1922 1496 1968 eas
1556 1899 1827 1968 immitti
1886 1898 2139 1968 bestias
2185 1912 2250 1967 et
2298 1912 2674 1988 serpentes,
2725 1912 2787 1968 et
2829 1918 2940 1967 san·

445 2000 630 2057 ctum
685 1988 1114 2077 Acindynum
1152 2012 1308 2057 cum
1347 1989 1492 2057 suis
1537 1988 1602 2056 in
1638 2010 1753 2057 eas
1804 1988 2019 2077 injici.

533 2078 569 2162 ἓ
619 2082 764 2149 12.
821 2082 1181 2163 Postquam
1234 2100 1396 2166 ergo
1432 2082 1715 2146 Sanc-tos
1753 2076 2362 2156 coimmisissent,
2423 2083 2618 2157 Deus,
2681 2084 2944 2146 Deusno·

444 2176 601 2245 ster,
642 2166 732 2234 ad
781 2168 947 2235 tede
980 2169 1125 2234 luce
1154 2168 1547 2255 vigilamus
1592 2165 1973 2253 psallebant
2017 2171 2366 2254 Martyres,
2410 2168 2624 2235 sitivit
2669 2177 2731 2235 te
2764 2164 2942 2234 am'ma

446 2266 697 2333 nostra,
734 2257 946 2323 sitivit
992 2260 1197 2323 Deum
1240 2257 1469 2323 vivum
1519 2266 1578 2323 et
1625 2257 1888 2341 sortem.
1942 2256 2072 2323 Sed
2119 2265 2190 2321 tu
2228 2257 2339 2343 sac
2389 2256 2720 2325 nobiscum
2769 2271 2948 2321 conve·

444 2345 700 2411 nienter
740 2355 896 2412 tuae
928 2344 1450 2423 mansuetudini,
1494 2354 1554 2411 et
1605 2344 1768 2412 educ
1803 2366 1917 2411 nos
1951 2344 2029 2412 de
2087 2347 2111 2411 l
2288 2344 2626 2412 miseriae.
2671 2341 2942 2428 Quoniam

445 2435 727 2523 bem'qna
778 2444 871 2502 est
918 2434 1378 2502 misericordia
1424 2443 1565 2511 teta,
1605 2444 1666 2500 et
1699 2435 1956 2501 bonitas
2002 2456 2087 2523 qu
2259 2457 2349 2501 on
2403 2444 2614 2523 potest
2674 2429 2946 2523 eac-primi.

451 2522 731 2590 Interim
790 2533 1013 2590 autem
1086 2522 1249 2591 dum
1319 2534 1780 2607 precarentur,
1843 2520 2188 2610 splendidi
2255 2535 2696 2591 accesserunt
2742 2516 2946 2609 angeli,

451 2610 658 2678 veluti
706 2609 1124 2694 quibusdam
1165 2610 1373 2698 virgis
1429 2609 1665 2679 ferreis
1697 2610 1949 2680 bestias
1998 2611 2373 2698 abigenteS,
2427 2624 2492 2678 et
2527 2628 2948 2697 unumquem-

450 2720 583 2783 que
632 2720 677 2768 e
718 2699 983 2766 Sanctis
1038 2721 1245 2767 manu
1296 2700 1731 2788 accipientes,
1771 2722 1885 2767 eos
1935 2698 2205 2768 illaesos
2244 2721 2278 2766 e
2337 2699 2536 2770 fossis
2582 2699 2948 2768 eduxerunt.

452 2785 575 2855 Sed
638 2791 771 2855 Rex
821 2809 977 2856 cum
1052 2802 1388 2875 oporteret
1446 2811 1688 2857 rursus
1738 2788 1984 2856 Christi
2049 2787 2428 2877 intelligere
2481 2789 2867 2876 potentiam,
2907 2793 2952 2879 εζῑ

450 2896 716 2944 cessare
775 2876 1146 2961 aliquando
1208 2876 1514 2966 aggredi,
1569 2899 1744 2963 quae
1795 2899 1927 2945 non
2000 2890 2289 2966 possunt
2348 2875 2563 2957 effici,
2639 2876 2752 2945 ille
2790 2878 2959 2965 jussit

453 2969 734 3032 Sanctos
769 2985 1008 3033 rursus
1058 2987 1431 3054 suspensos
1474 2966 1690 3034 caedi.
1732 2971 1895 3034 Cum
1956 2979 2181 3035 autem
2237 2964 2516 3034 vidisset
2563 2986 2798 3035 eorum
2849 2982 2954 3029 car¹

453 3075 572 3120 nes
614 3053 851 3122 multis
911 3053 1095 3121 horis
1144 3053 1528 3133 conscindi,
1591 3053 1883 3140 fortique
1920 3066 1984 3123 et
2024 3075 2353 3143 generoso
2402 3055 2634 3122 animo
2689 3054 2959 3124 resistere

450 3142 971 3222 certaminibuS,
1007 3142 1205 3232 jubet
1259 3165 1374 3214 eos
1430 3166 1465 3214 e
1509 3143 1717 3232 lignis
1764 3142 2040 3231 deponi,
2080 3156 2144 3210 et
2199 3143 2297 3211 eis
2343 3144 2565 3233 capita
2620 3137 2953 3233 amputari.

453 3236 603 3319 [pse
643 3232 825 3299 enim
870 3232 1087 3320 magis
1135 3245 1278 3301 erat
1310 3231 1622 3300 defessus
1671 3232 2014 3300 intentans
2063 3231 2431 3320 supplicia,
2486 3254 2695 3318 quam
2750 3237 2959 3314 Many*

452 3342 557 3389 res
598 3320 1013 3388 sustinentes
1061 3342 1139 3388 ea
1195 3342 1369 3407 quae
1420 3321 1976 3390 intentabantur:
2021 3334 2084 3389 et
2131 3343 2402 3389 summa
2456 3319 2854 3390 fortitudine
2894 3315 2959 3381 vi*

449 3422 692 3477 cerunt
735 3407 829 3476 illi
892 3409 1227 3477 infinitam
1289 3408 1787 3478 crudelitatem.
1844 3415 2006 3479 Cum
2068 3410 2211 3498 jam
2276 3423 2501 3478 autem
2572 3409 2653 3477 ad
2715 3419 2959 3477 mortem

451 3497 993 3576 abducerentur,
1047 3498 1164 3585 qui
1212 3498 1298 3566 ab
1356 3498 1456 3566 eis
1509 3497 1876 3567 illuminati
1933 3498 2203 3567 fuerant
2250 3498 2331 3566 ad
2388 3499 2733 3588 pietatem,
2789 3487 2959 3565 simul

451 3609 608 3654 cum
649 3599 915 3664 senatu,
974 3586 1319 3654 Dimittitis
1371 3609 1518 3664 nos,
1581 3586 1922 3665 dicebant,
1982 3611 2021 3655 o
2077 3587 2387 3655 doctores
2450 3587 2741 3675 pietatis,
2788 3593 2959 3672 supet*

452 3674 844 3744 cathedram
895 3674 1313 3761 pestilentiae
1366 3675 1430 3743 in
1487 3676 1710 3745 medio
1749 3675 2075 3746 ecclesiae
2128 3674 2683 3765 malignantium,
2724 3663 2959 3743 eumad

458 3785 849 3832 mensuram
904 3765 1141 3831 aetatis
1179 3764 1243 3831 in
1284 3764 1546 3833 Christo
1584 3765 1888 3833 nondum
1943 3764 2478 3854 pervenerimus.
2535 3765 2711 3833 Beati
2769 3769 2959 3831 autem

459 3852 556 3920 illi
609 3853 707 3920 eis
762 3851 1300 3941 responderunt:
1370 3877 1402 3918 «
1440 3853 1565 3936 Qui
1635 3852 1829 3924 docet
1886 3854 2231 3922 hominem
2294 3854 2645 3922 scientiam
2694 3851 2959 3921 Cliristui

455 3945 631 4009 Deus
684 3956 932 4020 noster,
978 3942 1093 4027 qui
1132 3959 1233 4010 est
1284 3941 1701 4011 illuminatio
1750 3943 2142 4012 animarum
2207 3956 2620 4020 nostrarum,
2682 3942 2820 4042 ipse
2872 3947 2959 4002 vos

458 4028 895 4103 illuminabit.
921 4043 985 4098 et
1014 4030 1242 4099 reddet
1279 4030 1759 4121 intelligenteS,
1807 4031 2178 4118 firmosque
2213 4030 2410 4099 faciet
2448 4044 2514 4099 et
2544 4030 2817 4101 stabiles
2847 4025 2958 4094 sun*

454 4117 776 4186 damento
812 4141 976 4187 suae
1027 4119 1211 4187 fidei.
1252 4142 1286 4184 »
2957 4191 2958 4204 χ

540 4209 575 4291 ξ
628 4211 769 4278 13.
828 4209 1056 4276 Relata
1107 4223 1267 4277 sunt
1332 4210 1498 4278 liaec
1551 4209 1753 4277 Rea-i:
1811 4221 1874 4276 et
1913 4208 2093 4295 quod
2151 4230 2400 4298 magna
2463 4205 2825 4277 multitudo
2882 4220 2959 4267 58·

451 4311 777 4380 queretur
848 4301 1161 4377 SanctOS,
1219 4319 1457 4367 eorum
1522 4263 1764 4366 caedes
1827 4297 2217 4386 prohibens.
2277 4297 2397 4365 Ille
2473 4311 2700 4366 autem
2766 4290 2959 4385 stanni

452 4385 702 4452 emittit
753 4398 1091 4454 catervam
1159 4387 1456 4454 militum
1522 4387 1591 4454 in
1659 4408 1774 4454 eos
1827 4386 1945 4472 qui
2010 4386 2477 4473 sequebantur
2528 4390 2824 4463 SanctOS‚
2873 4391 2959 4450 cut
