2993 4837
503 295 631 357 ³540
1106 311 1181 355 na
1230 310 1282 355 s.
1341 310 1633 356 monrsio
1683 311 1781 355 ΕΡ.
1835 306 2279 356 ΑιεκΑΝοιυΝο
2630 287 2761 352 Nost
2798 288 2844 350 Ιῖ

414 410 477 464 et
527 396 940 464 Chaeremon
974 419 986 461 ε
1040 407 1105 463 et
1135 394 1419 480 quidam
1458 417 1493 463 e
1529 395 1883 476 fratribus,
1922 395 2039 482 qui
2078 399 2290 463 Roma
2328 393 2412 461 ad
2453 414 2571 461 nos
2605 405 2849 466 venerant,

418 485 776 553 nobiscum
841 506 981 552 una
1051 482 1393 573 profectus
1447 499 1573 552 est.
1628 484 2051 552 Aemilianus
2100 497 2328 552 autem
2385 504 2517 549 non
2573 479 2716 547 dixit
2747 477 2851 545 milii

414 573 766 661 conceptis
809 573 1071 641 verbis:
1126 578 1216 640 Ne
1251 587 1632 642 conventus
1667 574 1939 660 agito.»
1992 577 2134 639 Hoc
2188 572 2372 639 enim
2434 570 2530 639 illi
2586 566 2853 637 fuissefere

414 683 1047 750 supervacaneum,
1111 674 1176 729 et
1230 661 1294 728 in
1347 683 1450 740 ρο,
1495 662 1678 747 quod
1734 661 1846 729 ille
1890 661 2323 739 moliebatur,
2374 673 2854 748 postremassane

415 750 721 819 tulisset:
781 750 1175 839 praesertim
1214 773 1366 817 cum
1421 749 1504 817 ad
1542 751 1633 831 id,
1671 751 1852 836 quod
1889 763 2099 838 caput
2135 761 2236 817 est
2272 762 2543 816 nostrae
2585 744 2858 833 religionis,

413 861 685 907 omnem
741 861 933 907 suam
991 861 1225 906 curam
1283 853 1347 907 et
1405 840 1885 928 cogitationem
1932 838 2400 908 convertisset.
2465 843 2628 905 Nam
2686 855 2786 902 nou
2818 831 2870 898 (le

414 928 562 996 boc.
623 927 950 995 nimirum
1003 948 1087 995 ne
1134 941 1512 996 conventus
1562 949 1860 1018 agerem,
1902 928 1989 995 ab
2028 950 2108 996 eo
2144 949 2369 996 sermo
2403 941 2544 993 erat
2581 924 2873 994 institutus.

412 1015 528 1087 sed
562 1015 644 1084 de
672 1038 771 1096 eo,
816 1039 897 1083 ne
932 1016 1273 1104 meipsum
1311 1016 1637 1106 deinceps
1665 1017 2127 1084 Christianum
2159 1038 2308 1085 esse
2340 1016 2715 1104 profiterer:
2744 1026 2878 1094 atque

413 1107 499 1174 ab
542 1104 667 1173 hoc
700 1104 978 1191 quidem
1028 1127 1133 1173 me
1186 1104 1511 1174 desistere
1563 1104 1956 1185 mandavit,
2013 1120 2203 1174 ratus
2247 1103 2308 1172 id
2355 1104 2673 1190 quidem,
2725 1101 2770 1168 si
2804 1117 2879 1184 ega

414 1193 617 1262 fidem
672 1206 1197 1273 commutarem,
1229 1193 1401 1262 alios
1435 1194 1748 1263 eamdem
1805 1216 2084 1268 mecum,
2127 1193 2536 1262 sententiam
2579 1203 2878 1260 secuturos

414 1288 565 1352 Non‘
608 1282 907 1351 absurde
940 1283 1286 1369 equidem,
1331 1305 1552 1368 neque
1584 1282 1990 1351 circuitione
2029 1281 2172 1350 ulla
2206 1305 2401 1362 usus,
2437 1279 2769 1369 respondi,
2807 1279 2878 1342 Dei}

412 1370 1026 1460 obtemperandum
1074 1372 1315 1460 magis,
1355 1393 1563 1458 quam
1603 1372 2005 1440 hominibus
2038 1395 2052 1438 :
2090 1370 2257 1457 quin
2301 1371 2525 1459 palam
2563 1371 2757 1437 etiam
2788 1383 2876 1433 cor

419 1473 703 1528 testatus
745 1481 926 1538 sum,
970 1481 1075 1527 me
1111 1460 1333 1538 illum,
1368 1461 1488 1546 qui
1524 1460 1714 1529 solus
1752 1465 1926 1528 Deus
1973 1473 2097 1538 est,
2151 1474 2214 1528 et
2265 1459 2535 1527 nullum
2587 1458 2786 1527 alium
2823 1473 2874 1548 νέξ

418 1549 695 1617 nerari:
753 1570 972 1634 neque
1021 1550 1426 1617 sententiam
1483 1549 1653 1618 velle
1705 1562 2012 1628 mutare,
2085 1571 2302 1635 neque
2360 1546 2728 1634 aliquando
2773 1543 2878 1608 des·

418 1650 592 1705 stere
653 1659 801 1705 esse
864 1636 1352 1705 Christianum.
1419 1638 1751 1726 Deinceps
1792 1637 2049 1723 jussit,
2116 1650 2192 1706 ut
2241 1637 2308 1704 in
2377 1659 2622 1726 pagum
2689 1633 2883 1701 nomine

416 1727 720 1814 Gephro,
770 1747 979 1815 prope
1021 1724 1246 1794 locum
1300 1726 1670 1812 quemdam
1724 1726 2069 1795 desertum
2122 1726 2358 1805 situm,
2407 1739 2585 1794 recta
2640 1717 2882 1792 abscede-

417 1835 671 1882 remus.
714 1820 956 1882 Verum
999 1815 1224 1893 verba,
1268 1836 1442 1900 quae
1483 1816 1569 1883 ab
1604 1816 1914 1901 utrisque
1955 1815 2136 1884 ultro
2168 1813 2477 1901 citroque
2511 1814 2736 1882 habita
2765 1817 2882 1876 sunt.

416 1904 515 1971 uti
563 1902 841 1972 fuerunt
874 1925 910 1971 a
945 1903 1362 1989 quibusdam
1404 1905 1469 1972 in
1511 1904 2044 1972 commentarios
2096 1902 2327 1982 relata,
2375 1904 2724 1992 accipitote
2749 1899 2795 1965 ⁴.

504 1995 538 2077 ξ
587 1996 732 2063 18.
791 1992 1132 2078 Dionysio,
1177 2005 1240 2059 et
1292 1992 1559 2071 Fausto,
1605 2005 1670 2060 et
1712 1995 2025 2072 Maximo,
2066 2005 2131 2060 et
2181 1992 2524 2068 Marcello,
2571 2006 2631 2060 et
2678 1989 2885 2058 Chaere

418 2080 604 2148 moni
651 2082 716 2148 in
768 2081 1140 2149 concilium
1187 2080 1622 2162 introductiS,
1677 2083 2099 2150 Aemilianus
2147 2082 2265 2168 qui
2320 2081 2886 2170 praefecturamgff

417 2169 627 2249 rebat,
670 2170 768 2238 sic
805 2170 1076 2238 locutus
1116 2182 1255 2238 est:
1296 2192 1331 2234 «
1355 2170 1717 2239 Vobiscum
1754 2171 1899 2258 jam
1935 2194 2163 2240 coram
2199 2170 2461 2255 absque
2492 2171 2733 2258 scripto
2763 2161 2884 2231 lutet

417 2258 752 2327 disserere
819 2259 903 2326 de
974 2263 1474 2347 Imperatorum
1542 2258 1983 2327 dominorum
2067 2273 2456 2328 nostrorum
2539 2252 2936 2344 humanitate¹¹

417 2361 620 2435 atque
668 2347 1074 2427 clementia,
1132 2369 1337 2433 quam
1391 2369 1551 2437 erga
1604 2370 1720 2416 vos
1771 2347 2143 2416 declarant.
2199 2353 2364 2417 Nam
2419 2346 2655 2415 salutis
2704 2353 2885 2410 vestrae

416 2459 495 2505 ac
546 2437 718 2506 vitae
752 2449 1149 2526 potestatem
1196 2439 1387 2506 vobis
1428 2436 1759 2517 fecerunt,
1814 2437 2015 2506 modo
2063 2437 2146 2505 ad
2201 2437 2294 2517 id,
2340 2437 2523 2524 quod
2572 2451 2668 2505 est
2710 2448 2886 2502 secun·

416 2525 582 2594 dum
643 2540 984 2606 naturam,
1043 2525 1265 2594 velitis
1316 2538 1432 2594 vos
1483 2527 1669 2615 ipsos
1724 2541 2137 2603 convertere,
2177 2539 2239 2595 et
2289 2526 2478 2605 deos,
2518 2527 2629 2612 qui
2684 2523 2882 2591 illorum

418 2636 705 2770 reqnum
761 2627 1031 2682 servant
1068 2613 1436 2697 incolume,
1492 2629 1726 2683 sancte
1767 2616 2087 2683 adorare:
2141 2637 2378 2683 eorum
2419 2629 2640 2684 autem
2689 2609 2886 2699 penitus

415 2704 503 2771 ob
539 2702 729 2769 ivisci
787 2704 1100 2783 deorum,
1137 2704 1257 2788 qui
1312 2717 1596 2773 naturae
1648 2726 2035 2792 repugnare
2094 2703 2475 2772 videantur.
2532 2703 2698 2785 Quid
2748 2696 2888 2785 igilur

418 2791 501 2858 ad
558 2791 681 2858 ista
736 2792 1206 2881 respondetis?
1257 2797 1480 2879 Neque
1528 2793 1708 2861 enim
1749 2816 1862 2861 vos
1910 2794 2216 2881 ingratos
2263 2791 2407 2860 sore
2455 2794 2755 2863 arbitror,
2787 2800 2884 2854 cum

417 2893 601 2978 tanta
656 2880 1043 2968 benignitas
1075 2881 1160 2948 ab
1203 2880 1340 2950 illis
1377 2882 1462 2951 sit
1496 2882 1686 2950 vobis
1717 2895 2076 2950 ostentata:
2113 2881 2672 2968 quandoquidem
2713 2877 2784 2945 ad
2827 2887 2888 2967 rei

420 2967 733 3035 meliores
771 2991 886 3039 vos
917 2970 1137 3037 amice
1186 2983 1250 3038 et
1288 2970 1622 3038 benevole
1671 2970 2140 3039 cohortantur.
2187 2970 2554 3058 Dionysius
2586 2961 2884 3055 respondit:

418 3060 560 3125 Non
615 3079 854 3125 omnes
903 3056 1139 3126 colunt
1203 3080 1445 3127 omnes
1501 3058 1710 3138 deos,
1763 3060 1877 3127 sed
1933 3059 2190 3148 singuli
2243 3058 2560 3147 singulos
2618 3079 2730 3146 pro
2770 3051 2886 3121 arbl-

417 3158 619 3214 tratu.
674 3151 805 3214 Nos
850 3147 1133 3235 proinde
1189 3169 1409 3216 unum
1464 3152 1675 3216 Deum
1713 3202 1727 3223 .
1784 3148 2097 3216 omnium
2164 3170 2390 3216 rerum
2459 3148 2883 3232 fabricatorem·

416 3235 536 3322 qui
581 3236 932 3304 Valeriano
981 3249 1044 3304 et
1080 3235 1385 3304 Gallieno
1436 3236 1865 3309 Caesaribus,
1907 3237 2254 3326 AugustiS,
2299 3237 2464 3305 'viris
2509 3232 2887 3326 sanctissimi-⁴

416 3325 786 3412 imperium
840 3325 1130 3415 largitus
1164 3338 1287 3405 est,
1329 3338 1393 3394 et
1431 3324 1729 3394 colimus
1763 3342 1827 3394 et
1861 3348 2291 3394 veneramur.
2335 3326 2512 3394 Huic
2560 3326 2751 3393 etiam
2782 3332 2885 3394 ,stuf-³-

420 3414 929 3483 intermissione
967 3435 1086 3503 pro
1117 3436 1353 3482 eorum
1395 3436 1628 3501 regnO,
1670 3427 1742 3482 ut
1777 3414 2020 3483 stabile
2062 3428 2124 3482 et
2160 3414 2441 3482 firmum
2483 3426 2759 3489 maneat,
2791 3424 2885 3499 pm·

418 3524 530 3569 ces
560 3502 995 3571 adhibemus.
1026 3508 1193 3570 Tum
1235 3502 1617 3591 praefectus
1651 3503 2096 3571 Aemilianus:
2131 3504 2254 3584 Qui
2292 3524 2430 3581 vos,
2467 3503 2703 3589 inquit,
2729 3495 2884 3589 proh!-

417 3590 551 3661 bet.
606 3612 742 3677 quo
800 3593 1031 3660 minus
1088 3592 1298 3668 bunc,
1358 3594 1412 3660 si
1470 3598 1643 3660 Deus
1694 3593 1803 3671 sit,
1862 3615 2019 3661 cum
2072 3591 2229 3659 aliis
2276 3592 2435 3669 diis,
2481 3592 2597 3678 qui
2647 3602 2788 3658 sunt
2821 3601 2882 3679 st·

415 3679 724 3747 cundum
785 3693 1144 3760 naturam,
1204 3680 1398 3749 cultu
1469 3694 1534 3749 et
1603 3681 1976 3749 reverentia
2025 3681 2455 3750 observetis?
2527 3681 2718 3749 Vobis
2761 3690 2880 3743 enim

419 3780 856 3857 praeceptum
925 3782 1068 3850 est,
1124 3781 1198 3836 ut
1253 3769 1415 3838 deos
1464 3769 1787 3849 adoretis,
1827 3790 2002 3856 quos
2038 3792 2280 3838 omnes
2323 3782 2598 3853 norunt.
2634 3766 2718 3835 Ad
2770 3778 2882 3849 qusst'

417 3858 829 3943 Dionysius:
893 3862 1046 3935 Nos,
1104 3858 1351 3945 inquit,
1408 3858 1678 3926 nullum
1734 3873 2001 3948 praeter
2057 3881 2276 3927 unum
2332 3863 2538 3926 Deum
2601 3856 2880 3925 honoret*t

416 3945 843 4013 observantia
902 3947 1409 4035 prosequimur.
1467 3947 1890 4017 Aemilianus
1950 3946 2335 4036 praefectus
2387 3947 2669 4015 iterum:
2719 3938 2872 4006 video.

418 4035 666 4121 inquit,
710 4057 824 4105 vos
876 4057 1013 4103 non
1077 4036 1278 4104 modo
1336 4037 1641 4126 ingratos
1689 4058 1861 4116 esse,
1902 4036 2018 4104 sed
2079 4036 2456 4124 singularis
2503 4041 2868 4123 Augustorum

418 4124 972 4193 mansuetudinis
1075 4146 1234 4214 rope
1287 4126 1745 4195 immemores.
1784 4131 2213 4214 Quapropter
2249 4125 2313 4192 in
2351 4125 2479 4193 hac
2512 4124 2745 4191 civitate
2782 4128 2866 4205 ¹1⁰,ss

418 4210 707 4308 liberum
761 4215 889 4281 erit
939 4236 1017 4282 vo
1076 4214 1131 4281 is
1181 4214 1483 4291 versari,
1540 4213 1653 4281 sed
1707 4215 1897 4282 eritis
1955 4215 2020 4281 in
2084 4226 2305 4301 partes
2359 4214 2599 4301 Libyae
2644 4207 2861 4291 relegati·

420 4320 485 4365 in
523 4299 747 4368 locum
800 4301 1137 4380 videlicet,
1178 4304 1295 4388 qui
1334 4304 1595 4392 Cepbro
1648 4316 2116 4391 nuncupatur:
2153 4325 2356 4388 quem
2390 4325 2469 4370 ex
2503 4303 2858 4389 Augustorum

467 4422 494 4447 ³·
523 4422 662 4465 Ηιεο,
681 4433 802 4471 quae
824 4425 869 4463 in
891 4428 997 4475 cap.
1020 4430 1069 4466 13
1089 4429 1406 4475 continentur,
1427 4429 1470 4469 8.
1494 4428 1749 4476 Dionysius
1770 4441 1825 4467 ex
1854 4430 1979 4468 Actis
2007 4428 2208 4477 publicis
2230 4427 2438 4468 fideliter
2458 4423 2729 4472 transcripsit.
