2993 4837
105 289 199 350 tv.
244 288 266 350 l
722 306 801 350 nn
848 306 904 351 s.
959 303 1279 351 maeatmo
1327 305 1426 349 Er.
1482 303 1798 351 raatstssn.
2353 287 2437 351 27

103 388 255 473 quid
299 388 575 478 dignum
627 389 1095 458 committeres
1130 387 1502 456 scintillae:
1538 409 1697 456 cum
1735 409 1862 478 ego
1912 409 2175 490 pauper
2215 387 2519 479 ingenie,

118 478 227 547 ¹ille
253 477 425 547 dives
470 478 558 546 sit
609 478 850 547 merito
885 500 898 543 :
934 499 1061 568 ego
1095 476 1382 545 humilis
1418 497 1760 557 sermone,
1813 490 1874 546 et
1911 477 2026 546 ille
2073 478 2162 547 sit
2206 478 2529 567 egregius

123 566 321 635 rcede:
371 566 769 655 praesertim
821 589 981 635 cum
1038 566 1229 635 vobis
1281 565 1657 635 multorum
1728 565 2168 723 prudentium
2225 565 2529 635 famosae

162 656 442 725 ndantiae
500 654 803 725 sufficiat
860 655 1276 742 eloquentia,
1321 653 1581 724 Gallico
1631 658 1725 723 Ga
1762 654 2007 736 licana,
2059 667 2124 724 et
2170 655 2529 741 quadratis

111 746 329 813 cturis
360 746 557 815 verba
587 744 919 817 trutinata
959 743 1352 834 procedant.
1406 743 1534 825 Qui
1590 742 1647 811 si
1702 742 1935 824 velint,
1990 765 2307 812 sermone
2372 765 2523 833 pos-

103 833 544 925 tdepingere‚
596 833 1267 920 quicquid-animus
1332 831 1772 921 figuraverit:
1825 832 2008 923 apud
2069 854 2245 919 quos
2294 833 2524 922 ipsum

91 929 202 991 *aui
238 924 470 992 dictare
499 923 609 1003 sit,
656 935 722 991 et
754 943 929 1009 quae
965 923 1069 990 vix
1108 920 1311 991 corde
1343 922 1757 1009 concipitur,
1807 943 1960 991 mox
2010 922 2077 990 in
2128 921 2375 1012 pagina
2423 942 2531 991 res

103 1023 336 1081 tuetur.
369 1016 495 1081 Cur
540 1012 796 1098 itaque,
854 1023 930 1081 ut
981 1011 1241 1079 dictum
1291 1022 1413 1088 est,
1483 1010 1663 1079 inter
1700 1009 2091 1079 Gallicanos
2145 1011 2528 1080 cothurnos

91 1113 94 1116 ’
155 1100 368 1190 lippata
415 1100 635 1169 vilitas
689 1099 894 1187 plano
931 1098 1099 1189 pede
1149 1099 1244 1167 ire
1299 1110 1715 1188 praesumat,
1754 1100 1840 1167 ad
1890 1120 2185 1187 quorum
2215 1112 2524 1189 'compa-

138 1190 316 1259 ionem
350 1188 523 1259 velut
558 1189 736 1258 inter
782 1208 975 1257 rosas
1011 1201 1076 1257 et
1132 1186 1271 1255 lilia
1328 1201 1596 1256 nostrae
1666 1187 1944 1278 linguae
1995 1187 2149 1256 vilis
2197 1187 2520 1257 saliunca

83 1280 327 1365 pirat?
360 1278 619 1348 Accedit
667 1277 874 1346 etiam
926 1276 1010 1345 ad
1060 1275 1534 1344 difficultatem
1587 1276 1847 1365 ingenii
1902 1276 2216 1366 impediti
2270 1299 2376 1345 res
2429 1275 2531 1346 al-

107 1387 185 1445 a,
225 1367 376 1452 quod
412 1368 490 1435 de
513 1367 787 1436 actibus
836 1365 1008 1435 beati
1064 1363 1360 1433 Marcelli
1406 1364 1707 1455 plurima
1740 1378 1901 1434 sunt
1935 1364 2317 1443 invisenda,
2354 1379 2529 1434 tem-

111 1478 248 1523 rum
290 1469 591 1526 vetustate
639 1455 994 1543 subrepta,
1053 1476 1172 1522 nec
1208 1452 1406 1522 facile
1456 1454 1790 1523 memoria
1846 1454 2104 1533 recolit,
2168 1454 2351 1540 quod
2404 1476 2529 1522 an·

93 1553 106 1564 “·
132 1544 262 1611 sitas
288 1566 627 1613 numerosa
663 1543 1011 1613 fraudavit
1043 1567 1055 1609 :
1111 1542 1439 1630 quoniam
1475 1542 1804 1630 quicquid
1838 1544 1906 1612 in
1961 1543 2155 1612 libris
2190 1566 2321 1611 non
2378 1543 2533 1632 figi-

150 1686 164 1712 ,
207 1646 369 1702 vento
396 1632 760 1702 oblivionis
792 1632 1123 1723 aufertur.
1167 1636 1382 1699 Pauca
1434 1630 1714 1717 quidem
1753 1630 1837 1701 de
1869 1631 2025 1719 ejus
2055 1632 2267 1719 gestis
2309 1630 2525 1700 felici·

136 1740 164 1788 s
200 1722 443 1791 suntad
494 1736 729 1792 nostra
780 1732 1083 1810 tempora
1155 1718 1480 1806 relatione
1553 1720 1830 1798 vivente,
1868 1720 2242 1810 perducta,
2317 1741 2402 1789 ne
2450 1720 2521 1789 in

139 1830 229 1878 ιιιιι
267 1811 422 1897 quod
471 1811 576 1881 sui
631 1822 977 1879 amatores
1027 1808 1094 1877 in
1150 1822 1492 1898 posterum
1545 1823 1974 1894 quaererent,
2027 1809 2311 1897 periret:
2364 1809 2534 1897 quia

147 1898 158 1909 ’
190 1912 382 1967 sancta
416 1899 727 1969 membra
763 1898 894 1966 'am
928 1897 1193 1967 dudum
1245 1896 1565 1986 sepulcro
1600 1908 1764 1966 sunt
1789 1898 2086 1977 condita,
2130 1920 2262 1966 non
2300 1910 2528 1966 tamen

126 1984 330 2056 iraeuta
364 2001 513 2057 sunt
564 1918 884 2078 sepulta:
937 2007 1114 2073 quae
1163 1997 1348 2055 tanto
1414 1984 1709 2054 clariora
1771 1999 1978 2066 sunt,
2043 1999 2303 2072 quanto
2366 1985 2527 2075 plus

145 2093 329 2145 ωηο
362 2077 569 2147 vivere
616 2096 930 2145 meruere
966 2096 1099 2144 non
1129 2074 1428 2164 scripta:
1461 2074 1791 2161 quoniam
1832 2074 1986 2144 licet
2032 2097 2162 2143 non
2214 2087 2529 2144 teneren-

107 2187 150 2242 ,-··
190 2160 245 2232 ia
280 2168 524 2256 pagina,
564 2167 706 2235 fixa
758 2178 920 2233 sunt
968 2164 1032 2232 in
1076 2163 1303 2231 cordis
1341 2164 1766 2232 membrana.

156 2250 467 2324 &deinter
496 2255 670 2324 haec
696 2252 1005 2321 difficilia
1038 2251 1278 2320 dubito
1305 2272 1445 2337 quo
1473 2264 1853 2329 convertar,
1887 2263 2119 2320 utrum
2152 2252 2249 2320 vel
2278 2251 2534 2340 digitos

123 2352 385 2430 mtrem
419 2344 498 2413 ad
534 2341 1014 2424 scribendum,
1059 2363 1218 2409 cum
1252 2339 1511 2408 dictare
1557 2339 1795 2431 lingua
1828 2339 2167 2410 formidet.
2215 2339 2340 2409 Sed
2399 2339 2530 2407 dil'-

130 2454 152 2484 *
215 2449 354 2500 ficu
387 2431 553 2515 licet,
602 2431 790 2520 quod
840 2445 1027 2520 pater
1061 2430 1383 2520 injungit,
1443 2451 1601 2499 cum
1654 2451 1886 2499 secum
1943 2431 2165 2520 magis
2207 2430 2353 2520 ipse
2403 2452 2529 2518 pu·

141 2544 235 2596 ··'‚
338 2520 494 2592 itibi
545 2534 944 2612 repugnat:
1003 2518 1399 2609 praesertim
1463 2518 1586 2605 qui
1641 2530 1715 2588 ut
1761 2518 2039 2588 obedire
2090 2541 2198 2588 me
2246 2518 2520 2598 doceas,

158 2621 232 2690 qu
326 2612 635 2681 sustinere
670 2632 803 2678 non
842 2607 1051 2689 valeo,
1100 2607 1392 2677 libenter
1431 2607 1757 2698 imponis,
1796 2607 2012 2695 Major
2041 2607 2225 2676 enim
2265 2607 2534 2677 devotio

123 2720 128 2749 ι
168 2694 466 2796 tte-difficili
500 2722 662 2772 com
724 2696 1026 2768 robatur.
1076 2696 1375 2796 Denique
1417 2696 1509 2764 ibi
1565 2696 1812 2785 plenus
1862 2709 1963 2766 est
2016 2697 2343 2776 affectus,
2408 2696 2529 2765 ubi

131 2806 165 2837 ³-
206 2798 375 2857 virtus
411 2811 538 2859 non
597 2802 668 2857 to
699 2800 865 2866 erat,
906 2799 1128 2855 tamen
1180 2807 1457 2854 ammus
1493 2806 1628 2854 non
1680 2798 1976 2854 recusat:
2020 2798 2086 2854 et
2130 2807 2257 2875 ego
2310 2785 2534 2875 magis

131 2867 439 2960 lewenerer,
481 2877 672 2966 quod
709 2876 1010 2944 charitas
1045 2894 1177 2943 non
1220 2873 1453 2942 leviter
1484 2873 1717 2963 exigit,
1773 2873 1886 2945 sed
1941 2873 2270 2943 audacter
2308 2889 2535 2944 extor-

105 2972 192 3043 τί
249 2964 500 3054 Denique
531 2989 619 3036 ex
651 2966 779 3034 hac
830 2975 1019 3053 parte
1064 2961 1232 3031 mihi
1269 2962 1397 3051 ipsi
1436 2963 1799 3032 conveniat
1832 2963 2179 3052 perficere,
2222 2963 2385 3049 quia
2413 2962 2536 3051 qui

138 3043 275 3118 horn
316 3055 665 3146 vituperat,
720 3053 972 3122 ducere
1022 3051 1125 3119 ad‘
1164 3050 1421 3138 majora
1487 3049 1785 3121 festinat.
1831 3051 2098 3134 Quibus
2159 3052 2530 3141 suggestis,

105 3161 128 3211 ..l
172 3158 338 3209 Ι·ϊιιιιι
379 3145 496 3214 hoc
530 3166 714 3234 opus
743 3142 1037 3212 aliorum
1091 3140 1330 3230 lingua
1384 3141 1712 3211 nitescere
1743 3142 1994 3231 potiuS,
2047 3162 2256 3226 quam
2303 3155 2537 3209 nostra

109 3288 118 3295 .
169 3255 210 3281 ··
260 3259 298 3297 ·.
336 3234 448 3301 Sed
498 3232 683 3321 quod
722 3231 928 3321 primi
969 3229 1319 3309 differunt,
1359 3228 1454 3296 vel
1510 3228 1735 3298 ultimi
1775 3242 2314 3317 prosequantur:
2352 3228 2537 3318 quod

140 3332 188 3379 m
225 3314 556 3409 displicere
608 3320 918 3390 videatur
964 3317 1262 3406 eloquio,
1305 3317 1574 3407 placere
1610 3317 1881 3388 videtur
1920 3338 1999 3387 ex
2034 3331 2208 3388 vote.

105 3490 258 3589 {10
301 3501 729 3570 Beatissimus
778 3498 992 3588 igitur
1054 3495 1416 3568 Marcellus
1462 3498 1782 3578 antistes,
1843 3511 2044 3568 natus
2094 3495 2360 3577 Parisii,
2419 3494 2538 3565 sed

172 3587 521 3680 {paradish
558 3590 625 3656 in
664 3588 862 3658 terris
915 3586 1224 3667 humilia,
1280 3600 1549 3655 erectus
1589 3587 1658 3655 in
1699 3587 1951 3667 coelis;
1999 3585 2366 3655 mediocris
2421 3606 2544 3674 pa-

130 3667 333 3752 ctibus
375 3678 485 3745 sed
523 3677 782 3746 meritis
832 3675 1080 3746 celsus.
1131 3676 1248 3744 Cui
1300 3675 1428 3744 lioc
1479 3674 1609 3745 suit
1659 3675 2037 3746 nobilitatis
2100 3674 2375 3763 insigne
2430 3673 2540 3744 lu·

129 3774 214 3858 en,
245 3762 482 3833 Christo
514 3766 665 3834 sine
711 3764 916 3855 culpa
967 3764 1258 3832 servire:
1315 3785 1448 3833 non
1501 3764 1863 3853 degeneris
1905 3766 2370 3834 intumescens
2423 3786 2543 3834 su-

123 3843 270 3928 thia,
315 3853 421 3922 sed
463 3855 725 3924 habens
773 3855 857 3922 de
909 3853 1220 3921 moribus
1265 3867 1710 3934 ornamenta;
1767 3874 1891 3922 nec
1947 3874 2232 3921 sumens
2282 3852 2366 3921 de
2418 3875 2542 3942 pa-

134 3935 259 4005 utali
296 3938 483 4012 laude
507 3943 942 4031 jactantiam,
982 3941 1098 4009 sed
1142 3942 1432 4031 gratiam
1474 3943 1836 4031 possidens
1873 3941 1939 4009 in
1996 3942 2265 4012 virtutis
2308 3963 2543 4011 exem-

136 4039 251 4090 um:
301 4028 461 4101 intra
517 4054 590 4101 se
638 4054 802 4101 suns
859 4031 1218 4102 thesauros
1291 4030 1635 4111 retinens,
1715 4036 1924 4100 Deum
1993 4030 2256 4101 mundo
2334 4031 2543 4101 corde

123 4135 128 4162 ¹
167 4110 471 4210 plectens,
511 4120 636 4190 Sed
676 4143 831 4190 cum
870 4120 1136 4190 Christo
1171 4141 1433 4209 pauper
1481 4119 1608 4188 iste
1656 4118 1985 4218 regnavit,
2021 4120 2142 4205 qui
2193 4121 2259 4189 in
2306 4119 2545 4189 bumi-

126 4204 237 4298 ltus
260 4210 770 4291 conversatione,
824 4210 890 4278 in
942 4208 1300 4279 charitatis
1350 4210 1681 4287 ubertate,
1745 4228 1810 4274 tn
1861 4207 2192 4276 castitatis
2251 4206 2537 4288 lumine,

123 4295 516 4376 Ιιε’,ιιιιιίοιιιτιι
574 4299 690 4387 pin
751 4299 996 4368 uedine
1046 4300 1136 4368 ita
1190 4321 1262 4367 se
1304 4309 1518 4365 totum
1570 4294 1848 4366 coelesti
1898 4295 2181 4366 tradidit
2220 4296 2542 4384 discipli-

131 4390 199 4454 ὅθ,
227 4393 287 4449 ut
317 4385 395 4454 ab
425 4387 567 4477 ipsa
620 4388 689 4455 in
725 4388 910 4457 antia
945 4402 1261 4458 maturus
1287 4386 1658 4465 accederet,
1706 4397 1772 4454 et
1801 4385 2069 4476 positus
2109 4386 2178 4455 in
2227 4405 2540 4474 corpore,

2583 4445 2637 4485 A

2639 4435 2660 4444 js
