2993 4837
55 331 201 396 Nov.
250 334 327 398 28
700 355 778 401 na.
825 354 881 401 s.
937 354 1259 402 srarnfflo
1306 354 1577 402 sumone
1623 356 1812 403 MART.
2316 341 2430 406 72⁴

51 432 184 502 dum
232 435 387 504 haec
440 438 989 536 peragebantur,
1059 439 1404 528 ingentem
1467 439 1829 509 hominum
1894 439 2409 510 multitudinem
2462 443 2532 511 in

49 521 267 592 theatro
303 525 647 615 colligenS‚
693 549 771 595 ac
812 526 1068 617 gradus
1100 549 1239 608 eOS,
1287 528 1355 595 in
1391 528 1647 614 quibus
1695 540 2231 618 purpuratorum
2284 551 2537 599 corona

45 622 189 679 stare
232 628 708 695 consueverat,
768 615 1178 685 inscendens
1209 672 1223 693 ‚
1279 637 1718 703 moeroreque
1767 617 2111 706 profligati
2158 639 2237 685 ac
2290 618 2537 707 perditi

45 697 304 769 hominis
353 702 601 772 larvam
641 702 975 775 induens:
1031 727 1067 771 «
1096 705 1293 775 Nulla
1328 705 1501 774 mihi
1534 706 1709 774 vitae
1757 705 2019 791 reliqua
2060 726 2218 793 pars
2258 718 2381 787 est,
2428 707 2539 774 in-

45 787 183 871 quit,
222 812 372 877 prae
396 793 792 861 veteratoria
820 798 950 862 Deo
985 793 1183 861 invisi
1213 792 1924 862 Immemorandorum
1957 794 2201 862 horum
2237 794 2539 884 agminis

44 877 328 962 nequitia.
361 903 396 946 »
445 885 610 950 Cum
653 894 880 950 autem
918 881 1220 971 populus
1252 881 1336 950 ad
1374 881 1553 951 istud
1606 881 2097 951 exclamasset:
2153 903 2189 946 «
2226 887 2535 965 Quonam

44 964 214 1035 modo
256 966 439 1050 haec,
477 992 635 1039 cum
681 969 970 1058 hujusce
1020 970 1294 1040 habitus
1346 992 1429 1038 ne
1463 969 1823 1059 vestigium
1874 970 2156 1055 quidem
2193 971 2414 1041 ullum
2469 972 2540 1041 in
2582 999 2586 1003 ·

44 1064 137 1120 tua
178 1055 334 1124 urbe
382 1080 464 1127 su
516 1057 795 1127 ersit‘?»
848 1059 969 1145 Ille
1007 1059 1290 1127 editiore
1322 1080 1482 1128 voce
1514 1083 1527 1123 ε
1583 1057 1947 1127 «Insidias
1985 1079 2248 1138 eorum,
2286 1060 2533 1146 inquit,

44 1140 203 1212 nullo
239 1157 426 1234 pacto
486 1169 633 1216 erre
664 1147 863 1234 queo,
918 1151 1169 1216 Omnes
1196 1147 1379 1215 enim
1414 1168 1601 1217 meos
1650 1146 1940 1216 subdolo
1978 1147 2211 1216 animo
2244 1148 2539 1216 circum-

42 1244 241 1300 ventos
286 1233 364 1302 ad
409 1257 479 1305 se
514 1247 1031 1326 pertraxerunt,
1084 1247 1287 1323 atque
1347 1235 1685 1305 adamatis
1739 1234 1885 1306 suis
1935 1236 2231 1305 tenebris
2281 1236 2540 1306 manci-

44 1334 276 1404 parunt.
327 1328 518 1394 Nunc
568 1336 820 1404 autem,
876 1336 1223 1410 tamquam
1276 1345 1361 1392 ne
1402 1346 1588 1393 nunc
1626 1323 1903 1412 quidem
1950 1324 2033 1392 iis
2079 1345 2256 1411 quae
2297 1346 2539 1415 perpe-

44 1417 269 1479 trarunt
300 1413 620 1493 contenti,
652 1413 965 1503 graviora
1000 1413 1342 1501 prioribus
1369 1412 1790 1501 adjecerunt,
1826 1435 1906 1481 ac
1946 1412 2310 1502 Georgium
2345 1435 2530 1493 eum,

44 1513 259 1579 quem,
313 1512 389 1570 ut
448 1501 683 1583 scitis,
737 1522 967 1570 amore
1013 1501 1561 1591 complectebar,
1615 1523 1652 1571 a
1704 1501 1909 1571 latere
1972 1523 2121 1570 meo
2178 1503 2540 1592 abreptum

42 1584 476 1676 avulsumque,
518 1590 933 1659 monachum
967 1589 1038 1678 (o
1077 1601 1276 1671 terra,
1314 1602 1379 1659 et
1412 1589 1521 1659 Sol
1556 1589 2033 1678 l)ess'ecerunt.
2078 1594 2259 1660 Haec
2297 1612 2403 1658 me
2438 1591 2541 1659 in-

42 1671 350 1746 tolerando
396 1677 697 1765 quodam
748 1700 1053 1748 moerore
1098 1678 1515 1748 excruciant.
1569 1684 1917 1747 Caeterum
1972 1700 2136 1747 cura
2191 1691 2421 1748 nostra
2468 1679 2537 1747 in

40 1761 360 1834 Dominum
412 1766 845 1855 conjicienda
897 1780 1020 1848 est,
1064 1768 1398 1854 nobisque
1437 1767 1522 1836 ad
1579 1789 1736 1836 eum
1776 1788 2008 1857 preces
2058 1766 2535 1837 adhibendae:

39 1861 207 1936 atque
252 1854 360 1923 ille
407 1856 623 1937 brevi,
675 1855 857 1942 quod
908 1856 1312 1946 expetimus,
1359 1856 1426 1924 in
1469 1870 1780 1945 apertum
1822 1855 2095 1945 profert.
2130 1878 2165 1921 »
2207 1854 2302 1924 Ad
2352 1856 2539 1925 hunc

42 1938 282 2010 modum
331 1943 810 2034 praestigiator
858 1943 971 2012 ille
1010 1967 1089 2013 ac
1123 1966 1366 2026 vanus,
1398 1945 1608 2045 quod,
1648 1966 1772 2034 pro
1799 1966 1877 2013 eo
1907 1957 2110 2031 atque
2139 1944 2535 2033 imperarat,

42 2046 101 2093 ac
128 2034 510 2102 veteratorio
543 2033 775 2102 animo
811 2032 1089 2102 molitus
1121 2032 1362 2114 fuerat,
1407 2055 1553 2123 jam
1589 2032 1874 2122 jamque
1921 2044 2326 2102 eventurum
2369 2046 2536 2111 erat,

44 2127 168 2184 ante
216 2121 593 2209 praedicit,
648 2132 724 2190 ut
776 2121 949 2189 vatis
996 2121 1247 2190 famam
1312 2134 1885 2208 consequeretur,
1940 2122 2060 2207 qui
2109 2121 2544 2191 densissimis

47 2206 299 2300 tenebris
332 2231 410 2279 ac
452 2209 709 2279 scelere
738 2208 984 2298 plenus
1016 2221 1180 2278 erat.
1214 2214 1379 2279 Cum
1417 2223 1644 2279 autem
1680 2210 1726 2277 ii
1776 2210 1893 2295 qui
1942 2210 2250 2290 aderant,
2286 2209 2543 2295 quique

51 2291 184 2361 mhi}
212 2296 292 2365 ad
334 2298 713 2378 veritatem,
759 2298 873 2366 sed
912 2297 998 2366 ad
1031 2299 1318 2389 gratiam
1357 2299 1591 2368 omnia
1623 2321 1746 2369 sua
1783 2310 1924 2366 tum
1962 2297 2133 2367 facta
2169 2310 2314 2367 tum
2364 2297 2544 2367 dicta

48 2378 414 2469 referebant,
473 2387 708 2457 tritum
760 2384 930 2457 illud
987 2409 1067 2458 ac
1116 2387 1593 2478 pervulgatum
1645 2387 2020 2467 dixissent,
2079 2392 2201 2459 Cor
2245 2389 2426 2478 reyis
2472 2388 2546 2456 in

43 2488 212 2540 manu,
264 2479 384 2546 Dei
432 2487 531 2547 est
586 2475 811 2565 (Prov.
865 2477 1049 2566 xxl);
1090 2489 1176 2559 et,
1222 2482 1466 2548 Orante
1516 2487 1599 2557 le,
1659 2482 1825 2546 Deus
1871 2479 2133 2546 omnino
2170 2477 2543 2555 emaudz‘et,·

41 2562 397 2634 concionem
441 2564 818 2635 solverunt.

109 2649 323 2733 §22
378 2658 588 2721 Porro
649 2652 1103 2723 admirandus
1170 2653 1557 2742 Stephanus
1625 2651 2078 2722 execrandum
2154 2652 2403 2731 illurn,
2467 2674 2546 2721 ac

42 2735 177 2805 mali
225 2740 487 2810 malum
538 2740 985 2830 discipulum,
1026 2753 1176 2831 post
1212 2742 1480 2811 tertium
1519 2741 1698 2810 diem
1737 2741 2043 2819 accersit,
2090 2740 2546 2830 plurimisque

40 2829 383 2917 praeceptis
453 2830 868 2910 instructum
937 2829 1301 2910 detondet,
1355 2851 1433 2898 ac
1483 2829 1862 2899 monastico
1915 2829 2154 2898 habitu
2210 2829 2540 2911 adornat,

38 2923 231 2999 atque,
286 2932 360 2988 ut
411 2918 798 2988 Salomonis
848 2918 1068 2988 verbis
1118 2932 1291 2998 utar,
1347 2919 1658 2986 inaurem
1695 2938 1971 2987 auream
2026 2917 2175 2985 nari
2228 2918 2546 3007 porcinae

38 2998 321 3092 imponit.
378 3006 506 3076 Ille
551 3019 775 3076 autern
829 3006 1001 3075 nihil
1051 3006 1283 3075 divina
1318 3006 1435 3075 illa
1485 3018 1840 3095 praecepta
1877 3019 2203 3086 moratuS,
2247 3018 2542 3075 montem

37 3098 353 3182 tamquam
395 3097 690 3186 ignavus
735 3096 1081 3185 quispiam
1123 3118 1202 3164 ac
1249 3093 1457 3184 fugax
1489 3095 1708 3175 mileS,
1749 3094 2164 3181 relinquens,
2198 3093 2279 3162 ad
2315 3096 2544 3164 aulam

37 3176 196 3250 abiit.
248 3188 631 3275 Imperator
672 3205 825 3253 vero
882 3183 1193 3254 lubenter
1236 3204 1392 3252 eum
1441 3183 1713 3272 excipit,
1768 3205 1847 3251 ac
1898 3183 2068 3252 laeto
2117 3184 2348 3251 animo
2398 3204 2547 3251 am-

37 3265 349 3353 plectitur,
408 3293 542 3340 non
595 3272 680 3340 ob
732 3286 1040 3342 sanctum
1095 3272 1430 3353 habitum,
1486 3283 1560 3340 ut
1608 3271 1980 3362 oportebat,
2034 3271 2148 3338 sed
2202 3271 2286 3339 ob
2321 3271 2385 3339 id
2434 3291 2548 3359 po-

37 3353 168 3438 tiuS,
205 3360 385 3446 quod
415 3381 578 3428 eum
605 3359 985 3448 abjecisset,
1035 3361 1328 3448 hincque
1362 3361 1699 3450 ipsejusti
1736 3360 1863 3429 viri
1895 3360 1977 3428 de
2009 3359 2234 3428 medio
2266 3358 2547 3428 tollendi

37 3462 245 3514 ansam
309 3461 557 3517 nactus
622 3460 818 3517 esset.
876 3448 1235 3518 Confestim
1298 3449 1509 3539 igitur
1555 3448 1878 3518 omnibus
1942 3447 2248 3536 cujusvis
2310 3447 2548 3517 aetatis

37 3527 414 3606 hominibus
462 3536 548 3605 ad
600 3537 956 3627 publicum
992 3537 1329 3606 theatrum
1378 3536 1508 3605 sub
1544 3537 1958 3607 matutinum
2008 3549 2279 3626 tempus
2326 3537 2549 3626 ipsius

37 3617 205 3703 iussu
253 3626 534 3707 coactis,
575 3637 762 3697 stans
797 3625 911 3694 ille
943 3625 1178 3695 eodem
1214 3646 1349 3713 quo
1386 3626 1579 3725 prius
1621 3625 1789 3706 loc0,
1828 3624 1962 3695 alta
2011 3624 2306 3710 quadam
2359 3646 2543 3705 voce,

37 3728 97 3777 ac
130 3712 298 3783 mira
335 3714 590 3783 laetitia
626 3713 901 3804 perfuso
932 3715 1165 3783 animo
1198 3738 1213 3779 ι
1267 3736 1302 3779 «
1336 3713 1529 3793 v1cit‚
1569 3713 1815 3801 inquit,
1861 3714 2127 3782 fortuna
2175 3735 2355 3794 mea:
2398 3734 2551 3803 pre-

37 3818 256 3885 :esque
293 3825 482 3872 meas
534 3803 862 3873 Dominus
909 3802 1275 3872 exaudivit.
1309 3824 1345 3868 »
1395 3807 1560 3871 Cum
1602 3814 1827 3871 autem
1865 3801 2234 3871 multitudo
2270 3823 2389 3891 pro
2424 3823 2551 3871 suo

37 3904 196 3956 more
237 3890 373 3980 ipsi
410 3891 893 3981 applausisset,
938 3903 1141 3979 atque
1178 3891 1309 3961 ista
1348 3890 1430 3959 ad
1468 3892 1760 3980 gratiam
1808 3901 1872 3959 et
1911 3890 2315 3976 obsequium
2367 3912 2553 3961 com-

37 3991 243 4060 parata
290 4001 536 4049 rursus
566 3980 891 4051 dixisset:
947 4003 982 4046 «
1016 3979 1302 4063 Quando
1341 3992 1595 4061 autem,
1633 4001 1671 4048 o
1711 3979 1893 4059 here,
1948 3990 2009 4047 te
2045 3979 2373 4048 Dominus
2398 4000 2549 4047 non

37 4065 416 4136 exaudivit?
448 4091 483 4134 »
535 4072 687 4157 Ipse
720 4068 847 4138 hoc
891 4090 1204 4139 sermone
1242 4068 1653 4148 delectatuS‚
1685 4074 1790 4136 ‘ac
1832 4066 2142 4155 jucunde
2192 4067 2545 4164 arridens:

37 4170 61 4213 κ
92 4155 452 4237 Revelavit,
496 4157 741 4244 inquit,
783 4158 955 4226 mihi
996 4163 1171 4227 Deus
1202 4178 1403 4245 quem
1440 4158 1899 4243 quaerebam:
1952 4176 2155 4242 quem
2207 4154 2266 4222 si
2313 4152 2540 4231 vult1S,

37 4235 348 4313 hodierno
399 4244 510 4313 die
557 4246 748 4317 vobis
797 4247 1371 4315 commonstrabo.
1409 4267 1446 4311 »
1496 4249 1584 4313 Ac
1630 4242 1837 4314 simul
1888 4242 2335 4333 spectandum
2388 4261 2547 4309 eum

37 4329 367 4413 produxit.
404 4334 795 4403 Promiscua
832 4335 1058 4421 itaque
1089 4333 1208 4403 illa
1241 4332 1633 4414 multitudo,
1666 4330 1871 4401 simul
1902 4343 2102 4418 atque
2138 4331 2361 4427 ipsum
2392 4348 2553 4425 con-

36 4419 252 4502 spexit,
315 4442 455 4507 quo
496 4424 780 4513 tempori
837 4423 1055 4512 magis
1094 4422 1322 4492 adhuc
1369 4420 1899 4507 obsequeretur:
1955 4442 1990 4485 «
2025 4424 2244 4496 Hunc,
2299 4426 2547 4502 inquit,
2645 4501 2653 4508 ι

169 4540 413 4598 Sus-ius
439 4572 463 4585 -
503 4540 671 4603 Vitae
700 4540 805 4603 SS.
834 4572 858 4588 ·
887 4539 1024 4603 Vol.
1057 4537 1157 4600 xl.
2321 4530 2395 4591 45
