2993 4837
559 319 686 381 512
1092 337 1170 382 nr.
1217 337 1273 384 s.
1327 335 1622 384 cranao
1669 337 1908 383 anana
1958 336 2384 383 samosatenffl
2672 318 2818 383 Nov.
2857 320 2876 384 l
2916 358 2923 367 ·

473 420 861 508 praecipuis
884 420 1308 508 jejuniorum
1338 421 1586 490 diebus
1618 443 1699 490 ex
1725 420 2247 500 consuetudine,
2283 420 2473 489 bidui
2512 422 2794 490 abstineri
2820 422 2831 433 ‘
2964 426 2967 457 ⁵

469 508 899 576 continuaret
944 508 1391 596 frequentius.
1441 515 1517 578 Et
1564 510 1674 578 his
1711 524 1944 579 contra
1984 522 2559 579 tentamentorum
2590 508 2905 611 jaculari
2966 541 2968 550 ⁴

476 596 619 685 peis
658 598 1154 684 praemunitus,
1199 597 1466 687 vigilias
1501 598 1798 680 amabat,
1825 612 1889 667 et
1919 599 2321 667 assiduitate
2349 599 2590 667 orandi
2622 600 2919 688 spiritus*
2966 598 2969 640 ¹

476 687 816 772 nequitiae
857 685 1244 787 repellebat.
1288 691 1613 756 Summae
1660 702 1886 757 autem
1933 689 2342 755 humilitatis
2384 689 2606 789 gratia
2646 688 2883 776 praeci
2966 687 2969 698 ’

476 773 860 863 praeditus,
923 787 1263 844 intantum
1315 774 1770 846 voluntariam
1827 789 2295 865 paupertatem
2346 775 2701 864 dlligebat,
2744 789 2809 845 ut
2851 794 2881 837 22.
2966 777 2969 818 ¹

471 883 706 931 renam
740 863 1029 953 gloriam
1070 864 1395 933 omnibus
1429 864 1691 954 sugeret
1741 864 1986 933 modiS.
2026 866 2145 933 Cui
2195 866 2401 934 etiam
2453 866 2626 934 haec
2671 879 2800 933 erat
2834 896 2867 923 »ι
2896 876 2913 885 “·
2966 866 2969 907 ²

475 950 788 1033 suetud0‚
841 964 917 1022 ut
965 952 1024 1022 si
1080 974 1429 1039 quoquam
1507 975 1627 1041 pro
1682 953 1977 1024 utilitate
2048 955 2445 1023 monasterii
2518 975 2678 1024 eum
2738 952 2907 1023 tend
2963 952 2969 997 ’ἶ

477 1040 845 1110 necessitas
897 1042 1337 1132 poposcisset,
1376 1040 1531 1110 vilis
1568 1042 1717 1110 miti
1763 1042 1967 1112 dorso
2002 1042 2356 1111 veheretur
2394 1043 2622 1112 aselli.
2657 1048 2798 1112 Erat
2820 1044 2907 1110 in

474 1141 761 1211 caetera,
818 1142 1002 1199 tanta
1043 1130 1111 1199 in
1163 1151 1241 1198 eo
1291 1147 1676 1220 pauperum
1729 1130 2143 1212 sollicitudo,
2198 1143 2272 1201 ut
2318 1153 2564 1200 eorum
2611 1153 2833 1201 curam
2871 1160 2907 1191 2--

477 1239 548 1286 se
600 1218 848 1307 potiuS,
884 1241 1088 1305 quarn
1152 1240 1271 1307 per
1317 1218 1487 1288 alios
1531 1218 1852 1288 exhibere
1899 1220 2223 1289 studeret.
2282 1224 2355 1288 In
2407 1242 2491 1289 eo
2552 1243 2711 1290 vero
2749 1220 2881 1288 mi

475 1306 750 1376 cordiae
787 1328 1012 1398 opere,
1052 1307 1235 1394 quod
1285 1307 1720 1397 eleemosyna
1758 1307 2038 1389 dicitur,
2080 1309 2187 1377 vix
2242 1308 2578 1396 cuiquam
2641 1310 2885 1379 habe·
2966 1305 2969 1353 ¹

478 1396 851 1464 secundus.
887 1401 1051 1465 Nam
1101 1395 1183 1465 ad
1237 1395 1717 1484 suscipiendos
1757 1395 2085 1483 leprosos,
2121 1399 2239 1484 qui
2287 1420 2328 1467 a
2375 1400 2676 1467 caeteris
2724 1397 2886 1466 hom'
2962 1414 2967 1435 ⁶

476 1483 610 1552 bus
644 1484 938 1571 sejuncti
973 1506 1247 1554 manere
1278 1497 1804 1566 consueverunt,
1847 1485 2288 1575 hospitiolum
2339 1486 2530 1556 haud
2572 1486 2770 1587 longe
2798 1509 2829 1554 a

482 1574 777 1641 nasterio
808 1586 990 1642 extra
1026 1596 1140 1642 eas
1190 1574 1607 1652 mansiones,
1645 1576 1904 1660 quibus
1936 1576 2181 1644 caeteri
2214 1597 2566 1664 pauperes
2598 1578 2869 1665 recipiet
2966 1573 2969 1618 l

482 1676 613 1740 tur,
667 1663 1045 1743 constituit,
1105 1674 1170 1730 et
1216 1662 1316 1730 eis
1362 1683 1601 1731 curam
1702 1683 1775 1730 er
1828 1684 1899 1731 se
1946 1663 2365 1733 omnimodis
2438 1664 2862 1753 impendebat

481 1748 807 1830 sollicite,
868 1764 945 1820 ut
1002 1751 1357 1820 nocturnis
1403 1752 1605 1820 etiam
1654 1684 1846 1820 floris
1897 1753 2313 1821 monasterio
2376 1774 2589 1844 saepe
2649 1754 2768 1843 dig
2809 1784 2817 1794 ·
2862 1784 2878 1811 Ἴ

481 1860 719 1907 curam
794 1840 1178 1908 infirmitati
1244 1861 1480 1908 eorum
1547 1840 1722 1908 miro
1789 1840 2172 1909 devotionis
2237 1840 2604 1910 adhiberet
2674 1845 2901 1927 obseqr'

482 1929 712 2084 Capita
745 1927 1085 2014 siquidem
1118 1949 1354 1998 eorum
1393 1928 1737 2018 pedesque
1766 1928 2079 2010 abluenS,
2113 1929 2482 2020 purulenta
2524 1932 2682 2002 suis
2713 1931 2885 2001 mani
2967 1987 2968 1992 ,

482 2037 569 2086 vu
607 2038 768 2085 nera
815 2017 1230 2107 detergebat,
1282 2030 1346 2085 et
1402 2017 1611 2085 victui
1665 2018 2048 2087 necessaria
2100 2018 2565 2096 ministrabat,
2607 2020 2792 2089 illam
2866 2046 2884 2075 a

484 2125 605 2194 per
630 2106 863 2175 animo
892 2106 1241 2175 revolvens
1268 2106 1700 2187 sententiam,
1727 2106 2426 2195 quamjudexjustus
2460 2106 2895 2178 misericordin
2964 2106 2967 2179 ἱ

485 2194 881 2282 prolaturus
918 2208 1042 2275 est,
1082 2195 1363 2262 dicens:
1403 2195 1589 2278 Quod
1629 2197 1755 2262 uni
1782 2196 1862 2263 de
1893 2196 1995 2264 his
2032 2198 2329 2264 minimis
2358 2199 2705 2285 fratribus
2733 2198 2865 2265 meis
2899 2242 2901 2245 -

483 2286 689 2362 cistis,
727 2285 902 2352 milti
940 2286 1192 2373 saevistis
1236 2283 1504 2372 (Manli.
1543 2289 1645 2363 n).
1687 2283 1933 2370 Sicque
1981 2283 2232 2353 sactum
2282 2299 2404 2365 est,
2459 2300 2542 2355 ut
2595 2300 2831 2356 cuncto
2869 2314 2874 2327 ·

483 2373 601 2458 qui
650 2394 806 2441 eum
854 2384 1201 2452 noverant,
1243 2372 1674 2442 veneratione
1723 2371 2069 2454 sublimis,
2120 2386 2307 2463 pater
2348 2396 2746 2476 pauperum
2793 2396 2903 2461 apr·

488 2461 744 2530 laretur
787 2483 828 2530 a
880 2462 1221 2552 plurimis.
1281 2467 1441 2531 Tam
1499 2461 1786 2551 pleniter
1841 2475 2068 2531 autem
2140 2463 2669 2535 misericordiae
2728 2462 2903 2535 studi

489 2550 930 2639 possederat,
998 2564 1072 2619 ut
1130 2551 1185 2619 si
1235 2572 1439 2637 quem
1511 2572 1891 2639 pauperum
1956 2551 2286 2621 nuditatis
2334 2553 2604 2637 injuria
2660 2569 2893 2642 torpeti

485 2639 949 2729 conspiceret,
998 2639 1401 2728 plerumque
1451 2640 1598 2708 suis
1653 2651 1899 2708 exutus
1950 2641 2295 2720 vestibus,
2351 2642 2597 2711 miseri
2650 2643 2911 2725 cont-p?

487 2740 719 2798 artus:
765 2728 855 2797 ita
890 2741 965 2796 ut
1015 2728 1356 2798 interdum
1392 2729 1542 2797 sine
1592 2728 1846 2809 tunica,
1883 2729 2027 2797 sola
2075 2751 2293 2819 cappa
2340 2744 2733 2811 contectuS‚
2775 2730 2893 2799 ad

490 2816 863 2885 nasterium
902 2830 1253 2886 remearet.
1291 2815 1528 2886 Maluit
1575 2816 1757 2884 enim
1815 2839 1935 2905 per
1966 2819 2344 2908 praesentis
2395 2841 2705 2909 pompae
2733 2839 2841 2888 con

491 2916 680 2994 ptum
744 2906 825 2973 ad
880 2905 1361 2975 indumentum
1416 2904 1957 2993 incorruptionis
2006 2920 2318 2975 aeternae
2371 2910 2837 2998 pertingere,
2892 2943 2907 2966 Ξι

490 3014 610 3094 per
673 2994 831 3062 boni
902 2995 1130 3084 operis
1201 2996 1645 3064 amissionem
1714 2991 1986 3063 futurae
2067 2996 2398 3064 nuditatis
2474 2997 2840 3088 opprobria
2892 3021 2903 3046 ἢ

488 3094 767 3151 sttnere.

577 3172 614 3257 ξ
660 3175 750 3242 8.
805 3170 1111 3253 Quodam
1154 3171 1337 3240 enim
1393 3184 1696 3272 tempore
1728 3170 1811 3237 ad
1866 3172 2187 3259 Pipinum
2242 3177 2491 3261 Regem
2551 3175 2846 3242 veniens
2894 3201 2911 3226 2-

490 3261 771 3329 norifice
820 3273 1184 3350 susceptus
1235 3274 1357 3329 est.
1407 3264 1483 3327 Et
1537 3272 1714 3327 inter
1749 3259 1884 3328 alia
1939 3260 2271 3350 largitatis
2311 3263 2461 3351 ejus
2508 3262 2869 3333 beneficia.

490 3351 926 3418 necessitates
974 3349 1259 3418 fratrum
1313 3370 1595 3419 suorum
1643 3348 2127 3429 sublevandas,
2174 3351 2435 3440 argenti
2489 3350 2710 3422 libras
2757 3360 2913 3436 sept

492 3439 679 3529 ginta
735 3439 1057 3528 percepit.
1105 3437 1231 3508 Sed
1285 3460 1462 3518 mox,
1507 3450 1583 3506 ut
1631 3435 1712 3504 ad
1767 3459 1890 3506 sua
1942 3439 2211 3516 rediret,
2261 3460 2612 3529 egressus,
2662 3438 2913 3509 maxim

491 3526 801 3615 ejusdem
840 3528 1166 3615 pecuniae
1202 3540 1457 3616 partem
1498 3548 1620 3615 pro
1657 3524 1922 3596 foribus
1963 3527 2197 3616 palatii
2244 3530 2673 3616 pauperibus
2704 3546 2877 3613 eroga
2918 3553 2921 3572 1

492 3621 751 3685 Paucos
783 3629 1010 3685 autem
1065 3616 1318 3684 solidos
1356 3615 1462 3683 vix
1492 3637 1530 3683 a
1565 3614 1918 3693 fratribuS‚
1950 3616 2073 3703 qui
2107 3638 2338 3686 secum
2376 3630 2595 3696 erant,
2631 3610 2933 3705 compul'g

494 3706 795 3786 retinuit,
835 3704 1091 3791 quibus
1123 3703 1556 3794 postmodum
1608 3703 1954 3789 quoddam
2011 3706 2427 3774 territorium
2483 3702 2909 3775 monasterio

492 3794 727 3861 einum
778 3795 1046 3863 coemit.
1096 3793 1608 3862 Dominicorum
1646 3794 1828 3859 enim
1882 3815 2017 3862 non
2071 3797 2437 3863 immemor
2479 3805 2923 3885 praeceptor-u·¹

495 3905 619 3953 sua
667 3904 875 3951 causa
923 3881 1006 3951 de
1046 3884 1347 3951 crastino
1406 3903 1538 3950 non
1591 3882 1957 3970 cogitabat.
1994 3883 2218 3951 sciens
2262 3885 2676 3952 monachum
2737 3881 2949 3973 victuJ

494 3982 889 4062 tegumento
917 3984 1312 4041 contentum
1346 3993 1494 4039 esse
1524 3969 1794 4038 debere.
1832 3975 1906 4038 Et
1936 3971 2087 4041 ideo
2124 3985 2593 4061 paupertatem
2631 3970 2756 4041 sibi
2792 3976 2955 4054 poti·-

497 4062 781 4147 suisque
829 4059 1102 4161 delegit,
1139 4082 1345 4148 quam
1402 4076 1629 4127 rerum
1685 4061 2188 4129 transeuntium
2245 4064 2737 4150 possessionem
2783 4070 2947 4141 supe

497 4150 738 4229 fluam,
776 4149 1109 4237 expeditis
1145 4147 1487 4218 mentibus
1521 4169 1906 4216 onerosam.

586 4240 621 4323 ἓ
668 4242 753 4309 4.
808 4239 1026 4327 Igitur
1072 4261 1229 4307 curn
1295 4239 1435 4328 Jam
1505 4237 1834 4305 Dominus
1885 4236 2146 4307 meritis
2199 4239 2350 4326 ejus
2399 4239 2604 4328 digna
2659 4227 2945 4337 rependere

500 4324 929 4405 decrevisset,
965 4326 1261 4396 callidus
1294 4326 1652 4394 universae
1704 4325 2024 4395 bonitatis
2066 4326 2418 4407 inimicus,
2465 4328 2652 4396 bonis
2681 4343 2810 4414 ejus
2832 4326 2942 4383 aett-

502 4411 632 4479 bus
679 4413 1016 4496 invidens,
1055 4416 1339 4503 ejusque
1395 4414 1725 4504 exemplis
1774 4414 2066 4484 aliorum
2128 4415 2330 4484 vitam
2384 4416 2619 4486 dolens
2668 4408 2936 4503 proficere,
