2993 4837
60 312 211 377 Nov.
262 314 343 376 25
698 330 775 375 ns
824 328 879 374 S.
935 327 1295 375 cummisit
1347 329 1513 376 vino.
1566 329 1641 376 m
1692 329 1881 375 usar.
2353 315 2480 378 673

128 417 160 501 ἓ
201 420 346 488 16.
399 418 699 503 Augusta
746 425 974 483 autem
1025 436 1199 483 uxor
1231 415 1671 503 Imperatoris
1705 435 1863 483 cum
1902 413 2235 483 audiisset
2282 415 2366 483 de
2399 421 2572 484 Mar-

64 517 201 590 tyre,
244 515 308 570 et
352 516 529 572 esset
575 503 807 571 animo
856 502 924 570 in
966 524 1116 571 eam
1168 503 1341 572 bene
1387 503 1651 584 affecta,
1684 502 2118 572 desiderabat
2167 503 2393 573 videre
2422 505 2574 594 ejus

60 591 294 672 faciem,
331 606 396 661 et
427 613 577 659 eam
627 591 868 660 audire
919 591 1335 680 loquentem,
1380 591 1465 660 de
1499 614 1631 678 qua
1679 591 1836 661 talia
1888 593 2154 661 narrari
2190 592 2571 663 audiverat.

60 680 431 750 Desiderans
506 692 730 748 autem
766 735 780 761 ,
857 681 924 749 id
980 681 1266 749 minime
1335 681 1872 767 assequebatur:
1926 695 1992 750 et
2042 702 2174 750 non
2252 682 2574 769 assequi,

58 769 209 854 quod
245 768 700 849 desiderabat,
753 782 898 840 erat
945 770 1005 837 ei
1047 769 1452 857 gravissima
1504 769 1885 839 calamitas.
1922 775 2087 840 Cum
2140 769 2223 839 ad
2259 792 2407 840 eam
2461 793 2580 841 au·

60 871 167 924 tem
217 857 588 945 aliquando
638 857 994 947 ingressus
1042 855 1281 927 fuisset
1306 864 1431 927 Por
1486 858 1685 947 hyrio
1716 859 1808 947 (is
1837 880 1993 927 vero
2041 873 2185 928 erat
2215 864 2354 928 Dux
2388 881 2581 929 exer·

57 946 231 1024 citus,
284 961 348 1015 et
383 969 597 1016 manu
636 946 1075 1027 fortissimus,
1116 959 1180 1015 et
1212 948 1283 1034 in
1319 946 1423 1015 bel
1460 968 1500 1015 o
1529 946 1785 1036 optime
1817 948 2250 1028 exercitatuS,
2295 961 2360 1017 et
2394 949 2462 1016 in
2500 969 2580 1016 eo

60 1035 286 1122 primas
336 1050 562 1124 partes
602 1036 952 1125 obtinens)
986 1036 1021 1069 ⁴²
1071 1041 1235 1105 Cum
1288 1057 1451 1125 ergo
1522 1036 1930 1125 Imperatrix
1991 1035 2368 1122 aliquando
2417 1058 2577 1106 eum

61 1123 254 1192 solum
298 1124 695 1203 invenisset,
738 1137 1085 1210 tamquam
1148 1125 1208 1192 ei
1249 1146 1572 1194 arcanam
1618 1124 1921 1210 aliquam
1961 1137 2324 1194 narratura
2373 1126 2580 1195 actio-

64 1232 215 1291 nem,
270 1213 463 1302 prius
496 1213 1035 1302 Porphyrionem
1073 1212 1947 1303 adstringitjurejurando,
1999 1228 2062 1282 et
2097 1213 2300 1282 fidem
2342 1215 2428 1283 ab
2459 1213 2578 1283 illo

65 1301 319 1389 accipit,
375 1300 516 1370 sore
566 1316 640 1371 ut
691 1302 927 1370 nullus
975 1301 1062 1370 ab
1122 1324 1200 1371 eo
1274 1302 1553 1371 resciret
1617 1324 1976 1371 arcanum.
2036 1302 2286 1372 Deinde
2346 1303 2461 1371 illa
2512 1304 2578 1371 ei

66 1392 304 1477 exponit
330 1412 537 1461 suum
579 1390 1028 1464 desiderium.
1062 1403 1127 1458 et
1164 1390 1749 1476 quemadmodum
1787 1390 2242 1472 desiderabat,
2283 1392 2580 1462 inscien-

72 1476 221 1546 tibus
264 1481 631 1560 omnibus,
685 1479 1048 1548 convenire
1099 1484 1488 1567 Martyrem.
1555 1484 1720 1549 Cum
1792 1479 2057 1550 beatam
2109 1493 2334 1550 autem
2388 1479 2578 1549 illam

66 1586 260 1636 vocem
310 1568 710 1649 audivisset,
749 1590 854 1638 res
907 1567 1366 1658 ondetPorph
1422 1568 1565 1636 rio:
1613 1591 1650 1634 «
1684 1573 1844 1658 Ego,
1894 1569 2142 1655 inquit,
2177 1592 2217 1638 o
2266 1569 2574 1649 domina,

67 1653 274 1724 faciam
312 1657 434 1726 tibi
466 1657 651 1744 quod
697 1657 840 1728 desi
895 1678 1069 1736 erae,
1104 1668 1246 1725 esto
1281 1679 1355 1727 so
1391 1680 1507 1726 um
1563 1670 1868 1746 parata.»
1910 1661 2075 1727 Cum
2120 1680 2276 1727 vero
2314 1657 2583 1727 adesset

68 1763 330 1833 vespera,
382 1757 446 1814 et
486 1751 863 1835 Augustam
915 1746 1290 1834 accepisset
1330 1745 1709 1835 Porphyrio
1763 1767 1920 1815 cum
1973 1746 2290 1817 ducentis
2345 1746 2583 1816 militi-

70 1829 192 1912 bus,
244 1835 535 1923 pecunifi
569 1835 915 1924 corruptis
962 1833 1390 1913 custodibUS‚
1445 1855 1605 1904 cum
1659 1835 1808 1923 ipsa
1857 1834 2244 1924 ingreditur
2291 1836 2372 1903 ad
2426 1835 2583 1903 bea-

71 1931 203 1987 tam.
231 1928 534 2012 Augusta
568 1937 794 1992 autem
837 1946 996 1992 cum
1034 1923 1316 1993 vidisset
1351 1922 1548 1991 illum
1584 1935 1892 2012 optatum
1930 1922 2194 1992 vultum
2233 1924 2574 2012 MartyriS,

70 2007 364 2080 admirata
415 2012 752 2092 divinam,
806 2033 983 2098 quae
1032 2012 1101 2080 in
1152 2033 1231 2080 ea
1282 2013 1589 2091 florebat,
1652 2012 1969 2100 gratiam,
2023 2023 2088 2081 et
2136 2011 2579 2101 splendidum

72 2098 165 2180 qui
206 2099 387 2170 illinc
436 2101 903 2180 emittebatur,
961 2100 1258 2180 radium,
1365 2099 1609 2169 rocidit
1639 2102 1771 2170 cito
1820 2098 1902 2168 ad
1945 2101 2151 2190 pedes
2200 2101 2372 2190 ejus,
2427 2113 2490 2168 et
2520 2099 2584 2168 ei

79 2185 321 2258 effundit
391 2189 745 2279 lacrymas
796 2188 1089 2258 laetitiae
1121 2243 1135 2268 ‚
1201 2206 1267 2257 et
1316 2123 1487 2258 liaeo
1541 2188 1762 2258 locuta
1829 2201 1930 2257 est
1975 2211 2129 2257 cum
2207 2188 2579 2288 lacrymis-z

85 2296 114 2335 «
144 2278 302 2346 Nunc
349 2301 477 2368 ego
532 2298 686 2348 sum
753 2299 983 2347 revera
1034 2279 1227 2347 beata
1275 2289 1340 2346 et
1388 2280 1819 2366 Imperatrix,
1872 2279 2051 2364 quod
2112 2300 2265 2347 sum
2318 2277 2435 2347 tali
2485 2276 2589 2345 di-

83 2378 247 2515 ῗηᾱῑᾶ
290 2366 711 2458 spectaculo,
746 2379 810 2436 et
844 2366 1036 2435 video
1073 2388 1300 2437 meum
1353 2366 1772 2437 desiderium
1810 2380 2256 2438 consecutum
2291 2387 2441 2436 esse
2487 2363 2587 2434 ef-

86 2464 327 2547 ·ectum:
382 2479 513 2547 ego
570 2456 751 2524 enim
807 2456 1082 2545 Jamdiu
1141 2457 1239 2525 tui
1292 2478 1545 2545 magno
1593 2469 1824 2525 teneor
1872 2456 2244 2536 desideri0,
2302 2468 2379 2526 ut
2441 2468 2580 2535 tuo,

82 2560 350 2627 mquam,
394 2545 662 2614 fruerer
690 2544 1019 2634 adspectu
1074 2556 1137 2613 et
1185 2567 1527 2619 sermone,
1566 2567 1604 2614 o
1645 2567 1837 2613 serva
1887 2546 2000 2613 Dei
2038 2568 2051 2612 :
2096 2561 2160 2615 et
2199 2544 2297 2614 vel
2362 2546 2584 2633 ipsam

78 2630 340 2703 animam
375 2634 694 2704 lubenter
756 2634 1077 2702 amittens
1125 2655 1283 2702 cum
1339 2633 1653 2723 imperio,
1714 2655 1897 2703 nunc
1942 2656 2095 2703 sum
2151 2634 2362 2724 potita
2409 2633 2587 2702 desi-

78 2715 255 2790 derio.
309 2723 374 2791 si
413 2723 745 2811 deinceps
791 2743 952 2821 ergo
987 2721 1086 2791 vel
1140 2744 1325 2791 mors
1373 2723 1760 2801 accesserit,
1807 2743 1941 2790 non
1998 2745 2105 2792 me
2137 2722 2442 2812 amplius
2469 2720 2589 2791 do-

80 2803 192 2875 lore
222 2810 484 2892 afficiet,
532 2823 608 2879 ut
637 2832 814 2899 quae
848 2832 978 2879 sim
1016 2822 1329 2880 assecuta
1372 2811 1437 2879 id
1484 2811 1667 2898 quod
1706 2811 2209 2893 desiderabam,
2257 2825 2322 2881 et
2368 2812 2587 2881 amori

81 2913 201 2964 meo
245 2899 716 2969 satisfecerim.
772 2904 1007 2968 Laetor
1052 2921 1215 2989 ergo
1262 2899 1489 2980 corde,
1544 2912 1609 2968 et
1642 2900 1873 2967 animo
1924 2923 2077 2969 sum
2121 2901 2378 2990 optime
2425 2901 2589 2970 affe-

79 2994 183 3064 cta,
233 3000 359 3057 tam
407 2988 792 3059 'ucundum
846 2988 1281 3077 splendorem
1323 3009 1402 3057 ex
1434 3001 1551 3058 tuo
1586 2988 1778 3057 vultu
1826 2990 2199 3076 accipiens.
2241 2995 2324 3058 Es
2359 2989 2590 3077 itaque

80 3068 241 3143 beata
285 3090 347 3145 et
409 3078 544 3146 elix
588 3077 829 3145 merito
855 3075 1334 3157 existimanda,
1388 3078 1569 3162 quod
1608 3078 1869 3147 Christo
1903 3077 2322 3158 adhaeseri5‚
2363 3100 2400 3145 a
2450 3100 2587 3165 quo

80 3169 189 3229 tam
229 3165 439 3235 multa
488 3166 672 3235 dona
704 3179 769 3234 et
816 3165 1073 3254 gratiae
1107 3166 1229 3234 tibi
1264 3166 1818 3255 suppeditantur.
1850 3189 1885 3233 »

147 3252 340 3335 512.
397 3255 488 3323 Ad
553 3254 721 3323 haec
769 3253 939 3323 dixit
987 3261 1277 3344 Martyr:
1320 3278 1355 3321 «
1389 3261 1483 3324 Tu
1534 3276 1808 3342 quoque
1866 3277 1940 3324 es
1983 3256 2198 3336 beata,
2254 3275 2293 3321 o
2363 3260 2589 3344 Impe-

79 3340 278 3422 ratrix,
329 3344 509 3430 quod
566 3344 633 3411 in
670 3343 1078 3433 Angelorum
1115 3344 1439 3413 manibus
1489 3344 1683 3413 video
1725 3365 2050 3414 coronam
2105 3346 2199 3414 tui
2236 3345 2482 3435 capitis
2518 3346 2591 3414 in

79 3424 264 3523 altum
291 3432 562 3513 elatam,
601 3454 737 3519 qua
766 3444 915 3520 post
941 3432 1211 3501 tertium
1243 3432 1423 3501 diem
1454 3454 1576 3521 per
1609 3433 1704 3513 id,
1735 3432 1915 3520 quod
1951 3447 2010 3501 te
2046 3446 2293 3513 manet,
2324 3432 2592 3522 suppli-

80 3534 235 3584 cmm
264 3521 600 3603 redimita,
634 3519 1090 3610 ‘proficisceris
1117 3521 1199 3589 ad
1234 3543 1468 3590 verum
1507 3526 1785 3611 Regem,
1827 3544 2126 3612 regnans
2169 3536 2521 3612 perpetuo,
2554 3546 2591 3589 »

80 3637 150 3651 —
193 3628 225 3670 «
274 3609 392 3678 Sed
438 3633 591 3680 sum
622 3609 887 3688 timida,
924 3609 1090 3677 dicit
1121 3611 1353 3679 beatae
1394 3610 1820 3698 Imperatrix‚
1864 3623 1929 3680 et
1964 3611 2170 3680 timeo
2203 3624 2588 3681 tormenta:

83 3694 348 3767 maxime
393 3712 619 3768 autem
673 3703 1191 3788 Imperatorem,
1236 3699 1418 3785 quod
1472 3700 1561 3768 sit
1600 3721 1844 3770 saevus
1890 3712 1956 3769 et
1994 3700 2342 3781 immaniS,
2398 3714 2464 3770 et
2495 3701 2597 3769 in-

84 3779 261 3851 sultet
332 3786 752 3857 hominibus.
790 3810 826 3853 »
877 3792 1130 3876 Martyr
1176 3800 1403 3857 autem
1470 3787 1638 3858 dicit
1684 3789 1788 3857 ei:
1835 3811 1870 3855 «
1925 3789 2029 3859 Sis
2072 3789 2251 3858 bono
2308 3790 2597 3871 animo;

83 3862 339 3963 habebis
383 3876 561 3945 enim
616 3876 962 3946 Christum
1013 3875 1080 3944 in
1134 3876 1336 3945 corde
1391 3889 1508 3946 tuo
1557 3877 2025 3959 habitantem,
2080 3890 2145 3947 et
2195 3889 2257 3947 te
2306 3898 2442 3947 non
2494 3892 2600 3948 at-

85 3963 271 4058 tinget
304 3976 708 4034 tormentum
741 3988 754 4031 :
793 3964 905 4033 hic
952 3965 1134 4033 enim
1174 3986 1547 4055 parumper
1595 3966 2047 4056 castigabitur
2081 3978 2274 4035 tuum
2313 3989 2594 4056 corpuS,

84 4055 138 4110 et
175 4052 634 4146 immortaliter
681 4052 823 4122 illic
876 4076 1119 4124 rursus
1149 4054 1472 4140 quiescet.
1509 4076 1543 4119 »
1595 4059 1774 4123 Haec
1814 4077 1972 4123 cum
2019 4059 2262 4125 Sancta
2312 4054 2595 4137 diceret,

87 4137 400 4234 excipiens
440 4142 851 4231 Porphyrio:
896 4164 932 4209 «
962 4148 1147 4231 Rogo
1189 4156 1249 4211 te
1283 4142 1395 4210 dic
1436 4141 1630 4222 milii,
1672 4142 1920 4229 inquit,
1970 4143 2144 4225 Quid
2190 4142 2358 4212 mihi
2409 4143 2606 4213 dabit

91 4218 396 4319 Christus»,
475 4231 529 4299 si
596 4230 665 4299 in
747 4230 945 4300 illum
997 4229 1331 4299 credam?
1379 4231 1449 4298 Ei
1502 4232 1685 4299 enim
1742 4232 1887 4319 ipse
1933 4253 2205 4318 quoque
2258 4231 2403 4320 jam
2449 4230 2603 4301 volo

94 4309 373 4385 militare.
409 4340 445 4385 »
493 4324 746 4409 Martyr
792 4331 1059 4390 autem:
1101 4342 1136 4385 «
1172 4318 1515 4399 Nondum,
1558 4319 1805 4406 inquit,
1846 4319 2067 4408 legisti
2104 4332 2222 4389 aut
2271 4319 2601 4389 audivisti

137 4432 457 4490 *stotegitun

229 4523 452 4584 surius
480 4558 501 4570 -
540 4526 707 4588 Vitae
739 4526 842 4589 ss
871 4561 899 4574 -
928 4527 1063 4591 Vol.
1094 4527 1195 4589 xi.
2368 4522 2446 4585 4³
