2993 4837
495 348 576 407 50
1252 360 1333 421 *ne
1385 360 1707 405 Fini-jmsst‘s
1760 361 2099 406 nerui-cris
2664 344 2825 408 Not.
2870 348 2900 406 ἱ.)

404 468 554 515 cum
593 470 626 513 e
667 448 804 513 oica
853 447 1217 522 ean-cessasti,
1272 467 1440 533 quae
1490 444 1752 511 candem
1801 467 2047 513 merces
2094 448 2283 531 operi
2320 456 2433 513 cuo
2481 446 2795 513 debetur?
2836 452 2904 515 Ac

407 557 648 604 rursus
676 557 685 597 :
741 535 946 601 Vicini
976 533 1206 600 domus
1239 534 1600 601 luminibus
1631 532 1793 601 meis
1825 533 2047 623 officit.
2085 538 2195 601 Et:
2241 538 2282 601 A
2300 557 2503 602 varus
2533 557 2647 602 nec
2685 545 2906 623 tempus

405 633 690 703 veretur,
737 644 846 690 nec
888 622 1130 690 limites
1174 624 1347 690 ullos
1381 623 1726 711 aynoscz't:
1767 623 1882 690 secl
1929 623 2104 710 z'ynis
2153 624 2367 690 instar
2415 634 2650 691 cuncta
2683 624 2907 690 invadit

406 736 484 782 ac
512 714 898 802 populatur,
952 710 1304 788 ec‚ra12'dz'
1343 710 1646 799 fluminis
1697 712 1763 778 ιή
1812 733 2082 789 morem,
2136 713 2387 800 impetu
2438 735 2579 787 sno,
2627 713 2912 802 quicquid

403 802 714 877 occurrit,
769 822 986 868 secu-m
1026 809 1133 866 tra
1186 801 1234 866 it
1281 798 1336 866 ⁸².
1394 804 1470 866 Et
1519 797 1652 866 alia
1706 798 1812 867 liis
1847 798 2125 877 similia,
2174 821 2349 886 quae
2389 800 2662 886 quidem
2702 800 2744 867 ii
2788 822 2910 867 otn-

402 912 549 968 4αρε,
584 889 699 975 qui
756 889 818 956 in
866 887 1379 957 sanctissimum
1425 887 1712 976 hujusce
1748 888 1871 955 viri
1908 886 2160 956 librum
2201 887 2440 957 sedulo
2470 911 2547 957 ac
2583 888 2912 978 diligenter

404 979 894 1051 incubuerunt,
950 976 1276 1046 adversus
1309 997 1425 1044 eos
1458 975 1749 1043 conferri
1789 997 1920 1043 non
1959 977 2297 1066 ignorant.
2352 977 2468 1064 qui
2522 977 2912 1066 pauperibus

409 1089 538 1135 non
581 1064 779 1134 modo
831 1065 997 1134 nihil
1051 1064 1429 1144 dederunt,
1488 1063 1602 1132 sed
1655 1086 1728 1133 ea
1780 1066 1981 1132 etiam
2034 1087 2208 1151 quae
2251 1065 2617 1146 habebant,
2670 1066 2911 1155 eripue—

406 1167 586 1223 runt.
642 1159 866 1242 Neque
901 1154 1064 1222 mihi
1099 1153 1463 1240 quisquam
1511 1153 1620 1221 hic
1655 1153 1880 1222 dicat:
1939 1158 2245 1221 Potestne
2281 1154 2558 1244 reperiri
2594 1154 2906 1241 quispiam

406 1245 608 1312 homo
655 1241 1019 1332 ejusmodi,
1073 1241 1188 1329 qui
1240 1263 1396 1329 cum
1450 1243 1700 1330 opibus
1731 1243 2241 1323 circumfluant,
2291 1265 2670 1333 pauperum
2716 1258 2909 1311 tamen

403 1332 789 1401 calamitate
828 1331 1109 1399 minime
1142 1332 1703 1399 commoveatur?
1751 1335 1850 1398 Ita
1891 1345 2068 1399 certe
2105 1331 2395 1400 inveniri
2438 1344 2675 1420 potest,
2709 1353 2916 1417 queni-

404 1420 778 1490 admodum
837 1419 1037 1487 etiam
1072 1474 1086 1499 ,
1148 1441 1302 1487 cum
1354 1418 1589 1489 multis
1629 1418 1784 1487 aliis
1838 1418 2301 1506 temporibus,
2363 1435 2505 1489 tum
2574 1420 2910 1488 clarissimi

403 1532 673 1597 quoque
722 1531 800 1577 ac
840 1507 1255 1576 sanctissimi
1295 1506 1483 1576 illiu's
1529 1507 1811 1576 Joannis
1842 1507 2371 1597 Eleemosynarii
2414 1523 2802 1599 tempestate
2830 1509 2915 1576 in-

406 1610 646 1669 ventus
684 1610 784 1667 est
832 1602 1088 1677 Petrus,
1130 1594 1475 1683 quondam
1529 1596 1969 1686 publicanus,
2014 1597 2131 1683 qui
2175 1619 2252 1666 ex
2305 1619 2576 1666 summa
2620 1598 2915 1666 inhuma-

408 1688 613 1755 nitate
669 1708 747 1754 ac
806 1707 1072 1754 morum
1127 1684 1535 1753 truculentia
1585 1685 1668 1753 ad
1722 1706 2065 1754 summam
2118 1707 2197 1755 ac
2250 1686 2557 1755 numeris
2617 1686 2916 1754 omnibus

404 1775 787 1845 absolutam
835 1796 995 1863 erga
1050 1795 1383 1863 pauperes
1421 1773 1958 1842 misericordiam
1998 1774 2564 1861 sanctitatemque
2595 1796 2747 1845 'sese
2778 1796 2915 1843 con-

406 1865 620 1932 vertit.
675 1868 840 1932 Cum
876 1864 1056 1931 enim
1096 1861 1491 1948 aliquand0‚
1534 1877 1605 1930 ut
1641 1864 1705 1931 in
1751 1862 2184 1932 beatissimae
2229 1864 2449 1952 ipsius
2497 1863 2674 1932 vitae
2717 1862 2916 1931 libello

404 1952 751 2041 proditum
791 1951 1100 2030 liabetur,
1131 1965 1313 2020 extra
1346 1973 1416 2019 se
1449 1962 1687 2040 raptus
1717 1950 1977 2030 fuisset,
2021 1972 2281 2038 suaque
2313 1973 2520 2041 opera
2553 1952 2638 2020 ad
2678 1952 2912 2022 lancem

401 2041 689 2131 expendi
745 2040 1018 2115 videret,
1066 2039 1432 2129 siligneum
1490 2061 1733 2128 panem
1778 2061 2020 2115 unum,
2075 2062 2276 2126 quem
2331 2040 2530 2108 etiam
2590 2042 2811 2130 ipsum
2861 2040 2912 2106 in

407 2129 726 2219 pauperis
775 2128 1137 2219 cujusdam
1193 2129 1428 2197 faciem
1482 2130 1622 2196 saxi
1671 2129 1815 2197 loco
1849 2129 2061 2196 iratus
2111 2130 2514 2216 conjecerat,
2563 2130 2632 2197 in
2671 2130 2912 2197 dextera

405 2220 695 2286 trutinae
740 2218 932 2287 lance
978 2217 1414 2305 conspexisse
1446 2217 1721 2285 dicitur.
1769 2222 1912 2300 Quo
1947 2217 2085 2285 viso
2118 2230 2503 2287 commotus
2554 2218 2793 2287 beatus
2825 2218 2915 2284 hic

402 2312 636 2375 Petrus
668 2306 752 2375 ad
790 2326 1134 2377 summam
1173 2306 1484 2395 pietatem
1528 2306 1822 2375 evasisse
1858 2319 2248 2395 compertus
2282 2320 2403 2375 est.

490 2398 522 2484 ξ
575 2399 714 2467 m.
770 2400 863 2463 En
911 2397 1137 2481 itaque
1187 2394 1335 2464 sine
1381 2394 1593 2464 dubio
1642 2409 1905 2466 constat
1958 2394 2021 2463 in
2073 2415 2404 2481 quosnam
2454 2396 2749 2465 Basilius
2796 2415 2914 2463 ser·

404 2506 671 2553 monem
725 2483 1063 2553 habuerit.
1129 2488 1292 2552 Nam
1343 2506 1421 2552 eo
1471 2497 1774 2571 tempore
1837 2506 1996 2552 cum
2067 2483 2278 2552 sames
2345 2485 2588 2573 ingens
2627 2495 2700 2552 'et
2752 2500 2916 2553 atrox

398 2585 624 2643 exorta
662 2586 858 2650 esset,
898 2571 1275 2659 divitesque
1328 2571 1519 2640 nulla
1558 2573 1709 2641 victi
1746 2572 2342 2642 commiseratione
2374 2595 2536 2662 opes
2564 2595 2728 2642 suas
2758 2594 2918 2642 corn-

405 2663 797 2751 primm-ent,
855 2682 1188 2750 pauperes
1234 2673 1528 2750 egestate
1575 2675 1638 2729 et
1686 2661 1864 2730 fame
1911 2659 2197 2730 confecti
2229 2663 2590 2751 ‘peribanh
2640 2667 2798 2730 Eam
2847 2659 2917 2728 ob

400 2772 539 2816 rem
593 2749 869 2818 divinus
918 2754 1150 2818 Pastor
1200 2749 1680 2829 s‹·rm0nibus,
1735 2771 1892 2818 cum
1944 2749 2025 2817 ad
2083 2749 2476 2831 fleetendOS,
2535 2763 2679 2819 tum
2733 2750 2915 2818 etiam

397 2838 479 2905 ad
538 2837 1057 2927 perfringendos
1104 2838 1371 2907 animos
1418 2838 2129 2914 accomodatissimis‚
2184 2837 2471 2907 divitum
2524 2838 2766 2908 horrea
2821 2859 2919 2928 pa-

397 2927 642 2995 tefecit.
698 2926 772 2995 Ni
823 2926 1002 2995 enim
1058 2927 1183 2996 hoc
1230 2927 1597 3027 perorandi
1648 2948 1868 3017 genus
1915 2926 2368 3008 adhibuisset,
2427 2949 2548 2996 nec
2602 2946 2917 3018 pauperes

394 3015 619 3092 levati,
678 3039 797 3083 nec
836 3037 1074 3084 rursus
1106 3015 1348 3085 divites
1386 3015 1615 3084 inflexi
1651 3016 1731 3084 ad
1775 3015 2313 3083 misericordiam
2367 3015 2685 3085 fuissent.
2727 3021 2918 3101 Atque

392 3104 562 3172 haec
615 3103 747 3173 ille.
802 3109 930 3173 Nos
980 3127 1134 3174 vero
1173 3126 1292 3194 pro
1330 3104 1504 3173 virili
1545 3118 1772 3174 nostra
1810 3103 2317 3194 provideamUS,
2362 3126 2442 3172 ne
2479 3104 2542 3172 in
2591 3103 2916 3173 horrendo

396 3191 513 3261 illo
548 3192 1101 3280 formidabilique
1126 3192 1415 3293 judicio,
1456 3193 1595 3261 sive
1631 3193 1696 3260 in
1732 3192 2314 3278 secundojudicis
2360 3193 2567 3261 nostri
2606 3194 2911 3262 adventu.

394 3305 432 3349 a
486 3282 886 3351 necessariis
937 3294 1185 3351 nostris
1232 3303 1310 3350 eo
1361 3282 1636 3350 nomine
1685 3303 2138 3360 accusemur,
2193 3281 2371 3368 quod
2426 3302 2498 3350 ca
2562 3280 2917 3373 neglexeri-

402 3393 599 3450 mus,
653 3392 826 3457 quae
888 3393 1007 3460 pro
1056 3370 1193 3439 illis
1261 3370 1664 3460 praestanda
1731 3369 1926 3440 nobis
1975 3382 2202 3439 erant:
2261 3370 2323 3437 in
2381 3370 2623 3459 primis
2676 3392 2825 3438 vero
2870 3367 2914 3434 si

396 3481 502 3528 res
551 3482 710 3528 suas
764 3458 1230 3548 procurandas
1279 3480 1539 3546 suaque
1573 3459 1878 3548 deposita
1919 3458 2114 3527 nobis
2156 3459 2664 3528 commiserant.
2707 3463 2916 3544 Neque

393 3548 575 3617 enim
613 3548 737 3617 hoc
772 3549 1136 3635 quisquam
1167 3547 1526 3627 existimet,
1577 3546 1645 3616 in
1680 3547 2030 3617 tremenda
2068 3546 2182 3615 illa
2214 3548 2540 3616 concione
2581 3547 2737 3616 aliis
2763 3545 2917 3615 alios

397 3638 662 3726 ignotos
720 3635 879 3704 sore.
937 3639 1231 3705 Omnino
1284 3637 1482 3726 plane
1533 3659 1734 3705 suum
1788 3636 2081 3723 quisque
2131 3636 2516 3725 proximum
2570 3658 2602 3704 a
2662 3646 2912 3705 noscet:

394 3747 527 3793 non
570 3726 847 3812 quidem
884 3747 960 3793 ex
1001 3725 1308 3814 corporis
1345 3725 1590 3815 figura,
1630 3725 1743 3794 sed
1785 3725 2163 3814 perspicaci
2202 3725 2446 3794 mentis
2477 3746 2606 3793 ocu
2639 3747 2700 3794 o.
2745 3721 2917 3792 Unde

394 3815 493 3882 vis
545 3814 721 3883 istud
778 3813 1202 3903 probemus?
1250 3813 1417 3882 Audi
1464 3813 1803 3883 Christum
1850 3814 2209 3882 Dominum
2251 3814 2316 3881 in
2364 3814 2686 3904 pauperis
2740 3832 2912 3900 para·

395 3901 548 3971 bola
603 3902 765 3970 haec
822 3916 1052 3992 aperte
1104 3902 1478 3971 dicentem:
1535 3906 1842 3975 Elevans.
1897 3901 2166 3988 inquit,
2219 3906 2443 3972 oculos
2500 3903 2909 3975 suosdwes,

389 3992 559 4059 vidit
597 3996 932 4060 Lazarum
974 3993 1043 4060 in
1090 3994 1242 4060 sinu
1275 3997 1314 4060 A
1332 3992 1584 4061 brahae
1621 3992 1946 4061 sedentem
1991 3991 2185 4079 (Luc.
2239 4014 2365 4072 xvi,
2407 3995 2516 4073 23)
2551 4015 2563 4058 :
2619 3989 2917 4060 similiter

394 4079 679 4167 proinde
709 4094 773 4148 et
820 4080 1155 4149 Abrabam
1211 4080 1508 4171 agnovit.
1551 4085 1678 4149 Nec
1712 4080 1870 4167 quis
1918 4079 2098 4148 dicat
2135 4102 2270 4149 rem
2313 4080 2490 4149 banc
2533 4076 2910 4169 parabolam

384 4190 555 4249 esse,
602 4181 803 4255 atque
839 4168 1093 4238 idcireo
1122 4192 1197 4237 ea
1236 4191 1368 4238 non
1414 4169 1870 4238 demonstrari
1910 4168 1973 4235 id
2020 4168 2198 4255 quod
2254 4169 2452 4239 nobis
2502 4167 2907 4259 propositum

383 4270 508 4326 est.
571 4257 842 4326 Divinae
904 4257 1241 4345 siquidem
1308 4256 1675 4328 salvatoris
1743 4270 2011 4327 nostrae
2072 4259 2435 4348 parabolae
2491 4279 2713 4327 rerum
2765 4262 2912 4324 sunt

428 4472 457 4498 κ
491 4473 519 4507 S
559 4471 719 4511 Basilii
741 4471 940 4511 Humilia
964 4471 1008 4509 ln
1032 4472 1201 4510 civitas
1224 4481 1400 4510 avaros.
