2993 4837
33 350 184 414 Not&
247 350 312 413 tt
755 365 832 413 ne
881 369 935 413 s.
993 361 1267 414 ummo
1317 369 1414 413 Er.
1469 366 1823 415 τυιιοΝΕΝει
2343 354 2470 418 405

33 473 289 519 sumus:
332 451 582 539 partim
614 450 701 518 ab
734 450 862 531 his,
900 451 1018 538 qui
1052 451 1525 532 interfuerant,
1568 451 1669 520 vel
1706 452 2034 532 sciebant,
2080 454 2551 543 cognovimus,

33 543 152 622 Quo
187 540 469 626 quidem
520 553 822 628 tempore
869 540 1054 608 credi
1094 562 1224 609 non
1288 553 1541 629 potest,
1596 562 1728 628 qua
1772 563 1879 609 me
1929 541 2364 622 humilitate,
2420 566 2558 629 qua

29 627 427 717 benignitate
462 629 867 717 susceperit,
905 627 1424 718 congratulatus
1464 629 1866 717 plurimum,
1921 643 1985 699 et
2019 631 2296 718 gavisus
2331 632 2398 699 in
2432 637 2556 701 Do-

34 719 217 797 minO‚
261 716 444 803 quod
495 717 666 786 tanti
714 732 888 787 esset
938 717 1212 787 habitus
1261 740 1298 786 a
1341 718 1564 799 nobis,
1618 740 1821 805 quem
1868 719 2411 809 peregrinatione
2446 744 2560 790 su-

29 820 232 893 scepta
265 807 794 894 expetissemus.
843 806 1159 875 Miserum
1201 809 1342 874 mel
1383 829 1554 895 pene
1592 829 1724 875 non
1764 808 1984 876 audeo
2015 809 2348 889 confiteri,
2394 831 2555 877 cum

31 915 120 962 me
157 909 387 964 sancto
439 894 754 964 convivio
814 916 939 963 suo
995 894 1321 984 dignatus
1369 908 1469 964 est
1509 896 1860 964 adhibere.
1914 903 2168 983 Aquam
2234 898 2557 968 manibus
2622 900 2625 903 ’

30 985 254 1051 nostris
294 985 440 1071 ipse
484 982 780 1053 obtulit:
835 982 918 1051 ad
959 1005 1313 1072 vesperum
1357 998 1587 1053 autem
1626 984 1770 1074 ipse
1822 986 2022 1054 nobis
2071 986 2276 1075 pedes
2310 986 2550 1056 abluit.

31 1074 138 1139 Nec
184 1073 402 1152 reniti,
462 1085 586 1141 aut
619 1084 852 1139 contra
890 1073 986 1140 ire
1020 1074 1400 1140 constantia
1436 1072 1588 1153 fuit,
1638 1073 1729 1141 ita
1772 1072 1959 1142 illius
1997 1076 2397 1144 auctoritate
2429 1099 2553 1165 op-

34 1180 279 1256 pressus
311 1184 499 1239 sum,
538 1174 611 1230 ut
642 1160 830 1229 nefas
859 1173 1193 1248 putarem,
1229 1161 1287 1229 si
1327 1183 1455 1230 uon
1494 1163 2011 1248 acquievissem.
2052 1167 2286 1232 Sermo
2320 1179 2549 1232 autem

32 1247 195 1316 illius
228 1272 358 1318 non
395 1250 583 1318 alius
630 1248 814 1339 apud
861 1271 983 1319 nos
1027 1248 1197 1332 fuit,
1247 1271 1455 1335 quam
1507 1250 1748 1319 mundi
1797 1251 2007 1339 hujus
2052 1251 2435 1333 illecebras,
2489 1266 2555 1322 et

34 1338 212 1405 seculi
261 1361 472 1407 onera
526 1338 1002 1424 relinquenda,
1066 1352 1142 1407 ut
1196 1339 1555 1406 Dominum
1590 1340 1820 1409 lesum
1867 1339 2062 1409 liberi
2119 1342 2554 1430 expeditique

37 1446 472 1511 sequeremur.
530 1428 1340 1514 Praestantissimumque
1392 1429 1590 1497 nobis
1647 1431 2106 1516 praesentium
2158 1443 2546 1520 temporum

37 1512 289 1585 illustris
344 1517 471 1584 viri
532 1516 802 1584 Paulini
859 1515 1245 1605 exemplum
1299 1517 1690 1605 ingerebat:
1744 1518 1905 1603 qui,
1961 1520 2254 1587 summis
2303 1520 2555 1609 opibus

37 1603 305 1690 abjectis,
351 1605 700 1674 Christum
736 1618 1035 1684 secutuS,
1086 1603 1275 1674 solus
1329 1625 1496 1693 pene
1549 1604 1654 1672 his
1692 1607 2113 1695 temporibus
2146 1609 2553 1696 Evangelica

37 1707 357 1789 praecepta
408 1693 847 1782 complesset.
904 1694 1103 1761 Illum
1167 1694 1362 1762 nobis
1425 1694 1893 1779 sequendum,
1963 1694 2155 1763 illum
2208 1697 2550 1766 clamabat

35 1780 444 1864 imitandum,
506 1784 921 1869 beatumque
968 1804 1114 1851 esse
1166 1804 1487 1871 praesens
1527 1783 1835 1850 seculum
1881 1797 2104 1853 tantae
2145 1785 2300 1854 fidei
2346 1787 2554 1855 virtu-

39 1864 226 1954 tisque
269 1871 727 1940 documento:
785 1892 941 1939 cum
1001 1871 1381 1940 secundum
1444 1872 1849 1939 sententiam
1909 1874 2199 1953 Domini,
2254 1875 2442 1943 dives
2490 1885 2553 1943 et

39 1960 359 2111 possidens
405 1960 649 2039 multa,
700 1959 1052 2028 vendendo
1079 1961 1308 2028 omnia
1343 1974 1407 2030 et
1447 1959 1676 2027 dando
1714 1962 2157 2049 pauperibus,
2198 1963 2379 2048 quod
2409 1974 2553 2031 erat

31 2060 188 2115 ¹acto
233 2049 686 2138 impossibile,
731 2049 1052 2149 possibile
1105 2049 1371 2120 fecisset
1419 2048 1752 2137 exemplo.
1807 2054 1959 2116 Jam
2015 2071 2166 2118 vero
2211 2052 2275 2116 in
2330 2051 2550 2119 verbis

45 2144 96 2199 et
121 2138 656 2207 confabulatione
689 2160 838 2224 ejus
864 2150 1120 2225 quanta
1148 2139 1467 2227 gravitas,
1507 2153 1761 2225 quanta
1798 2137 2099 2227 dignitas
2131 2142 2314 2205 erat?
2339 2160 2548 2224 quam

53 2219 249 2303 alacer,
307 2249 520 2312 quam
575 2225 852 2305 efficax,
919 2249 1124 2312 quam
1180 2228 1244 2293 in
1289 2227 1725 2297 absolvendis
1776 2229 2287 2313 Scripturarum
2339 2248 2551 2312 quae-

51 2310 340 2383 stionibus
396 2329 760 2403 promptus
793 2327 856 2381 et
895 2314 1162 2383 facilis?
1211 2320 1284 2383 Et
1313 2317 1474 2403 quia
1521 2314 1771 2383 multos
1802 2314 1884 2383 ad
1925 2316 2101 2383 hanc
2147 2328 2403 2404 partem
2445 2316 2552 2382 in-

47 2398 314 2472 credulos
349 2404 519 2482 sci0‚
567 2404 823 2492 quippe
861 2426 1035 2490 quos
1072 2403 1379 2485 viderim,
1430 2405 1692 2494 meipso
1740 2403 1943 2472 etiam
1983 2403 2309 2474 referente
2340 2459 2354 2483 ,
2414 2427 2548 2474 non

43 2489 319 2559 credere:
371 2492 610 2560 Jesum
668 2506 890 2572 testor,
948 2515 1277 2581 spemque
1326 2516 1790 2570 communem,
1834 2516 1939 2561 me
1987 2517 2065 2562 ex
2108 2492 2370 2562 nullius
2421 2515 2553 2560 un-

39 2595 209 2660 quam
246 2603 356 2648 ore
402 2593 669 2649 tantum
725 2581 1068 2661 scientiae,
1111 2595 1371 2650 tantum
1414 2583 1695 2672 ingenii,
1744 2594 1878 2649 tam
1919 2583 2074 2650 boni
2116 2595 2181 2651 et
2225 2596 2354 2651 tam
2396 2580 2550 2671 puri

31 2670 338 2761 ¹sermonis
378 2670 685 2737 audisse.
731 2675 1158 2755 Quamquam
1211 2670 1275 2738 in
1335 2672 1600 2740 Martini
1647 2669 2016 2739 virtutibus
2072 2671 2403 2756 quantula
2451 2682 2553 2740 est

45 2769 145 2819 ista
193 2757 533 2827 laudatio?
585 2757 716 2825 nisi
776 2758 957 2844 quod
1024 2759 1274 2828 mirum
1327 2773 1474 2841 est,
1539 2760 1800 2828 homini
1842 2758 2184 2829 illitterato
2243 2783 2323 2830 ne
2375 2761 2551 2830 hanc

39 2842 274 2924 quidem
311 2848 607 2937 gratiam
660 2846 981 2916 defuisse.

111 2933 299 3014 §12
356 2936 485 3004 Sed
530 2936 676 3024 jam
732 2935 933 3004 finem
1006 2934 1179 3003 liber
1239 2936 1576 3024 postulat:
1630 2958 1856 3005 sermo
1918 2936 2349 3007 claudendus
2396 2952 2544 3020 est,

47 3036 150 3085 nnn
187 3024 356 3107 quod
411 3025 673 3102 omnia,
727 3046 900 3110 quae
948 3024 1032 3092 de
1082 3024 1377 3092 Martino¹
1424 3025 1693 3093 fuerant
1742 3025 2079 3104 dicenda,
2130 3026 2545 3109 defecerint,

49 3106 135 3172 sed
166 3113 310 3194 quia
352 3135 475 3182 nos
507 3126 583 3182 ut
617 3113 863 3181 inertes
916 3115 1170 3200 poetae,
1223 3126 1522 3181 extremo
1558 3114 1625 3181 in
1658 3136 1859 3202 opere
1902 3114 2078 3202 negli
2136 3130 2344 3196 enteS,
2392 3117 2548 3184 victi

49 3200 323 3269 materiae
357 3202 535 3272 mole
568 3201 1114 3272 succumbimus,
1172 3206 1334 3270 Nam
1370 3203 1492 3271 etsi
1531 3201 1704 3270 facta
1754 3201 1942 3271 illius
1972 3224 2097 3290 exp
2132 3203 2299 3271 icari
2330 3205 2551 3272 verbis

49 3295 376 3374 utcumque
431 3303 821 3380 potuerunt,
877 3291 1265 3359 interiorem
1326 3292 1530 3360 vitam
1596 3291 1806 3370 illius,
1860 3290 2331 3376 quotidianam
2383 3313 2541 3359 con-

52 3377 481 3458 versationem,
532 3392 596 3447 et
650 3381 957 3448 animum
1003 3378 1190 3447 coelo
1239 3401 1509 3467 semper
1552 3381 1943 3455 intentum,
1999 3379 2188 3447 nulla
2238 3401 2545 3464 unquam

47 3455 195 3554 (yere
232 3467 596 3555 profiteor),
635 3467 823 3537 nulla
856 3467 1224 3557 explicabit
1269 3470 1507 3537 oratio.
1564 3469 1758 3537 Illam
1797 3467 2055 3536 scilicet
2118 3490 2549 3569 perseveraq-

52 3559 177 3645 tiam
215 3567 274 3622 et
325 3569 937 3645 temperamentum
989 3557 1058 3623 in
1110 3557 1523 3624 abstinentia
1579 3571 1644 3625 et
1672 3557 1962 3646 jejuniis
1996 3612 2010 3637 ‚
2062 3558 2431 3645 potentiam
2475 3555 2546 3624 in

51 3637 262 3723 vigiliis
306 3658 370 3712 et
430 3645 855 3714 orationibus
889 3699 903 3723 ,
963 3658 1328 3730 noctesque
1377 3645 1463 3713 ab
1511 3666 1589 3713 eo
1649 3646 1929 3735 perinde
1976 3668 2053 3714 ac
2103 3645 2248 3714 dies
2311 3658 2495 3714 actas
2527 3699 2542 3726 ,

53 3725 416 3816 nullumque
467 3756 756 3802 vacuum
810 3734 895 3801 ab
943 3756 1146 3823 opere
1200 3735 1312 3803 Dei
1348 3748 1644 3823 tempus,
1688 3757 1823 3820 quo
1855 3734 1956 3801 vel
1990 3734 2125 3803 otio
2156 3733 2544 3814 indulserit,

55 3811 126 3877 vel
174 3821 449 3908 negotio,
506 3822 622 3890 sed
678 3844 759 3889 ne
808 3823 960 3890 cibo
1008 3835 1126 3891 aut
1181 3845 1423 3892 somno
1471 3822 1750 3909 quidem
1784 3878 1798 3903 ,
1856 3824 1987 3892 nisi
2038 3837 2380 3910 quatenus
2431 3845 2549 3890 na-

58 3907 211 3990 turae
256 3911 531 3998 cogebat
579 3911 969 3980 necessitas.
1023 3916 1188 3980 Vere
1237 3912 1519 3990 fatebor,
1577 3934 1709 3980 non
1754 3913 1809 3981 si
1865 3912 2008 4001 ipse
2046 3914 2153 4001 (ut
2188 3911 2416 3999 ajunt)
2462 3912 2550 3981 ab

60 3987 251 4090 inferis
285 4001 613 4068 Homerus
651 4013 1049 4090 emergeret,
1091 4015 1318 4090 posset
1364 4023 1736 4090 exponere:
1790 4000 1960 4069 adeo
2010 4000 2277 4068 Martini
2314 4001 2547 4068 omnia

61 4093 275 4162 majora
309 4099 486 4164 sunt,
524 4110 729 4173 quam
773 4103 848 4158 ut
890 4089 1110 4158 verbis
1143 4091 1409 4180 concipi
1447 4102 1723 4176 queant.
1762 4090 1958 4158 Nulla
2001 4112 2304 4175 unquam
2347 4089 2539 4170 hora,

63 4180 573 4262 meinentumque
622 4178 987 4266 praeteriit,
1042 4179 1206 4264 quin
1260 4192 1377 4248 aut
1431 4179 1719 4248 orationi
1774 4179 2231 4256 incumberet,
2289 4190 2406 4245 aut
2444 4180 2547 4245 in-

63 4265 279 4348 Slsteret
321 4261 612 4332 lectioni.
666 4271 1092 4352 Quamquam
1137 4268 1338 4336 etiam
1398 4268 1573 4336 inter
1623 4267 2029 4353 legendum,
2095 4280 2213 4335 aut
2268 4267 2322 4334 si
2380 4267 2544 4353 quid

64 4336 210 4411 alind
259 4349 415 4420 forte
455 4355 720 4440 agebat,
763 4377 1118 4441 nunquam
1157 4356 1468 4423 animum
1527 4356 1815 4422 orationi
1871 4356 2155 4426 laxabat.
2207 4356 2543 4426 Nimirum

69 4441 121 4491 ut
156 4431 339 4507 fabris
392 4440 697 4510 ferrariis
748 4445 954 4512 moris
1002 4457 1126 4521 est,
1189 4444 1306 4529 qui
1365 4444 1540 4511 inter
1588 4444 2012 4533 operandum
2080 4469 2201 4536 pro
2247 4447 2543 4534 quodam
