2993 4837
549 282 673 345 6515-
1286 301 1360 344 oa
1409 302 1463 346 s.
1520 300 1894 347 commemo
1942 301 2183 346 Annam
2620 282 2819 346 Norat

462 385 664 454 fidem
708 384 1022 463 traducti,
1076 383 1395 473 baptizati
1433 396 1617 452 sunt.
1674 388 1879 453 Porro
1927 382 2122 463 alioS‚
2160 405 2333 471 quos
2370 386 2497 473 jam
2540 384 2730 453 iavacro
2755 384 2837 453 ab·

464 474 639 543 tutos
681 471 1011 574 profanus
1043 471 1391 541 detinebat
1436 493 1649 553 error,
1704 472 1788 541 ad
1841 471 2288 562 Evangelicae
2334 473 2633 543 doctrinae
2669 473 2842 542 ruitum

461 562 741 632 monitis
789 561 936 629 suis
987 574 1355 641 revocatoS,
1393 561 1498 629 vir
1548 562 1686 642 Dei,
1721 573 1799 629 ut
1829 575 2064 651 pastor
2111 562 2359 636 bonus.
2398 564 2460 630 in
2507 561 2764 630 Ecclesiae
2791 560 2850 628 si-

465 673 628 720 num
669 649 1057 719 reducebat.
1104 654 1226 718 Per
1275 649 1340 718 id
1395 662 1667 739 tempus
1715 650 2178 720 Theodori‘cus
2225 663 2291 719 et
2338 649 2738 720 Brunechiidis
2767 668 2851 717 uon

461 739 684 809 solum
749 739 1078 807 adversus
1149 738 1652 808 Columbanum
1719 739 2210 819 insaniebant,
2268 740 2382 809 sed
2446 740 2617 808 etiam
2668 737 2857 805 sanetis-

461 829 638 898 simo
670 827 1073 897 Viennensis
1102 827 1137 861 ¹*
1185 827 1381 896 urbis
1423 827 1757 917 Episcopo
1807 828 2149 896 Desiderio
2183 828 2707 897 adversabantur:
2733 845 2860 911 quem

462 917 764 1007 primum
820 916 1058 985 exsilio
1107 916 1540 995 damnatum,
1586 916 1822 987 multis
1870 916 2171 1006 affligere
2219 917 2489 1007 injuriis
2540 917 2860 1007 nitebantur:

461 1006 544 1074 ad
578 1017 999 1095 postremum
1030 1026 1185 1073 vero
1212 1003 1511 1095 glorioso
1555 1005 1881 1093 martyrio
1911 1020 2352 1075 coronarunt.
2388 1007 2577 1092 Cujus
2606 1000 2863 1094 gestasui·

462 1106 575 1183 pta
627 1093 987 1169 habentur,
1040 1093 1297 1180 quibus
1356 1106 1420 1162 et
1481 1094 1760 1180 quantis
1822 1093 2352 1164 adversitatibus
2417 1094 2715 1184 gloriosos
2765 1088 2858 1180 apti

465 1183 829 1252 Dominum
862 1182 1313 1271 promeruerit
1336 1182 1747 1271 triumphos,
1767 1187 2087 1252 versante
2107 1198 2333 1252 autem
2365 1183 2552 1252 beato
2575 1181 2857 1251 Columtu

461 1295 620 1341 cum
656 1270 802 1341 suis
835 1270 1016 1360 apud
1077 1270 1317 1338 urbem
1356 1271 1851 1359 Brigantinam,
1906 1271 2122 1340 durae
2170 1272 2530 1362 aegestatis
2572 1270 2861 1358 tempusit·

462 1360 653 1430 cidit.
708 1359 835 1428 Sed
888 1359 1206 1446 quamvis
1254 1359 1584 1428 alimonia
1632 1359 1918 1440 deesset,
1979 1361 2297 1446 manebat
2347 1361 2720 1428 intemerata
2763 1370 2868 1441 atqu

467 1451 876 1518 inconcussa
938 1447 1155 1529 fides,
1219 1469 1396 1534 quae
1470 1449 1890 1517 necessarias
1957 1470 2065 1518 res
2126 1471 2163 1516 a
2234 1449 2516 1518 Domino
2575 1449 2868 1541 impeth

464 1542 769 1624 Cumque
807 1538 951 1627 jam
1007 1535 1328 1605 triduana
1379 1535 1608 1605 inedia
1655 1536 2090 1618 laborarent,
2137 1550 2320 1607 tanta
2370 1539 2591 1606 avium
2650 1535 2873 1625 copinas

463 1624 689 1694 oblata
738 1638 861 1703 est,
915 1637 1174 1712 quanta
1224 1625 1689 1694 Israelitarum
1734 1640 1954 1695 castra
2001 1626 2478 1695 coturnicibus
2523 1620 2876 1715 advolantibut

464 1715 778 1803 operuit,
834 1715 922 1783 ita
984 1726 1061 1783 ut
1119 1735 1394 1783 omnem
1448 1712 1674 1783 locum
1721 1713 1917 1783 ilium
1969 1736 2127 1785 aves
2200 1715 2584 1805 implerent.
2657 1710 2880 1805 Inte-liet}

463 1815 689 1872 autem
744 1804 846 1872 vir
889 1804 997 1871 Dei
1039 1802 1124 1872 ob
1165 1824 1361 1871 suam
1398 1824 1824 1890 suorumque
1873 1806 2346 1872 necessitatem
2401 1804 2524 1872 has
2554 1802 2742 1891 dapes
2777 1790 2882 1891 exhi*

470 1893 633 1971 beri,
687 1893 855 1981 quip
908 1913 944 1960 e
1005 1912 1181 1979 quae
1244 1912 1377 1959 non
1431 1891 1562 1959 nisi
1606 1890 1748 1965 iilo.
1802 1914 1940 1979 quo
1989 1893 2135 1982 ipse
2182 1891 2493 1992 degebat,
2540 1891 2673 1960 loco
2723 1890 2886 1979 invent·

470 1993 723 2049 rentur.
775 1987 861 2050 Ju
916 1993 980 2049 et
1007 2001 1169 2070 ergo
1202 1980 1503 2068 primum
1542 2001 1702 2051 suos
1735 1979 1975 2049 laudes
2007 1994 2073 2050 et
2118 1993 2375 2071 gratias
2403 2002 2600 2069 agere
2625 1977 2884 2049 Conditort

465 2092 545 2138 ac
578 2069 827 2138 deinde
859 2069 1071 2158 dapes
1111 2090 1377 2157 capere.
1432 2072 1589 2136 Erat
1637 2069 1934 2157 profecto
1987 2070 2236 2139 mirum
2277 2069 2447 2137 ittud
2485 2081 2549 2137 et
2585 2063 2887 2155 stupendum

470 2158 906 2246 miraculum.
940 2157 1395 2247 Capiebantur
1420 2178 1599 2237 aveS,
1633 2171 1708 2225 ut
1736 2158 2042 2246 jusserat
2072 2170 2303 2248 pater;
2337 2180 2461 2226 nec
2491 2157 2602 2226 ille
2636 2154 2889 2246 pennigero

468 2250 838 2317 instructae
861 2245 1088 2315 volatu
1122 2268 1192 2313 se
1214 2245 1717 2325 subducebant,
1755 2247 1867 2314 sed
1898 2246 2124 2317 triduo
2146 2247 2528 2335 permansit
2557 2245 2711 2315 iltud
2737 2257 2891 2331 manat

467 2338 723 2405 avium.
780 2340 1033 2418 Quarto
1101 2333 1352 2403 deinde
1399 2332 1510 2401 die
1557 2334 1839 2422 quidam
1892 2356 1972 2404 ex
2022 2335 2266 2404 vicinis
2333 2336 2627 2404 urbibus
2677 2333 2894 2429 frumenti

466 2427 733 2516 copiam
768 2424 1004 2494 divino
1038 2426 1367 2492 instinctu
1418 2425 1612 2492 beato
1648 2424 2071 2493 Columbano
2120 2425 2526 2494 transmisit.
2595 2421 2893 2509 Moxignur.

472 2528 542 2583 ut
574 2514 849 2583 advenit
889 2512 1341 2593 frumentum,
1388 2534 1545 2581 aves
1596 2510 1777 2594 illae,
1819 2517 1950 2583 Deo
1984 2513 2291 2603 jubente,
2346 2534 2587 2583 omnes
2625 2511 2896 2600 avolarunt

476 2608 672 2673 Porro
708 2603 1041 2682 Eustasio‚
1080 2603 1196 2688 qui
1251 2601 1314 2668 id
1370 2601 1699 2690 temporis
1748 2601 1880 2670 sub
1929 2603 2055 2671 viri
2109 2603 2217 2671 Dei
2252 2602 2636 2671 obedientia
2666 2593 2899 2686 curuata

467 2704 633 2770 erat,
678 2689 1007 2760 referente
1039 2689 1511 2780 cognovimu5‚
1571 2689 1912 2759 neminem
1968 2703 2112 2760 tum
2156 2692 2332 2760 inter
2380 2691 2570 2780 ipsos
2606 2689 2804 2764 fuisse,
2837 2699 2899 2766 qm

470 2803 540 2850 se
600 2792 755 2849 ante
803 2777 972 2848 ittud
1034 2791 1307 2868 tempus
1346 2778 1689 2867 ejusmodi
1738 2800 1895 2848 aves
1945 2779 2195 2849 vidisse
2246 2780 2687 2848 meminisset.
2742 2780 2899 2844 Earum

469 2881 694 2937 autem
740 2868 896 2937 talis
942 2878 1086 2937 erat
1134 2889 1358 2956 sapor,
1413 2880 1488 2936 ut
1536 2866 1748 2956 dapes
1797 2868 2022 2958 regias
2067 2868 2385 2937 vinceret.
2435 2867 2676 2937 Eodem
2703 2874 2900 2955 tempore

468 2979 626 3024 cum
662 2957 763 3026 vir
812 2957 922 3026 Dei
990 2957 1120 3025 sub
1153 2955 1451 3044 quodam
1505 2955 1790 3044 scopulo
1833 2958 1898 3025 in
1951 2969 2142 3026 vasta
2181 2958 2410 3025 eremo
2450 2978 2696 3046 corpus
2727 2954 2902 3043 jejumo

471 3044 788 3126 afficeret,
825 3059 890 3115 et
927 3045 1092 3114 nihii
1128 3057 1394 3135 praeter
1427 3044 1610 3113 ruris
1645 3065 1872 3134 poma,
1911 3066 2203 3132 quorum
2238 3046 2562 3146 superius
2599 3042 2902 3113 mentionem

473 3133 783 3217 fecimus,
840 3136 906 3204 in
960 3135 1192 3204 cibum
1245 3144 1541 3222 caperet,
1590 3133 1770 3201 venit
1834 3155 2064 3214 ursuS,
2122 3135 2473 3203 voracitati
2521 3133 2768 3202 addicta
2804 3126 2903 3195 sera.

472 3223 829 3312 coepitque
880 3222 1300 3293 necessarios
1331 3221 1657 3290 devorare
1695 3221 1910 3304 cibos,
1966 3224 2364 3313 passimque
2455 3245 2613 3292 oma
2643 3242 2742 3290 ore
2767 3217 2905 3285 detra·

475 3315 655 3381 bere.
710 3318 1013 3400 Cumque
1071 3312 1235 3380 bora
1273 3309 1658 3379 refectionis
1699 3309 1989 3392 adesset,
2045 3311 2385 3400 Chagnoal
2445 3334 2560 3380 um
2620 3308 2906 3394 ministrum

472 3402 574 3469 vir
608 3402 719 3471 Dei
757 3402 854 3470 ire
883 3401 1115 3492 jussit,
1146 3412 1212 3468 et
1240 3411 1635 3469 consuetam
1692 3399 2051 3488 pomorum
2106 3422 2501 3469 mensuram
2555 3400 2788 3468 afferre.
2823 3391 2909 3458 ..thu

374 3507 375 3510 ’
474 3489 610 3570 ille,
690 3491 1004 3576 videtque
1044 3510 1286 3558 ursum
1352 3489 1529 3555 inter
1592 3487 1873 3557 frutices
1933 3489 2279 3576 rubosque
2341 3489 2717 3579 pervagari,
2765 3496 2910 3580 poma·

469 3600 603 3665 que
654 3578 1019 3649 lambendo
1066 3597 1367 3668 carpere.
1425 3580 1661 3662 Itaque
1730 3576 2022 3646 festinus
2081 3578 2302 3658 redit,
2376 3579 2682 3668 patrique
2723 3571 2907 3666 inditat-

476 3667 594 3736 llle
637 3669 921 3758 imperat
988 3678 1063 3736 ut
1121 3680 1250 3745 eat,
1314 3677 1715 3755 partemque
1773 3664 2098 3736 fruticum
2145 3666 2491 3824 relinguat
2551 3667 2735 3743 ferae,
2781 3658 2908 3748 aliam

476 3769 734 3847 partem
787 3757 918 3826 sibi
975 3756 1217 3846 jubeat
1289 3754 1647 3823 reservari.
1716 3755 1913 3823 Redit
1973 3755 2315 3844 Cbagnoal
2374 3777 2455 3825 us
2493 3811 2507 3835 ‚
2554 3755 2726 3842 jussa
2779 3757 2909 3837 patr&

470 3847 851 3932 exequitur,
894 3844 1141 3913 dividit
1172 3844 1364 3933 virga
1406 3841 1688 3912 frutices
1722 3844 2067 3930 rubosque
2117 3864 2317 3933 poma
2349 3843 2657 3922 ferenteS,
2683 3839 2908 3938 jubetque

471 3947 546 4003 ut
579 3935 715 4004 fera
756 3946 948 4024 parte
981 3956 1106 4003 sua
1157 3945 1501 4012 contenta,
1541 3930 1877 4018 reliquam
1916 3935 2098 4000 sinat
2126 3932 2368 4002 cedere
2403 3934 2470 4001 in
2505 3953 2668 4001 usus
2707 3925 2904 4026 Vfl'fflffl:

478 4023 641 4092 Mira
686 4024 751 4091 in
815 4024 959 4092 fera
1007 4020 1433 4091 obedientia!
1511 4024 1954 4108 Nequaquam
2006 4043 2174 4092 ausa
2230 4034 2332 4090 est
2378 4044 2458 4090 ex
2505 4017 2797 4110 prohibita
2826 4004 2904 4074 subt

480 4126 669 4199 parte
708 4112 902 4186 cibos
952 4132 1258 4199 carpere,
1316 4109 1431 4177 sed
1471 4110 1541 4177 in
1575 4130 1655 4177 ea
1694 4109 1861 4186 sola.
1914 4132 2088 4198 quae
2119 4111 2451 4200 permissa
2485 4111 2546 4179 ei
2577 4118 2720 4184 erat,
2758 4109 2901 4193 escam

478 4202 799 4292 captavit,
838 4199 1153 4288 quandiu
1181 4197 1356 4267 eoin
1402 4197 1553 4268 loco
1576 4197 1683 4265 vir
1715 4200 1830 4268 Dei
1855 4214 2320 4269 commoratus
2344 4210 2466 4269 est.
2509 4202 2736 4267 Interea
2753 4197 2901 4257 anum

484 4359 1142 4464 niso-Vsspgizterssuztitpbrooenm
1169 4358 1398 4412 intenta.
1419 4362 1614 4404 Pin-sul
1633 4358 1908 4405 Desidet-ius
1928 4362 1978 4401 tn
1999 4362 2218 4401 exsilium
2244 4362 2412 4412 pulsu·
2432 4361 2505 4404 est
2519 4367 2628 4401 stne
2642 4343 2898 4400 mmor*
2941 4419 2942 4434 χ
