2993 4837
515 305 645 369 400
1160 316 1243 366 na
1290 322 1345 368 s.
1399 322 1676 368 manno
1724 322 1821 369 Er.
1875 319 2228 369 TURONENSI
2644 303 2819 370 Nov.
2870 305 2935 365 -ll

427 406 663 475 aedem
717 428 933 492 usque
980 406 1063 473 ad
1115 404 1566 476 fundamenta
1615 407 1945 487 dirueret,
1993 429 2148 475 aras
2195 429 2438 475 omnes
2487 420 2687 493 atque
2743 408 2953 475 simu·

431 494 610 563 lacra
654 493 911 583 redegit
952 494 1019 562 in
1076 493 1447 583 pulverem.
1502 500 1649 577 Quo
1688 496 1854 577 vis0,
1896 496 2137 565 rustici
2187 518 2344 565 cum
2400 517 2471 566 se
2512 495 2967 586 intelligerent

430 582 662 651 divino
728 597 897 652 nutu
960 583 1464 673 obstupefactos
1513 596 1714 671 atque
1764 585 2178 673 perterritos,
2236 607 2319 651 ne
2370 584 2709 673 Episcopo
2770 605 2963 674 repu-

430 683 740 761 gnarent,
796 693 1036 740 omnes
1084 671 1220 740 fere
1276 674 1344 740 in
1394 672 1625 741 lesum
1677 674 2041 742 Dominum
2093 673 2558 751 crediderunt,
2597 673 2963 741 clamant&

434 761 686 850 palam,
726 773 792 828 et
841 760 1262 842 confitentes,
1317 766 1527 830 Deum
1582 762 1850 830 Martini
1908 783 2058 832 esse
2105 761 2497 841 colendum,
2542 761 2732 831 idola
2772 760 2963 851 negli·

430 848 681 939 genda‚
717 870 894 935 quae
936 849 1065 918 sibi
1101 849 1338 920 adesse
1372 871 1506 918 non
1550 863 1849 939 possent.

522 940 557 1025 ξ
606 943 736 1008 11.
782 938 954 1019 Quid
1010 938 1212 1006 etiam
1268 939 1334 1005 in
1381 959 1555 1029 pago
1604 937 2000 1007 Heduorum
2034 952 2299 1028 gestum
2339 939 2449 1019 sit,
2490 939 2814 1008 reseram.
2858 943 2905 1008 t*
2950 938 2965 951 “

431 1027 595 1094 dum
653 1026 981 1126 templum
1037 1027 1270 1095 itidem
1313 1040 1661 1106 everteret,
1719 1025 1956 1097 furens
2006 1027 2366 1117 gentilium
2438 1030 2861 1097 rusticorum
2908 1028 2967 1094 in

430 1137 587 1183 eum
642 1115 844 1183 irruit
894 1115 1285 1185 multitudo.
1356 1120 1663 1203 Cumque
1735 1138 1921 1185 unus
1986 1116 2318 1186 audacior
2366 1118 2683 1197 caeteriS‚
2754 1117 2965 1185 stricta

431 1226 586 1272 eum
640 1204 870 1292 gladio
921 1217 1207 1293 peteret,
1272 1203 1518 1293 rejecto
1572 1203 1813 1293 palli0,
1880 1204 2135 1273 nudam
2195 1206 2525 1273 cervicem
2583 1204 2959 1296 percusso'

435 1293 769 1383 praebuit.
805 1297 932 1362 Nec
963 1306 1327 1361 cunctatus
1353 1306 1453 1363 est
1487 1293 1685 1361 ferire
1718 1293 2017 1381 gentilis:
2051 1293 2164 1362 sed
2203 1317 2361 1362 cum
2390 1294 2749 1363 dexteram
2777 1294 2963 1362 altius

430 1381 802 1459 extulisset,
859 1384 1229 1471 resupinus
1279 1382 1437 1460 ruit,
1491 1395 2105 1469 consternatusque
2151 1381 2385 1452 divino
2442 1397 2658 1462 metu,
2711 1384 2903 1451 venia

435 1471 865 1558 precabatur.
925 1475 1056 1539 Nec
1106 1469 1444 1539 dissimile
1493 1470 1655 1539 huic
1711 1471 1840 1538 fuit
1888 1469 2112 1540 illud:
2188 1494 2345 1539 cum
2415 1493 2573 1540 cum
2632 1471 2826 1540 idola
2872 1470 2907 1537 d

434 1573 805 1627 struentem
849 1559 1071 1628 cultro
1104 1559 1384 1646 quidam
1423 1558 1623 1627 serire
1658 1559 2003 1639 voluisset,
2044 1559 2110 1627 in
2150 1559 2297 1650 ipso
2330 1560 2467 1628 ictu
2499 1559 2770 1630 serrum
2807 1561 2870 1629 ei

433 1646 757 1717 manibus
797 1669 1188 1726 excussum,
1253 1670 1386 1716 non
1445 1648 1854 1736 comparuit.
1902 1647 2311 1735 Plerumque
2358 1662 2584 1716 autem
2632 1663 2878 1718 contra
2924 1649 2934 1658 ’

432 1736 747 1805 centibus
779 1736 909 1804 sibi
946 1737 1244 1817 rusticis,
1290 1758 1374 1804 ne
1405 1758 1639 1805 eorum
1693 1736 1851 1806 fana
1898 1736 2300 1819 destrueret,
2336 1737 2429 1805 ita
2464 1738 2856 1824 praedicati

432 1839 667 1893 sancta
702 1825 1064 1913 gentilium
1113 1827 1386 1894 animos
1441 1824 1821 1915 mitigabat,
1864 1838 1937 1895 ut
1987 1825 2138 1895 luce
2185 1826 2285 1894 eis
2336 1826 2639 1895 veritatis
2676 1841 2907 1896 osten-

432 1914 562 2002 ipsi
617 1935 739 1982 sua
795 1914 1045 2003 templa
1099 1915 1590 1984 subverterent.
1632 1915 2073 1982 Curationum
2117 1936 2273 1983 vero
2325 1928 2455 1982 tam
2498 1928 2752 2004 potens
2807 1917 2874 1983 in

431 2002 646 2092 gratia
712 2015 878 2081 erat,
927 2016 1003 2071 ut
1042 2002 1280 2072 nullus
1329 2002 1467 2071 fere
1516 2002 1598 2070 ad
1651 2024 1807 2071 eum
1861 2016 2181 2094 aegrotus
2228 2004 2611 2084 accesserit,
2721 2006 2798 2073 ui
2854 2027 2888 2072 n

431 2092 760 2160 continuo
810 2092 1138 2182 receperit
1186 2093 1589 2161 sanitatem:
1646 2092 1825 2178 quod
1899 2092 1999 2161 vel
2050 2115 2129 2161 ex
2187 2092 2634 2179 consequenti
2727 2092 2937 2181 ique'

429 2179 764 2270 exemplo.

523 2277 558 2348 ἓ
609 2275 757 2341 12.
811 2270 1114 2337 Treveris
1165 2267 1394 2359 puella
1438 2268 1778 2355 quaedam
1830 2268 1979 2337 dira
2024 2268 2363 2359 paralysis
2410 2270 2857 2359 aegritudine
2887 2284 2959 2337 te-

433 2359 746 2438 uebatur,
790 2359 876 2426 ita
914 2371 990 2427 ut
1027 2359 1171 2448 Jam
1227 2380 1346 2448 per
1395 2357 1691 2427 multum
1747 2371 2019 2448 tempus
2070 2357 2258 2428 nullo
2299 2358 2381 2428 ad
2428 2359 2788 2432 humanos
2822 2378 2957 2428 usus

431 2448 739 2537 corporis
789 2447 1010 2516 officio
1058 2446 1495 2536 fungeretur:
1550 2447 1736 2516 omni
1788 2468 1867 2516 ex
1956 2461 2096 2516 arte
2148 2462 2604 2538 praemortua,
2649 2451 2767 2518 vix
2806 2445 2955 2517 tenui

433 2537 684 2624 spiritu
737 2535 1134 2625 palpitabat.
1189 2537 1438 2605 Tristes
1487 2536 1570 2604 ad
1625 2536 1837 2606 solam
1921 2536 2153 2604 uneris
2178 2537 2761 2624 exspectationem
2818 2537 2959 2607 assi·

431 2626 699 2693 stebant
749 2625 1170 2713 propinqui:
1240 2647 1396 2693 cum
1459 2624 1687 2693 subito
1749 2625 2165 2704 nunciatur,
2227 2626 2309 2694 ad
2375 2625 2723 2696 civitatem
2802 2626 2957 2694 illam

430 2713 699 2781 venisse
760 2713 1149 2781 Martinum.
1204 2714 1393 2796 Quod
1456 2712 1573 2781 ubi
1644 2713 1910 2804 puellae
1976 2728 2165 2803 pater
2225 2715 2607 2804 comperit,
2679 2711 2959 2785 cucurrit

432 2803 773 2869 exanimis
806 2856 820 2880 ,
879 2824 998 2891 pro
1049 2801 1185 2870 filia
1239 2817 1627 2891 rogaturus.
1682 2807 1758 2870 Et
1819 2802 1988 2871 sorte
2047 2803 2379 2871 Martinus
2422 2803 2567 2890 jam
2618 2805 2908 2874 ecclesia

431 2889 652 2958 fuerat
680 2891 1053 2978 ingressus.
1094 2891 1194 2959 Ibi
1233 2891 1654 2980 inspectante
1697 2891 1975 2980 popu10‚
2019 2891 2391 2979 multisque
2429 2890 2587 2961 aliis
2628 2890 2955 2982 Episcopis

432 2980 962 3068 praesentibuS,
1039 2979 1311 3064 ejulans
1375 3001 1574 3048 senex
1641 3002 1865 3068 genua
1929 2981 2080 3069 ejus
2146 2980 2637 3070 amplectitur,
2700 2983 2949 3051 dicens:

432 3090 468 3132 «
507 3066 672 3135 Filia
726 3089 870 3135 mea
924 3069 1215 3137 moritur
1282 3068 1530 3137 misero
1579 3090 1825 3157 genere
1877 3067 2230 3158 languoris
2264 3125 2278 3148 ,
2332 3083 2396 3137 et
2443 3069 2626 3156 quod
2689 3073 2841 3160 ipsa
2883 3077 2952 3137 est

431 3170 650 3225 morte
696 3156 1071 3234 crudelius,
1127 3156 1271 3226 solo
1305 3158 1555 3246 spiritu
1606 3157 1786 3237 vivit,
1831 3156 1976 3246 jam
2029 3179 2234 3226 carne
2283 3158 2752 3247 praemortua.
2804 3165 2953 3244 Rogo

428 3259 506 3313 ut
544 3266 692 3313 eam
744 3245 948 3314 adeas
980 3299 998 3325 ,
1061 3258 1264 3332 atque
1312 3245 1703 3314 benedicas.
1759 3245 2037 3315 Confido
2091 3247 2274 3314 enim
2326 3247 2508 3334 quod
2562 3269 2690 3336 per
2727 3262 2788 3317 te
2837 3244 2957 3316 red-

432 3333 655 3403 denda
708 3336 794 3403 sit
843 3334 1139 3403 sanitati.
1183 3358 1219 3400 »
1269 3339 1416 3417 Qua
1450 3334 1565 3402 ille
1605 3356 1764 3402 voce
1811 3334 2142 3405 confusus
2188 3335 2546 3425 obstupuit
2593 3337 2660 3404 et
2712 3335 2950 3424 refugit.

433 3422 673 3493 dicens
724 3424 849 3492 boc
914 3445 1078 3493 suae
1129 3445 1259 3492 non
1325 3445 1470 3493 esse
1540 3423 1856 3503 virtutis;
1910 3445 2139 3492 senem
2202 3445 2428 3492 errare
2466 3425 2795 3512 judicio:
2846 3441 2951 3492 non

432 3533 580 3581 esse
610 3534 680 3580 se
730 3512 1048 3601 dignum,
1105 3535 1222 3600 per
1255 3533 1458 3598 quem
1506 3516 1682 3582 Deus
1722 3512 1998 3601 signum
2052 3512 2320 3582 virtutis
2372 3513 2783 3584 ostenderet.
2830 3519 2953 3581 Per·

433 3612 611 3670 stare
659 3603 880 3690 coepit
929 3601 1396 3669 vehementius
1447 3600 1620 3668 flens
1672 3614 1883 3690 pater,
1939 3614 2004 3668 et
2050 3622 2268 3684 orare,
2322 3616 2395 3670 ut
2442 3603 2828 3670 exanimem
2879 3599 2948 3665 vi·

433 3689 710 3757 sitaret:
766 3704 1110 3779 postremo
1168 3711 1203 3757 a
1272 3690 1885 3759 circumstantibus
1950 3690 2304 3780 Episcopis
2357 3691 2452 3759 ire
2518 3690 2943 3781 compulsus,

433 3776 788 3846 descendit
835 3779 917 3846 ad
970 3778 1252 3846 domum
1311 3777 1600 3865 puellae.
1656 3783 1907 3867 Ingens
1958 3779 2157 3847 turba
2225 3801 2383 3868 prae
2429 3779 2698 3848 foribus
2745 3796 2949 3865 exspe-

433 3879 608 3946 tanS,
663 3867 993 3950 quidnam
1050 3866 1161 3935 Dei
1215 3889 1449 3934 servus
1481 3880 1657 3935 esset
1705 3867 2036 3936 facturus.
2075 3873 2161 3936 Ac
2254 3869 2504 3936 rimum
2543 3872 2748 3956 (quae
2782 3875 2947 3935 erant

434 3954 622 4024 illius
672 3956 1035 4024 familiaria
1071 3956 1138 4023 in
1178 3955 1564 4024 istiusmodi
1605 3956 1809 4024 rebus
1857 3955 2081 4044 arma)
2129 3978 2201 4026 so
2233 3979 2271 4024 o
2316 3968 2699 4047 prostratus
2730 3953 2937 4025 oravit.

434 4044 601 4112 Inde
635 4067 907 4133 aegram
965 4045 1261 4124 intuenS,
1315 4043 1462 4112 dari
1515 4044 1645 4112 sibi
1695 4044 1918 4113 oleum
1978 4045 2296 4134 postulat.
2334 4045 2527 4128 Quod
2570 4068 2725 4115 cum
2774 4044 2943 4111 bene·

434 4132 734 4212 dixisset,
792 4134 857 4201 in
909 4157 984 4202 os
1035 4132 1303 4223 puellae
1354 4134 1487 4200 vim
1541 4134 1758 4201 sancti
1802 4134 2089 4220 liquoris
2125 4134 2400 4216 infudit,
2454 4135 2810 4220 statimque
2842 4149 2939 4195 vox

435 4221 698 4289 reddita
725 4236 847 4290 est.
884 4229 1050 4291 Tum
1085 4221 1414 4312 paulatim
1453 4221 1731 4312 singula
1757 4236 2072 4291 contactu
2100 4223 2249 4312 ejus
2274 4236 2646 4312 coeperunt
2672 4217 2935 4290 membra

438 4309 784 4389 viviscere,
839 4309 1055 4378 donec
1105 4311 1395 4379 firmatis
1428 4312 1807 4399 gressibUS,
1849 4311 2102 4400 populo
2140 4323 2327 4391 teste,
2367 4313 2679 4381 surrexit.
2722 4305 2931 4399 Eodem

436 4408 742 4482 tempore
788 4399 1077 4467 Tetradii
1141 4398 1505 4488 cujusdam
1578 4399 2093 4489 proconsularis
2148 4401 2273 4468 viri
2326 4422 2562 4470 servus
2616 4399 2931 4468 daemonio
