2993 4837
31 355 132 419 CT.
172 354 258 417 20

800 369 1329 417 uAn'rYuohoomtu
1381 370 1812 418 1LLUSTuA'rmt

2343 350 2508 419 933*

47 454 243 513 §.inuti
315 451 582 512 Maximi
653 453 939 513 meminit
995 453 1094 513 die
1154 468 1267 513 xix
1323 461 1414 512 ret
1448 456 1508 513 in
1539 452 1848 529 spelunca,
1884 453 2124 514 tandem
2168 454 2422 516 audiens
2449 470 2598 533 qua·

31 533 239 595 :tobris
271 531 608 592 Ferrarius
651 532 713 591 in
770 529 1055 611 Cataloyo
1097 535 1263 593 San·
1323 530 1463 593 liter
1508 532 1672 593 beata
1735 530 1909 592 Fides
1952 530 2141 611 Virgo
2197 548 2303 611 pro
2355 531 2599 594 Christo

31 630 195 673 orum
256 611 524 683 Italiam
584 611 756 689 cujus
800 612 980 673 verba
1030 612 1126 672 hic
1170 627 1262 672 t‘e·

31 709 118 754 rre
144 694 363 768 placet:
392 691 740 753 «Maximus
754 690 963 752 Levita
978 690 1263 752 Aviensis

38 769 137 833 rbs
146 777 285 832 crat
308 772 736 838 Vestinorum,
752 786 934 848 prope
950 770 1263 850 Aquilam)

31 868 98 913 tm
142 850 372 912 Christi
414 850 669 912 Domini
714 849 896 911 fidem
958 850 1260 927 praedica·

36 941 55 991 t
117 930 299 992 Decio
362 929 772 1009 Imperatore,
823 930 1257 1008 comprehendi

31 1029 172 1080 ssuS,
218 1012 382 1071 ultro
425 1027 496 1072 se
540 1009 909 1073 satellitibus
956 1008 1255 1071 exhibuit.

32 1094 78 1151 ui
119 1091 189 1151 ad
235 1090 597 1151 praesidem
643 1090 886 1164 ductuS,
926 1089 1119 1167 deque
1150 1105 1260 1165 ge·

32 1188 111 1231 ere
151 1177 212 1230 et
256 1169 579 1246 religione
622 1170 1061 1246 interrogatus,
1092 1186 1155 1231 se
1184 1185 1255 1229 ex

32 1266 231 1327 igenuo
295 1264 562 1325 genere,
608 1258 671 1309 et
734 1250 1032 1326 religione
1077 1247 1256 1309 Citri-

34 1333 79 1390 ia
90 1346 254 1402 num,
272 1330 611 1407 officioque
626 1327 903 1390 Levitam
922 1329 1254 1406 respondit.

32 1418 379 1486 iterrogatus
410 1418 627 1471 autem
673 1425 782 1468 cur
828 1409 977 1469 Deos
1023 1409 1261 1468 immor·

32 1488 120 1548 iles
158 1505 272 1550 non
316 1490 583 1551 coleret:
631 1488 797 1566 quia,
848 1489 1067 1566 inquit,
1124 1489 1262 1549 novi

31 1576 127 1628 teos
160 1576 384 1631 cest-ros
425 1567 779 1630 simulacra
826 1582 989 1629 vana
1036 1585 1160 1628 esse
1202 1573 1258 1628 et

36 1647 182 1722 crdo,
226 1666 347 1709 non
400 1650 583 1710 Deos.
632 1647 832 1709 Multis
884 1662 1032 1707 vero
1096 1646 1258 1708 ultro

41 1736 240 1806 troque
269 1730 474 1801 dictis,
506 1728 752 1789 Praeses
777 1726 963 1787 filiam
994 1726 1259 1790 Maximo

32 1822 44 1866 i
87 1809 553 1870 matrimonium
606 1806 951 1884 pollicetur,
995 1805 1043 1865 si
1088 1821 1257 1867 man-

32 1891 125 1946 itis
152 1886 602 1965 imperatorum
628 1893 849 1962 pareat.
870 1883 993 1957 Qua
1012 1888 1257 1964 optione

31 1968 266 2040 sensata,
297 1983 444 2029 cum
492 1965 684 2029 nullis
728 1965 1255 2043 promissionibus,

32 2059 171 2120 eque
211 2048 401 2109 minis
432 2066 461 2109 a
496 2049 836 2108 constantia
883 2044 1021 2105 fidei
1065 2043 1257 2106 dimo-

33 2126 111 2182 eri
172 2135 405 2202 posset,
475 2128 539 2187 in
604 2124 867 2202 equuleo
927 2138 1258 2201 suspensus

36 2204 309 2267 ‘tutissime
357 2212 709 2283 torquetur,
756 2204 997 2265 Christo
1040 2204 1259 2281 gratias

34 2297 182 2356 gens,
208 2287 372 2364 quod
404 2288 637 2364 dignus
675 2301 783 2363 pro
818 2283 1065 2345 nomine
1097 2284 1259 2345 illius

31 2361 110 2422 oti
149 2366 501 2431 haberetur.
549 2364 786 2428 Dicenti
836 2372 1039 2427 autem
1084 2363 1261 2427 Prae-

32 2440 119 2501 idi:
142 2446 425 2525 sacrifica
456 2446 592 2508 Diis
623 2445 871 2514 nostris,
901 2451 974 2504 ut
1002 2443 1261 2521 teipsum

31 2525 257 2600 mereris,
318 2525 636 2604 respondit
680 2524 936 2598 Martyr:
988 2523 1260 2586 animam

32 2617 169 2661 team
210 2604 506 2667 lucrabor
547 2604 604 2665 si
641 2603 970 2665 daemoniis
1010 2620 1132 2665 non
1162 2619 1257 2664 aa·

31 2681 337 2754 re'ficovero.
383 2686 516 2758 Quo
560 2699 846 2762 responso
887 2682 1127 2744 Praeses
1170 2685 1257 2746 ira

37 2763 455 2838 xcandescens,
527 2764 700 2825 illum
767 2764 1037 2840 postibus
1095 2764 1257 2825 caedi

31 2838 172 2912 ubet,
214 2851 297 2913 et,
347 2852 414 2905 ut
462 2846 691 2906 Dianae
730 2842 1030 2903 sacrificet
1075 2843 1260 2905 inter-

31 2918 184 2981 tellat.
209 2921 313 2983 Cui
343 2925 671 2986 Maximus:
701 2922 845 3000 quid
861 2920 1063 2984 adhuc
1084 2921 1263 2984 verba

34 2999 294 3076 uper-flua
335 3001 647 3083 loqueris?
698 3003 821 3082 qu
877 3002 1116 3064 Dianae
1168 3019 1261 3065 ve·

31 3077 147 3162 {rae
184 3097 302 3141 non
344 3082 669 3160 sacristam
710 3081 809 3143 secl
848 3082 1145 3158 meipsum
1173 3081 1261 3158 of-

34 3170 121 3216 ero
147 3161 523 3237 sacrificium
559 3164 673 3224 Deo
708 3179 834 3224 mco
860 3163 988 3222 vivo
1015 3167 1072 3222 et
1100 3177 1257 3223 vero.

32 3231 157 3297 7unc
197 3241 411 3318 majori
447 3244 535 3304 ira
568 3243 1013 3304 excandescens
1059 3247 1260 3319 tyran·

32 3325 106 3399 tus
135 3316 463 3383 Maximum
497 3321 569 3381 ad
602 3322 950 3400 locum‚qui
984 3319 1260 3382 circulus

31 3390 318 3482 torrebatur,
353 3402 514 3474 duci,
539 3400 802 3479 indeque
828 3417 901 3463 ex
933 3398 1053 3461 alto
1084 3416 1260 3478 prae-

39 3478 215 3559 tpuari
241 3481 517 3542 mandat.
551 3479 699 3542 Cum
734 3482 936 3559 itaque
962 3480 1260 3542 Maximus

41 3546 421 3635 liquantisper
491 3566 761 3633 orasset,
823 3575 1012 3636 eaque
1073 3560 1257 3622 verba

32 3635 473 3716 tronitntiasset:
521 3640 588 3701 in
642 3655 869 3701 manus
924 3645 1096 3712 tuas,
1146 3641 1262 3701 Do-

31 3723 169 3780 Μηθ,
218 3718 558 3782 commendo
614 3719 903 3796 spiritum
959 3734 1184 3793 meum,
1227 3735 1262 3780 e

34 3785 230 3855 ublimi
273 3796 541 3875 dejectus
604 3799 939 3875 gloriosum
984 3799 1260 3878 martyrii

31 3879 242 3958 ggqnem
286 3876 544 3941 absolvit
583 3895 688 3940 xiv
718 3878 843 3943 Kal.
876 3878 1262 3942 Novembris.

32 3959 173 4020 *flius
212 3969 426 4034 corpus
469 3966 654 4022 noctu
694 3977 727 4021 a
768 3956 1131 4020 Christianis
1171 3974 1261 4020 se·

32 4023 196 4091 tultus
257 4035 394 4100 ruit.
425 4063 450 4096 n
494 4039 604 4117 (Ex
664 4038 824 4101 offic.
854 4037 1158 4105 Ecclesiae
1189 4038 1262 4099 A·

1318 613 1692 686 agonizaret,
1745 612 2050 674 animatus
2088 613 2163 674 ad
2210 613 2598 675 tolerantiam

1321 693 1694 768 passionum,
1737 692 1938 752 oravit
1990 693 2063 753 ad
2105 692 2461 765 Dominum,
2503 699 2597 765 ut,

1319 771 1372 830 si
1401 787 1544 833 eum
1586 770 1783 847 gloria
1829 772 2107 845 martyrii
2151 774 2413 851 dignum
2440 773 2603 851 judi·

1318 860 1503 925 caret,
1546 866 1623 913 ex
1669 850 1861 928 lapide
1922 850 2249 928 speluncae
2298 852 2597 929 limpidis-

1316 931 1469 992 sima
1516 947 1668 1009 aqua
1713 938 2030 992 manaret:
2075 932 2237 1008 quod
2301 947 2440 995 cum
2484 931 2600 994 Do·

1318 1011 1527 1072 minus
1554 1011 1974 1089 praestitisset,
2004 1025 2252 1072 securus
2280 1012 2354 1072 ad
2393 1026 2600 1073 aream
2693 1034 2698 1040 ·

1316 1092 1666 1153 certaminis
1744 1091 2133 1169 properavit,
2204 1099 2267 1151 et
2337 1093 2601 1169 palmam

1316 1171 1598 1248 martyrii
1642 1170 1756 1231 sub
1806 1169 2170 1232 Maximiano
2227 1170 2467 1232 fortiter
2510 1170 2601 1231 di-

1315 1249 1639 1406 Ξίειὲυηὸεὲἶ)
1661 1251 2016 1327 promeruit.
2061 1248 2238 1325 (Vide
2301 1249 2601 1325 Surium,

1397 1489 1761 1552 Maurvnoc.
1828 1523 1904 1533 —-
1968 1488 2330 1552 Antiochiae
2394 1490 2597 1551 sancti

1318 1568 1574 1631 Auream
1648 1569 1825 1630 Ducis
1870 1567 2241 1645 Augustalis,
2308 1569 2417 1648 qul
2483 1570 2600 1632 sub

1317 1647 1718 1711 Constantino
1743 1649 1983 1725 MagnO,
2006 1648 2323 1726 praeclaris
2343 1648 2604 1711 militiae

1319 1729 1651 1791 honoribus
1716 1728 1992 1797 functus,
2036 1744 2069 1790 a
2130 1727 2371 1790 Juliano
2437 1730 2601 1808 Apo·

1314 1814 1485 1883 stata,
1533 1825 1717 1887 quem
1759 1808 2056 1870 saevitiae
2103 1807 2167 1869 in
2226 1806 2604 1871 Christianos

1314 1897 1602 1965 arguerat
1649 1888 1927 1961 fustibus»,
1960 1887 2152 1963 caedi,
2184 1886 2436 1968 aliisque
2479 1896 2602 1951 tor-

1317 1967 1542 2029 mentis
1572 1967 1780 2045 affligi,
1816 1984 1883 2030 ac
1912 1968 2156 2029 demum
2187 1969 2380 2046 capite
2425 1975 2602 2029 trun-

1315 2052 1435 2110 cari
1472 2048 1741 2125 jubetur.
1769 2048 1947 2125 (Vide
1969 2047 2252 2121 Surium,
2280 2063 2418 2127 pag.
2444 2047 2605 2126 579).

1421 2243 1528 2306 SS.
1576 2243 1899 2305 MARTHA
1944 2260 2017 2304 m·
2058 2243 2309 2305 PAULA
2355 2243 2491 2305 MM.

1680 2368 1939 2431 Saeculo
1984 2369 2236 2431 incerto.

1397 2529 1760 2592 MAn‘rrnoL.
1807 2562 1886 2573 —
1930 2527 2216 2591 Coloniae
2244 2528 2438 2607 passio
2466 2544 2603 2590 san-

1316 2615 1556 2672 ctarum
1583 2609 1921 2686 Virginum
1944 2608 2256 2670 Mani-uae
2282 2608 2603 2671 etPAoLAe

1318 2704 1461 2751 cum
1507 2689 1640 2751 aliis
1684 2689 1987 2769 pluribus.

1396 2768 1481 2829 De
1530 2769 1688 2829 hisce
1746 2771 1967 2830 sanctis
2024 2767 2390 2847 Martyribus
2446 2767 2602 2830 nihil

1318 2848 1570 2988 1211158111,
1617 2847 1775 2926 quod
1838 2847 2271 2926 Martyrotogio
2329 2847 2607 2911 Romano

1316 2944 1347 2989 a
1439 2942 1561 2988 am.

1358 3111 1420 3175 S.
1467 3110 1923 3175 FELlClANUS
1968 3112 2167 3173 Emsc.
2211 3129 2291 3174 m·
2353 3112 2560 3176 MART.

1555 3234 1947 3301 Probabile‘us
1990 3237 2233 3300 saeculo
2282 3239 2356 3300 X.

1398 3397 1758 3461 MAn‘rrnoL.
1802 3432 1878 3443 -
1922 3397 2093 3474 Apud
2139 3396 2405 3459 Mindam
2435 3397 2469 3433 ¹⁸
2500 3412 2605 3459 na·

1322 3477 1451 3539 talis
1479 3481 1667 3540 sancti
1702 3478 2021 3539 Fanniam
2051 3477 2327 3557 Episcopi
2358 3482 2420 3538 et
2449 3476 2602 3540 Mar·

1324 3559 1494 3632 tyriS.

1395 3636 1547 3698 Cum
1593 3635 1803 3700 nullus
1847 3636 2179 3698 Mindensis
2228 3636 2357 3714 eJus
2403 3641 2603 3699 nomi-

1321 3717 1440 3789 nis,
1504 3716 1827 3793 subjungit
1889 3716 2211 3789 BaroniuS,
2259 3717 2608 3794 reperiatur

1318 3796 1665 3875 Episcopus,
1699 3796 1950 3859 fortasse
1993 3795 2093 3857 hic
2129 3795 2234 3857 ille
2262 3796 2610 3860 Felicianus

1318 3876 1661 3952 Fulginatis
1676 3877 1739 3913 ¹⁸⁸*
1767 3876 2053 3939 ecclesiae
2080 3882 2172 3937 est
2201 3875 2526 3954 Episcopus
2546 3883 2608 3938 et

1318 3956 1571 4034 Mai-tyr,
1642 3957 1813 4035 cujus
1875 3954 2250 4018 venerandas
2321 3954 2612 4033 reliquias

1319 4035 1472 4098 Otho
1499 4034 1757 4113 Magnus
1787 4035 2118 4114 Imperator
2148 4036 2213 4097 in
2243 4050 2374 4097 eam
2404 4033 2605 4111 regio-

32 4103 288 4188 luilanae,
334 4114 561 4182 Romae
594 4118 846 4198 appreh.
873 4133 1036 4183 anno
1061 4116 1261 4196 1603).
1323 4131 1463 4178 nem
1508 4115 1842 4190 transtulit,
1883 4122 1953 4178 ut
1994 4114 2208 4178 scribit
2249 4112 2612 4191 sigebertus

91 4259 424 4355 Maurvnon.
489 4311 565 4321 —
630 4279 872 4355 Agenni
943 4280 1005 4338 in
1072 4276 1263 4339 Gallia

31 4349 187 4432 5311911
249 4348 536 4420 ΟΑΡΒΑειι
598 4358 907 4436 Martyris.
951 4358 1058 4436 qui
1125 4372 1264 4418 cum

31 4417 231 4488 rabiem
272 4439 704 4509 persecutionis
748 4436 1088 4506 declinans,
1125 4435 1270 4498 late-

1322 4198 1386 4257 in
1429 4193 1658 4257 Chron.
1704 4211 1867 4258 anno
1911 4194 2156 4256 Domini
2199 4192 2342 4256 969.

1374 4340 1400 4366 *
1430 4336 1725 4388 Germanice,
1755 4338 1961 4384 Μένητα,
1990 4338 2048 4378 ad
2078 4307 2321 4378 sinistram
2351 4335 2502 4385 ripam
2532 4331 2618 4372 Vt—

1323 4403 1480 4452 surgle
1503 4401 1706 4454 (Weeer).

1377 4465 1429 4492 ⁴*
1458 4462 1650 4504 Scilicet
1678 4464 1869 4514 Foliyno.
1900 4461 1947 4502 iu
1975 4461 2127 4502 Ituna.
