2993 4837
524 265 650 328 662
1293 279 1369 324 ne
1418 277 1471 324 s.
1519 279 1824 326 postumo
1872 277 2113 325 assare
2625 259 2771 323 not.
2807 262 2860 324 24

436 364 922 434 monasterium
993 363 1431 454 confugeret,
1488 376 1563 432 ut
1622 385 1778 432 eum
1838 360 2121 433 domino
2188 386 2315 432 suo
2377 363 2584 432 Abbas
2640 361 2874 430 redderet

433 464 852 530 excusatum,
907 452 988 520 ad
1041 464 1416 521 extremum
1470 451 1844 541 fugientem
1897 452 2271 538 aliquando
2318 452 2630 520 dominus
2655 470 2787 520 eum
2819 448 2880 518 de

435 543 714 630 vestigio
761 542 1092 627 sequitur.
1145 553 1210 608 et
1257 540 1578 610 Abbatem
1631 540 2041 609 calumniari
2079 541 2329 631 coepit,
2387 541 2712 629 imputans
2743 527 2880 624 Quod

436 633 578 719 ipse
609 652 763 698 eum
818 629 1190 708 seduceret,
1249 649 1331 697 ne
1380 629 1509 697 sibi
1548 649 1717 697 suus
1765 628 2071 699 famulus
2103 628 2492 699 deserviret.
2545 627 2887 713 Cumquede

431 718 949 796 consuetudine,
1003 731 1080 786 ut
1126 738 1282 786 eum
1324 717 1656 796 redderet,
1703 718 2199 787 calumniando
2233 719 2550 787 Abbatem
2593 718 2885 792 insisteret,

432 807 598 876 dicit
648 809 866 876 Abbas
916 807 1276 875 Portiano:
1333 829 1367 871 «
1397 806 1570 888 Quid
1617 807 1739 886 vis,
1780 819 1855 875 ut
1891 806 2191 875 faciam?
2225 830 2260 872 »
2311 812 2389 877 Et
2422 807 2577 874 itte:
2627 830 2662 869 a
2702 802 2889 872 Redde.

434 897 678 982 inquit,
740 915 844 963 me
894 909 1394 965 excusatum.»
1445 899 1751 981 Cumque
1798 910 2164 965 excusatus
2216 895 2524 964 redditus
2572 893 2820 962 fuisset.
2855 907 2897 958 et

430 984 755 1054 dominus
803 984 955 1071 ejus
1002 983 1325 1052 reducere
1373 1006 1529 1052 eum
1582 984 1862 1052 domum
1909 983 2146 1060 vellet.
2206 986 2294 1053 ita
2352 996 2662 1052 caecatus
2710 994 2812 1058 est,
2849 993 2897 1046 ut

432 1072 602 1140 nihil
660 1074 930 1161 penitus
982 1085 1204 1161 posset
1252 1094 1684 1162 cognoscere.
1741 1077 2035 1141 Cernens
2083 1085 2310 1141 autem
2363 1095 2435 1142 se
2475 1071 2780 1162 gravibus
2815 1069 2898 1136 do·

432 1161 693 1231 loribus
744 1160 945 1241 affici,
999 1161 1318 1229 Abbatem
1374 1174 1586 1236 vocat,
1643 1161 1920 1229 dicens:
1975 1185 2009 1226 «
2053 1161 2377 1250 Supplica
2413 1217 2427 1241 ,
2486 1181 2767 1247 quaeso,
2819 1179 2899 1245 pro

434 1271 541 1318 me
586 1251 947 1319 Dominum
979 1305 993 1330 ,
1047 1263 1111 1318 et
1167 1251 1399 1405 accipe
1450 1249 1632 1318 hunc
1681 1271 1950 1318 servum
2002 1249 2085 1317 ad
2124 1254 2272 1334 ejus
2320 1250 2634 1328 cuttum;
2684 1246 2898 1316 forsitan

430 1341 871 1495 promerebor
942 1340 1244 1427 recipere
1342 1357 1547 1406 umen
1622 1338 1982 1407 amissum.
2041 1362 2076 1402 ι)
2142 1344 2332 1408 Tunc
2394 1339 2668 1416 Abbas,
2733 1349 2902 1403 vocato

477 1440 670 1505 cato,
728 1427 864 1494 ait:
921 1432 1297 1514 «Impone,
1351 1448 1630 1512 quaeso,
1688 1448 1935 1495 manus
1988 1438 2140 1496 tuas
2190 1449 2400 1516 super
2447 1426 2683 1496 oculos
2717 1425 2898 1510 ejus.-

432 1520 736 1602 Cumque
786 1514 900 1583 itte
942 1515 1312 1595 refutaret,
1377 1515 1650 1583 tandem
1708 1515 1981 1584 Abbatis
2030 1515 2340 1586 devictus
2383 1516 2723 1606 precibus,
2759 1533 2904 1601 super

431 1603 666 1673 oculos
714 1604 975 1672 domini
1028 1604 1134 1672 sui
1197 1604 1474 1691 signum
1537 1604 1769 1672 beatae
1820 1605 2052 1672 Crucis
2116 1605 2487 1694 imposuit;
2553 1604 2898 1687 statimque.

430 1693 741 1781 disrupta
793 1692 1110 1781 caligine,
1164 1706 1223 1760 et
1263 1691 1492 1760 sedato
1526 1691 1782 1768 dolore,
1828 1693 2152 1780 pristinae
2187 1693 2497 1762 redditus
2536 1706 2637 1763 est
2671 1689 2899 1783 sanitati.

517 1784 553 1867 ξ
587 1786 677 1852 8.
732 1786 805 1848 At
841 1802 997 1849 vero
1030 1782 1180 1850 exin
1218 1781 1456 1849 beatus
1492 1782 1855 1850 Portianus
1877 1780 2174 1850 clericus
2201 1781 2446 1862 factus,
2487 1795 2673 1850 tanto
2706 1779 2901 1846 virtutis

430 1869 712 1938 cumulo
745 1883 844 1938 est
897 1870 1261 1958 praelatus,
1317 1883 1390 1937 ut
1430 1870 1795 1937 decedente
1832 1869 2127 1950 Abbate‚
2189 1872 2336 1959 ipse
2376 1870 2781 1939 succederet.
2821 1867 2900 1946 Qui

432 1959 665 2038 fertur,
724 1958 975 2027 aestivo
1009 1970 1333 2056 tempore,
1380 1980 1536 2026 cum
1578 1957 1784 2026 ardor
1817 1957 1981 2026 solis
2017 1959 2074 2026 vi
2112 1959 2361 2028 caloris
2394 1961 2502 2028 sui
2536 1972 2773 2027 cuncta
2798 1975 2900 2022 con·

430 2060 753 2126 sumeret,
819 2060 883 2114 et
934 2047 1135 2115 etiam
1194 2068 1506 2135 corpora,
1550 2047 2159 2134 quae·robustiora
2208 2062 2367 2137 potu
2418 2048 2709 2133 ciboque
2749 2055 2896 2113 erant.

430 2149 618 2205 aestu
666 2135 1085 2224 defatigaret,
1144 2136 1209 2202 in
1263 2135 1553 2224 jejuniis
1615 2150 1760 2223 post
1814 2135 2151 2223 perditum
2204 2157 2477 2204 omnem
2542 2136 2629 2204 ab
2676 2155 2778 2204 ore
2823 2132 2898 2224 hit·

430 2246 737 2302 morem,
795 2223 1003 2292 salem
1057 2237 1376 2292 aestuans
1429 2225 1839 2292 ruminasse.
1895 2229 1982 2292 Ex
2024 2246 2160 2309 quo
2211 2226 2455 2293 iterum
2507 2233 2831 2311 assumpto
2855 2219 2898 2284 lt·

428 2334 662 2398 quore,
712 2324 979 2380 arentes
1028 2313 1340 2401 gingivas
1393 2334 1764 2402 parumper
1813 2311 2086 2381 reficere
2127 2335 2492 2398 quaerens,
2553 2329 2897 2403 quamquam

434 2401 733 2489 palatum
800 2401 1072 2471 aridum
1138 2401 1602 2479 humectaret,
1674 2414 1896 2469 tamen
1969 2401 2192 2487 majus
2261 2415 2678 2472 tormentum
2736 2397 2897 2468 addita

429 2492 691 2579 corpori
746 2491 855 2557 siti
912 2490 1315 2579 praestabat.
1374 2491 1478 2558 Sat
1532 2491 1763 2560 enim.
1818 2503 1893 2558 ut
1945 2474 2115 2558 nulli
2167 2491 2533 2570 occulitur,
2598 2490 2797 2579 magis
2830 2505 2899 2551 ar·

427 2579 656 2647 «iorem
699 2582 845 2647 sitis
876 2579 1190 2657 concitat,
1234 2601 1439 2665 quam
1490 2580 1867 2667 extinguat.
1908 2578 2032 2647 Sed
2073 2580 2204 2657 hic,
2247 2580 2588 2649 tribuente
2631 2576 2885 2647 Domino.

430 2668 789 2736 arcebatur
830 2668 916 2735 ab
949 2689 1050 2735 e0.

517 2762 551 2842 ξ
618 2760 701 2827 4.
774 2756 893 2823 His
964 2756 1208 2825 diebus
1268 2754 1732 2823 Theodoricus
1795 2756 1826 2788 '⁶
1894 2757 2245 2844 ingressus
2305 2762 2678 2823 Arvernum
2739 2750 2898 2821 termi-

433 2866 623 2917 num,
677 2845 905 2911 omnia
957 2844 1496 2919 exterminabat,
1551 2858 1796 2912 cuncta
1850 2844 2265 2913 devastabat.
2324 2850 2629 2930 Cumque
2669 2844 2728 2910 in
2775 2846 2899 2908 Arto-

430 2933 662 3001 nensis
714 2934 837 2999 vici
895 2935 1104 3021 pratis
1139 2945 1731 3012 castrametasset,
1791 2932 2177 3001 antedictus
2227 2955 2430 3002 senex
2472 2933 2557 3000 ad
2610 2945 2897 3001 occursum

426 3022 577 3107 ejus
630 3036 980 3109 properat,
1036 3022 1230 3108 quasi
1287 3042 1407 3110 pro
1459 3020 1712 3110 popuio
1764 3034 2156 3109 rogaturus.
2215 3026 2707 3110 Ingressusque
2739 3030 2897 3086 castra

429 3131 651 3188 mane,
708 3115 884 3198 Rege
933 3109 1162 3179 adhuc
1212 3111 1277 3176 in
1324 3110 1630 3178 tentoriis
1664 3107 2069 3189 dormiente,
2127 3109 2466 3198 Siginatdi
2522 3109 2893 3197 papilionem,

426 3200 543 3284 qui
598 3212 757 3267 tunc
811 3199 1077 3286 primus
1125 3220 1282 3267 cum
1334 3219 1411 3266 eo
1475 3197 1887 3273 habebatur,
1944 3220 2315 3288 aggressus
2364 3211 2510 3266 est:
2566 3211 2631 3267 et
2673 3196 2811 3264 dum
2847 3186 2900 3252 δι’

427 3288 553 3355 hac
587 3289 973 3377 captivitate
1003 3289 1468 3373 conqueritur,
1519 3286 1938 3374 Siginaidus,
1975 3301 2069 3359 ut.
2116 3286 2371 3355 ablutis
2405 3309 2582 3372 aqua
2622 3281 2893 3374 manibus

430 3397 691 3444 merum
739 3377 1139 3465 dignaretur
1177 3376 1483 3463 accipere
1526 3375 1954 3463 deprecatur,
2007 3375 2245 3443 dicens
2284 3399 2297 3441 ε
2356 3399 2390 3438 «
2429 3380 2738 3462 Magnum
2779 3366 2896 3436 m¹b1

416 3464 629 3532 'hostie
680 3465 1009 3552 gaudium
1083 3464 1661 3549 commodumque
1729 3463 1958 3531 divina
2014 3464 2226 3552 pietas
2277 3477 2618 3552 praestat,
2685 3462 2733 3528 si
2775 3458 2894 3525 intra

429 3553 695 3622 tentorii
750 3555 875 3622 mei
940 3566 1178 3641 septa,
1250 3551 1419 3619 facta
1483 3552 1833 3627 oratione,
1895 3567 2123 3640 potum
2189 3551 2502 3642 dignaris
2553 3551 2836 3645 accipere·
2872 3563 2892 3593 ³

428 3641 746 3709 Audierat
793 3644 975 3710 enim
1032 3641 1281 3709 samam
1320 3641 1700 3708 sanctitatis
1733 3641 1927 3727 ejus:
1986 3639 2241 3708 idcirco
2281 3654 2344 3708 et
2393 3640 2709 3708 honorem
2741 3658 2783 3703 et
2814 3647 2893 3719 pro

429 3732 538 3797 Dei
595 3731 965 3800 reverentia
1017 3728 1479 3818 impendebat.
1537 3729 1664 3811 Qui
1716 3751 1785 3797 se
1835 3728 2124 3796 diversis
2180 3728 2402 3797 modis
2452 3738 2890 3809 QXCUSfflIS.flSJ

427 3820 690 3887 serebat
739 3820 866 3887 hoc
917 3840 1047 3887 non
1104 3839 1301 3908 posse
1352 3816 1523 3895 fieri,
1580 3818 1739 3904 quia
1778 3839 1899 3886 nec
1939 3818 2103 3886 hora
2137 3817 2364 3885 debita
2402 3831 2599 3895 esset,
2646 3835 2751 3881 nec
2781 3816 2887 3889 Regl

429 3907 717 3995 dignum
765 3909 1190 3997 praebuisset
1228 3928 1621 3983 occursum,
1676 3919 1741 3973 et
1789 3906 1969 3992 quod
2028 3907 2134 3974 his
2182 3906 2510 3974 omnibus
2547 3904 2745 3992 potius
2774 3906 2884 3963 erat

429 3996 724 4064 necdum
788 3998 807 4064 i
863 4018 933 4065 se
982 3996 1267 4065 Domino
1332 3994 1755 4083 psalmorum
1807 3995 2358 4064 decantationem
2413 3994 2692 4062 debitam
2735 3979 2887 4054 exsol-

432 4085 655 4152 visset.
713 4090 792 4153 Se
890 4085 998 4155 his
1048 4084 1386 4172 sepositis,
1428 4082 1491 4150 vi
1522 4104 1677 4151 eum
1723 4083 2084 4172 compulit,
2127 4081 2550 4170 allatumque
2586 4073 2880 4147 vasculum·

429 4194 565 4256 quo
600 4175 782 4261 potio
826 4173 1205 4253 tenebatur,
1248 4186 1437 4241 roo-at
1473 4184 1546 4240 ut
1587 4186 1893 4249 sanctuS,
1936 4173 2259 4260 imposita
2313 4172 2504 4260 prius
2546 4188 2748 4245 manu,
2783 4176 2884 4227 san·

429 4261 779 4329 ctificaret.
828 4262 954 4344 Qui
1006 4260 1261 4330 elevata
1312 4226 1582 4329 dextera
1639 4283 1795 4329 cum
1860 4261 2140 4349 signum
2210 4261 2443 4328 Crucis
2493 4252 2878 4346 imposuisset-

485 4383 509 4408 *
540 4385 668 4423 Anno
700 4388 789 4425 525.
