2993 4837
41 304 154 369 [W.
212 304 290 366 Π
729 322 804 365 οε
853 322 907 365 s,
962 320 1272 366 flamonio
1321 317 1789 366 THAUMATL‘RGO
2311 306 2436 368 5:57

42 428 113 477 ion
152 417 444 493 poterat,
518 426 641 493 per
688 404 899 473 solam
944 426 1024 472 ex
1059 405 1191 472 fide
1255 417 1679 493 potestatem,
1718 405 1922 489 jussu
1960 405 2266 490 Gregorii
2311 421 2531 474 trans-

41 516 149 583 ¹irre
180 493 263 561 ad
302 493 535 562 alium
568 493 819 569 locum,
848 493 1015 561 nihil
1056 493 1379 561 differens
1416 492 1530 561 ille
1560 515 1880 582 magnuS,
1918 494 2143 563 statim
2179 509 2530 580 tamquam

42 583 280 665 nimato
357 579 753 670 imperavit
796 570 1031 669 lapidi,
1095 596 1170 650 ut
1223 583 1543 650 transiret
1604 582 1685 649 ad
1771 582 1965 651 illum
2034 582 2258 651 locum
2324 605 2529 668 quem

42 672 273 740 stendit
304 671 662 739 aedituus.
710 672 831 740 Ubi
864 685 1091 739 autem
1134 671 1257 739 hoc
1291 671 1545 738 factum
1581 684 1705 749 est,
1748 671 1848 737 vir
1879 672 2105 739 statim
2162 672 2363 740 verbo
2391 694 2536 739 cre-

42 761 177 842 fidit,
210 774 273 830 et
323 762 664 830 omnibus
715 761 990 839 relictiS‚
1044 782 1312 848 genere,
1377 759 1607 831 domo,
1662 782 1892 839 uxore,
1951 760 2529 847 possessionibUS,

42 848 169 930 iliis,
207 851 487 927 amiciS‚
548 849 946 925 sacerdoti0‚
992 847 1159 917 focis
1192 863 1255 915 et
1293 849 1681 936 penatibus,
1747 870 1867 937 pro
1905 849 2010 916 his
2041 850 2370 918 omnibus
2420 850 2538 918 de·

41 939 150 1027 egit
180 961 335 1007 cum
388 960 648 1025 magno
690 937 806 1005 illo
840 938 979 1003 viro
1024 937 1298 1015 versari,
1337 952 1400 1004 et
1434 959 1581 1004 esse
1622 939 1773 1024 ejus
1811 938 2120 1006 laborum
2165 940 2529 1024 particeps,

42 1026 305 1093 tdivina
348 1027 470 1094 illa
510 1028 638 1094 t'rui
694 1026 1130 1113 philosophia
1178 1038 1242 1093 et
1269 1025 1678 1093 eruditione.
1735 1026 1939 1093 Sileat
1987 1026 2070 1093 ad
2117 1026 2281 1094 haec
2322 1049 2526 1095 omne

42 1115 398 1203 criptorum
438 1115 842 1187 artificium,
890 1113 1226 1182 miracula
1273 1136 1389 1202 per
1427 1115 1779 1182 historiam
1844 1136 2107 1204 augens
2139 1127 2201 1182 et
2238 1115 2538 1204 amplifi-

41 1224 177 1271 mns.
213 1209 353 1272 Non
399 1204 595 1272 enim
649 1205 714 1271 in
755 1204 860 1271 his
907 1225 1084 1289 quae
1132 1203 1314 1269 dicta
1372 1216 1557 1279 sunt,
1609 1202 1738 1270 tale
1786 1215 1885 1271 est
1946 1202 2406 1283 miraculum,
2463 1215 2541 1272 ut

44 1288 280 1359 licentis
346 1291 745 1378 eloquentia
814 1314 884 1361 se
958 1294 1104 1380 ipso
1165 1291 1282 1359 fiat
1356 1292 1582 1380 majus
1630 1304 1748 1359 aut
1799 1293 2053 1360 minuS.
2125 1292 2313 1374 Quod
2373 1314 2530 1360 cum

44 1376 268 1448 adisset
316 1380 433 1448 ille
467 1381 810 1459 aedituus,
872 1381 1096 1448 statim
1136 1379 1446 1448 fraudem
1491 1380 1934 1458 daemonum,
1988 1384 2126 1466 qua
2167 1383 2538 1450 utebantur

46 1466 95 1537 td
125 1468 495 1537 humanam
556 1470 1029 1558 decipiendam
1086 1484 1428 1544 naturam,
1474 1483 1546 1535 et
1588 1468 2091 1548 animadvertit,
2130 1482 2195 1537 et
2227 1484 2327 1538 est
2374 1470 2538 1538 abo-

48 1554 322 1638 umatus,
368 1558 553 1627 etad
591 1581 821 1627 verum
864 1564 1069 1626 Deum
1108 1580 1179 1626 se
1210 1558 1564 1631 convertit,
1604 1579 1758 1625 cum
1799 1580 1917 1643 per
1945 1580 2047 1631 ea,
2083 1581 2257 1644 quae
2285 1581 2320 1626 a
2348 1580 2542 1627 servo

46 1638 177 1711 'acta
241 1644 541 1721 fuerant,
603 1646 1103 1715 considerasset
1176 1645 1722 1733 inexplicabilem
1791 1647 2052 1714 Domini
2120 1661 2537 1735 potestatem.

48 1733 255 1803 Dehinc
292 1758 449 1804 cum
501 1736 619 1804 ille
654 1742 942 1825 Magnus
988 1735 1327 1823 coepisset
1374 1755 1445 1802 se
1499 1733 1844 1823 praeclare
1893 1748 1958 1802 et
2006 1736 2264 1803 fortiter
2311 1758 2544 1826 gerere

48 1818 322 1891 adversus
355 1824 757 1905 daemones,
796 1838 860 1892 et
893 1824 1095 1893 veluti
1134 1823 1482 1909 quoddam
1540 1823 1941 1911 trophaeum
1982 1824 2310 1893 adversus
2360 1825 2547 1893 devi-

50 1920 159 1983 {tos
202 1912 729 1982 circumducens
785 1913 1187 1987 aedituum,
1240 1914 1386 1998 jam
1455 1912 1562 1978 sui
1627 1913 1926 1980 nominis
1983 1913 2166 1982 fama
2234 1914 2547 2001 perculsa

48 2012 225 2087 gente,
257 2023 409 2069 cum
444 2003 630 2071 bona
670 2002 918 2070 fiducia
954 2002 1051 2070 sic
1088 2002 1443 2087 ingressus
1479 2014 1580 2069 est
1612 2000 1978 2077 civitatem,
2020 2024 2149 2069 non
2190 2003 2535 2081 curribus,

50 2097 101 2151 et
130 2090 360 2173 aequis,
397 2105 466 2158 et
524 2091 754 2171 muliS,
794 2104 856 2158 et
889 2091 1254 2158 comitatus
1309 2089 1750 2157 multitudine
1799 2113 1869 2158 se
1912 2089 2206 2175 jactans,
2244 2091 2357 2159 sed
2412 2092 2548 2159 cir-

53 2178 343 2245 cumcirca
377 2181 677 2267 stipatus
714 2180 1103 2247 virtutibus,
1152 2176 1430 2247 Publice
1457 2193 1683 2246 autem
1721 2179 1957 2248 effusis
1989 2180 2316 2247 omnibus
2351 2180 2545 2247 urbis

56 2256 508 2338 habitatoribus
543 2268 624 2335 ad
656 2290 903 2335 novum
944 2267 1840 2354 videndurnspectacutum,
1877 2281 1941 2336 et
1966 2269 2291 2338 omnibus
2322 2269 2550 2336 videre

63 2349 465 2438 cupientibus,
512 2358 826 2443 quisnam
881 2356 968 2424 sit
1007 2356 1122 2424 ille
1159 2356 1549 2445 Gregorius,
1595 2357 1714 2443 qui
1764 2379 1919 2426 cum
1975 2357 2060 2427 sit
2098 2357 2323 2437 homo,
2381 2370 2552 2426 tam-

59 2454 222 2534 quam
260 2466 361 2512 rex
393 2447 748 2532 quispiam
794 2445 1041 2513 habeat
1075 2458 1467 2533 potestatem
1519 2447 1581 2512 in
1635 2468 1750 2514 eos
1797 2447 1913 2532 qui
1967 2447 2148 2534 apud
2191 2447 2376 2534 ipsos
2410 2447 2552 2514 exi-

60 2537 371 2601 stimantur
402 2556 558 2603 esse
580 2534 700 2612 dii,
742 2556 861 2622 pro
890 2534 1178 2619 imperio
1212 2533 1458 2612 ferens,
1486 2548 1549 2602 et
1572 2557 1784 2624 agens
1800 2557 2240 2622 quocumque
2270 2535 2555 2604 voluerit

62 2609 391 2700 daemonia,
422 2637 490 2691 et
522 2623 870 2692 undenam
910 2622 1217 2703 voluerit,
1258 2645 1378 2710 pro
1412 2623 1695 2692 arbitrio
1722 2624 2093 2713 expellens,
2124 2639 2187 2692 et
2216 2625 2553 2694 inducens

62 2711 360 2790 tamquam
417 2713 788 2799 mancipia,
829 2726 891 2778 et
936 2711 1207 2780 illorum
1274 2713 1439 2778 ferat
1494 2711 1823 2779 cultorem
1883 2713 2089 2782 veluti
2146 2714 2203 2780 vi
2254 2713 2550 2800 quadarn

68 2791 368 2889 redactum
424 2801 491 2867 in
539 2801 959 2874 servitutem,
1017 2799 1504 2888 despicientem
1559 2801 1834 2885 quidem
1889 2802 2241 2882 honorem,
2301 2804 2365 2870 in
2419 2824 2557 2889 quo

70 2895 226 2962 prius
259 2887 492 2970 fuerat,
545 2889 764 2977 pluris
814 2903 1039 2957 autem
1093 2888 1451 2955 facientem
1495 2911 1632 2956 una
1684 2912 1840 2957 cum
1879 2913 1956 2958 eo
2007 2893 2284 2970 versari,
2347 2913 2554 2977 quam

68 2971 251 3062 omnia
304 2998 474 3063 quae
528 2979 846 3046 habebat.
906 2977 1244 3047 Omnibus
1304 2990 1532 3044 autem
1591 2999 1669 3044 eo
1703 2979 1936 3047 animo
1993 2994 2147 3048 ante
2214 2981 2553 3048 civitatem

68 3050 223 3158 illurn
262 3067 832 3154 exspectantibuS,
870 3088 1028 3135 cum
1059 3087 1136 3140 eo
1171 3065 1479 3136 accessit.
1528 3067 1855 3134 omnibus
1906 3067 2099 3135 illum
2147 3069 2297 3136 lixis
2333 3069 2555 3137 oculis

70 3142 588 3233 adspicientibus,
616 3169 965 3241 tamquam
999 3155 1352 3223 materiam
1378 3155 1757 3222 inanimam
1786 3155 2096 3223 homines
2117 3159 2555 3244 praeterienS,
2599 3241 2604 3246 .

72 3230 425 3331 afltnullum
464 3266 835 3314 conversus
860 3266 1094 3313 eorum
1149 3244 1265 3329 qui
1316 3245 1791 3321 occurrebant,
1834 3259 1899 3310 et
1935 3257 2108 3310 recta
2211 3267 2454 3332 ergens
2485 3246 2552 3311 in

73 3336 385 3415 civitatem,
416 3332 632 3401 multo
663 3333 880 3420 magis
899 3356 1012 3402 eos
1039 3332 1513 3422 obstupefecit,
1541 3355 1696 3400 cum
1723 3353 1880 3399 eum
1905 3332 2154 3400 videnti
2213 3334 2558 3403 usfamam

75 3408 367 3504 videretur
402 3444 755 3511 superare.
824 3427 898 3489 In
957 3445 1279 3511 magnam
1343 3422 1527 3489 enim
1587 3421 1927 3490 civitatem
1985 3422 2286 3509 primum
2339 3422 2564 3514 ingre-

78 3492 352 3593 dientem,
386 3532 540 3578 cum
580 3510 769 3578 nulla
810 3511 869 3577 ei
908 3512 1100 3598 prius
1135 3510 1372 3578 suisset
1412 3509 1752 3598 ejusmodi
1787 3509 2237 3586 consuetudo,
2275 3532 2405 3578 non
2442 3509 2566 3578 ad-

78 3601 349 3684 miratum
398 3597 612 3667 fuisse
672 3611 935 3668 tantum
980 3598 1340 3688 populum,
1400 3598 1515 3666 sed
1572 3613 1921 3683 tamquam
1982 3598 2394 3667 incidentem
2448 3621 2568 3687 per

80 3671 496 3768 solitudinem,
534 3688 619 3756 ad
661 3688 964 3776 seipsum
1009 3687 1233 3756 solum
1267 3699 1332 3755 et
1371 3687 1453 3754 ad
1492 3687 1620 3754 iter
1661 3688 2021 3774 respicere,
2069 3688 2150 3754 ad
2195 3687 2465 3755 nullum
2497 3709 2566 3756 se

82 3777 526 3844 convertentem
562 3799 638 3845 ex
676 3777 760 3844 iis
793 3777 909 3862 qui
944 3776 1126 3844 circa
1164 3777 1390 3865 ipsum
1421 3777 1819 3864 congregati
1857 3775 2148 3857 fuerant,
2183 3776 2311 3844 hoc
2345 3777 2563 3843 visum

85 3861 161 3914 esi
199 3852 576 3934 hominibus
631 3886 956 3954 superare
1018 3864 1461 3944 miraculum,
1524 3866 1707 3950 quod
1752 3864 2004 3932 factum
2048 3877 2148 3933 est
2189 3864 2255 3932 in
2312 3864 2560 3954 lapide.

120 4020 130 4032 ‚
180 3940 249 4009 de
277 3970 468 4021 causa
515 3953 748 4022 habita
778 3966 877 4022 est
927 3955 1097 4021 ratio
1130 3976 1393 4029 eorum,
1437 3954 1595 4039 qui,
1639 3967 1714 4021 ut
1755 3966 1910 4021 ante
1943 3952 2107 4034 dixi,
2157 3953 2362 4022 sidem
2405 3967 2559 4022 ante

89 4039 205 4104 elus
234 4035 577 4111 adventum
612 4056 1038 4131 acceperant,
1076 4055 1309 4130 utpote
1344 4042 1667 4110 universa
1701 4042 1970 4110 civitate
2005 4041 2381 4111 honorante
2416 4043 2566 4128 ejus

92 4120 510 4214 Sacerdotium.
566 4131 674 4200 Sic
706 4132 1063 4219 ingressus
1101 4145 1202 4199 est
1242 4131 1551 4217 undique
1582 4153 2024 4218 compressus
2072 4144 2135 4200 et
2183 4144 2568 4201 coarctatus

93 4195 251 4297 abfls
283 4217 390 4296 qui
427 4241 582 4287 eum
620 4220 1071 4288 deducebant.
1123 4218 1374 4287 Deinde
1416 4242 1572 4288 vero
1623 4219 1832 4289 simul
1883 4242 1962 4288 ac
2003 4220 2227 4311 attigit
2269 4220 2567 4308 philoso-

98 4284 303 4395 phuni,
337 4306 414 4373 ab
452 4310 797 4386 omnibuS,
840 4323 1186 4394 tamquam
1224 4307 1308 4375 ab
1340 4307 1571 4394 aliquo
1605 4330 1831 4387 onere,
1872 4309 2177 4397 seipsum
2221 4310 2555 4389 liberavit,

95 4381 308 4455 sslmhil
353 4394 405 4460 ei
453 4412 594 4466 erat
641 4420 719 4466 ex
755 4399 839 4466 iis
889 4419 1064 4482 quae
1113 4409 1273 4465 sunt
1320 4397 1404 4464 ad
1458 4400 1661 4465 vitam
1714 4399 2123 4478 necessaria,
2182 4421 2312 4468 non
2374 4422 2557 4488 ager,
