<?xml version="1.0" encoding="UTF-8"?>
<!DOCTYPE html PUBLIC "-//W3C//DTD XHTML 1.0 Transitional//EN"
    "http://www.w3.org/TR/xhtml1/DTD/xhtml1-transitional.dtd">
<html xmlns="http://www.w3.org/1999/xhtml" xml:lang="en" lang="en">
 <head>
  <title>
</title>
<meta http-equiv="Content-Type" content="text/html;charset=utf-8" />
  <meta name='ocr-system' content='tesseract 3.04.00' />
  <meta name='ocr-capabilities' content='ocr_page ocr_carea ocr_par ocr_line ocrx_word'/>
</head>
<body>
  <div class='ocr_page' id='page_1' title='image "./historiaeseuvit05lippgoog_0072.png"; bbox 0 0 2993 4837; ppageno 0'>
   <div class='ocr_carea' id='block_1_1' title="bbox 542 308 2922 372">
    <p class='ocr_par' dir='ltr' id='par_1_1' title="bbox 542 308 2922 372">
     <span class='ocr_line' id='line_1_1' title="bbox 542 308 2922 372; baseline 0 -3"><span class='ocrx_word' id='word_1_1' title='bbox 542 308 653 369; x_wconf 78' lang='lat'>60·</span> <span class='ocrx_word' id='word_1_2' title='bbox 1170 325 1245 369; x_wconf 77' lang='lat' dir='ltr'>nc</span> <span class='ocrx_word' id='word_1_3' title='bbox 1293 325 1381 369; x_wconf 92' lang='lat' dir='ltr'>ss.</span> <span class='ocrx_word' id='word_1_4' title='bbox 1440 323 1750 370; x_wconf 56' lang='lat' dir='ltr'>Acir-&#39;nmo</span> <span class='ocrx_word' id='word_1_5' title='bbox 1800 326 1871 369; x_wconf 73' lang='lat' dir='ltr'>ar</span> <span class='ocrx_word' id='word_1_6' title='bbox 1918 324 2118 370; x_wconf 80' lang='lat' dir='ltr'>sociis</span> <span class='ocrx_word' id='word_1_7' title='bbox 2169 326 2281 370; x_wconf 69' lang='lat' dir='ltr'>nu.</span> <span class='ocrx_word' id='word_1_8' title='bbox 2704 308 2853 372; x_wconf 74' lang='lat' dir='ltr'>NOV.</span> <span class='ocrx_word' id='word_1_9' title='bbox 2895 310 2922 370; x_wconf 74' lang='grc' dir='ltr'>’Ξ</span> 
     </span>
    </p>
   </div>
   <div class='ocr_carea' id='block_1_2' title="bbox 453 407 2957 4489">
    <p class='ocr_par' dir='ltr' id='par_1_2' title="bbox 453 407 2942 1473">
     <span class='ocr_line' id='line_1_2' title="bbox 454 407 2922 497; baseline 0.001 -21"><span class='ocrx_word' id='word_1_10' title='bbox 454 408 854 497; x_wconf 86' lang='lat' dir='ltr'>amplector,</span> <span class='ocrx_word' id='word_1_11' title='bbox 894 420 969 475; x_wconf 90' lang='lat' dir='ltr'>ut</span> <span class='ocrx_word' id='word_1_12' title='bbox 999 407 1120 493; x_wconf 91' lang='lat' dir='ltr'>qui</span> <span class='ocrx_word' id='word_1_13' title='bbox 1162 420 1449 475; x_wconf 85' lang='lat' dir='ltr'>vestram</span> <span class='ocrx_word' id='word_1_14' title='bbox 1503 407 1861 476; x_wconf 80' lang='lat' dir='ltr'>didicerim</span> <span class='ocrx_word' id='word_1_15' title='bbox 1901 410 2216 477; x_wconf 87' lang='lat' dir='ltr'>virtutem</span> <span class='ocrx_word' id='word_1_16' title='bbox 2270 421 2333 477; x_wconf 88' lang='lat' dir='ltr'>et</span> <span class='ocrx_word' id='word_1_17' title='bbox 2394 408 2827 479; x_wconf 85' lang='lat' dir='ltr'>fortitudinem</span> <span class='ocrx_word' id='word_1_18' title='bbox 2866 433 2922 478; x_wconf 79' lang='lat' dir='ltr'>ex</span> 
     </span>
     <span class='ocr_line' id='line_1_3' title="bbox 453 496 2924 587; baseline -0.001 -21"><span class='ocrx_word' id='word_1_19' title='bbox 453 497 836 566; x_wconf 86' lang='lat' dir='ltr'>constantia</span> <span class='ocrx_word' id='word_1_20' title='bbox 873 496 938 563; x_wconf 90' lang='lat' dir='ltr'>in</span> <span class='ocrx_word' id='word_1_21' title='bbox 995 496 1368 576; x_wconf 78' lang='lat' dir='ltr'>tormentis.</span> <span class='ocrx_word' id='word_1_22' title='bbox 1426 497 1490 564; x_wconf 90' lang='lat' dir='ltr'>Si</span> <span class='ocrx_word' id='word_1_23' title='bbox 1542 497 1722 564; x_wconf 89' lang='lat' dir='ltr'>enim</span> <span class='ocrx_word' id='word_1_24' title='bbox 1766 496 1931 564; x_wconf 89' lang='lat' dir='ltr'>mihi</span> <span class='ocrx_word' id='word_1_25' title='bbox 1989 498 2378 586; x_wconf 76' lang='lat' dir='ltr'>parueritiS,</span> <span class='ocrx_word' id='word_1_26' title='bbox 2436 520 2551 566; x_wconf 90' lang='lat' dir='ltr'>vos</span> <span class='ocrx_word' id='word_1_27' title='bbox 2600 498 2815 587; x_wconf 83' lang='lat' dir='ltr'>primis</span> <span class='ocrx_word' id='word_1_28' title='bbox 2847 497 2924 564; x_wconf 87' lang='lat' dir='ltr'>di·</span> 
     </span>
     <span class='ocr_line' id='line_1_4' title="bbox 454 584 2929 676; baseline -0 -22"><span class='ocrx_word' id='word_1_29' title='bbox 454 585 719 674; x_wconf 85' lang='lat' dir='ltr'>gnabor</span> <span class='ocrx_word' id='word_1_30' title='bbox 751 584 1154 663; x_wconf 80' lang='lat' dir='ltr'>honoribuS,</span> <span class='ocrx_word' id='word_1_31' title='bbox 1184 596 1249 652; x_wconf 85' lang='lat' dir='ltr'>et</span> <span class='ocrx_word' id='word_1_32' title='bbox 1275 584 1643 653; x_wconf 82' lang='lat' dir='ltr'>concedam</span> <span class='ocrx_word' id='word_1_33' title='bbox 1698 584 1873 652; x_wconf 89' lang='lat' dir='ltr'>dona</span> <span class='ocrx_word' id='word_1_34' title='bbox 1910 585 2118 676; x_wconf 87' lang='lat' dir='ltr'>digna</span> <span class='ocrx_word' id='word_1_35' title='bbox 2150 600 2363 655; x_wconf 86' lang='lat' dir='ltr'>vestra</span> <span class='ocrx_word' id='word_1_36' title='bbox 2420 588 2721 672; x_wconf 71' lang='lat' dir='ltr'>virtute.»</span> <span class='ocrx_word' id='word_1_37' title='bbox 2752 586 2929 656; x_wconf 87' lang='lat' dir='ltr'>Sancti</span> 
     </span>
     <span class='ocr_line' id='line_1_5' title="bbox 454 672 2928 754; baseline -0.001 -13"><span class='ocrx_word' id='word_1_38' title='bbox 454 687 723 743; x_wconf 89' lang='lat' dir='ltr'>autem:</span> <span class='ocrx_word' id='word_1_39' title='bbox 763 697 812 753; x_wconf 62' lang='lat'>‚«</span> <span class='ocrx_word' id='word_1_40' title='bbox 851 678 979 742; x_wconf 85' lang='lat' dir='ltr'>Nec</span> <span class='ocrx_word' id='word_1_41' title='bbox 1030 674 1176 753; x_wconf 88' lang='lat' dir='ltr'>tibi,</span> <span class='ocrx_word' id='word_1_42' title='bbox 1238 672 1599 754; x_wconf 83' lang='lat' dir='ltr'>dixerunt,</span> <span class='ocrx_word' id='word_1_43' title='bbox 1668 695 1789 740; x_wconf 88' lang='lat' dir='ltr'>nec</span> <span class='ocrx_word' id='word_1_44' title='bbox 1841 674 2039 742; x_wconf 91' lang='lat' dir='ltr'>nobis</span> <span class='ocrx_word' id='word_1_45' title='bbox 2088 675 2342 743; x_wconf 85' lang='lat' dir='ltr'>frustra</span> <span class='ocrx_word' id='word_1_46' title='bbox 2414 674 2672 744; x_wconf 89' lang='lat' dir='ltr'>labores</span> <span class='ocrx_word' id='word_1_47' title='bbox 2717 676 2928 743; x_wconf 80' lang='lat' dir='ltr'>exhibe.</span> 
     </span>
     <span class='ocr_line' id='line_1_6' title="bbox 455 762 2932 851; baseline -0 -20"><span class='ocrx_word' id='word_1_48' title='bbox 455 763 580 832; x_wconf 88' lang='lat' dir='ltr'>Sed</span> <span class='ocrx_word' id='word_1_49' title='bbox 623 784 742 831; x_wconf 90' lang='lat' dir='ltr'>nec</span> <span class='ocrx_word' id='word_1_50' title='bbox 794 777 865 831; x_wconf 91' lang='lat' dir='ltr'>tu</span> <span class='ocrx_word' id='word_1_51' title='bbox 909 763 1105 832; x_wconf 91' lang='lat' dir='ltr'>nobis</span> <span class='ocrx_word' id='word_1_52' title='bbox 1157 784 1419 851; x_wconf 90' lang='lat' dir='ltr'>parcas,</span> <span class='ocrx_word' id='word_1_53' title='bbox 1479 784 1600 830; x_wconf 87' lang='lat' dir='ltr'>nec</span> <span class='ocrx_word' id='word_1_54' title='bbox 1650 774 1711 830; x_wconf 90' lang='lat' dir='ltr'>te</span> <span class='ocrx_word' id='word_1_55' title='bbox 1742 763 1947 831; x_wconf 78' lang='lat' dir='ltr'>nostri</span> <span class='ocrx_word' id='word_1_56' title='bbox 2004 762 2144 832; x_wconf 91' lang='lat' dir='ltr'>ulla</span> <span class='ocrx_word' id='word_1_57' title='bbox 2182 778 2441 832; x_wconf 88' lang='lat' dir='ltr'>moveat</span> <span class='ocrx_word' id='word_1_58' title='bbox 2479 763 2932 833; x_wconf 79' lang='lat' dir='ltr'>misericordia:</span> 
     </span>
     <span class='ocr_line' id='line_1_7' title="bbox 456 852 2932 942; baseline -0.001 -21"><span class='ocrx_word' id='word_1_59' title='bbox 456 862 748 921; x_wconf 90' lang='lat' dir='ltr'>mentem</span> <span class='ocrx_word' id='word_1_60' title='bbox 800 852 982 919; x_wconf 89' lang='lat' dir='ltr'>enim</span> <span class='ocrx_word' id='word_1_61' title='bbox 1038 864 1335 919; x_wconf 88' lang='lat' dir='ltr'>nostram</span> <span class='ocrx_word' id='word_1_62' title='bbox 1392 872 1745 937; x_wconf 90' lang='lat' dir='ltr'>nunquam</span> <span class='ocrx_word' id='word_1_63' title='bbox 1815 852 2079 931; x_wconf 77' lang='lat' dir='ltr'>flecteS,</span> <span class='ocrx_word' id='word_1_64' title='bbox 2134 866 2252 921; x_wconf 88' lang='lat' dir='ltr'>aut</span> <span class='ocrx_word' id='word_1_65' title='bbox 2304 854 2638 922; x_wconf 83' lang='lat' dir='ltr'>bonorum</span> <span class='ocrx_word' id='word_1_66' title='bbox 2694 854 2932 942; x_wconf 83' lang='lat' dir='ltr'>promis·</span> 
     </span>
     <span class='ocr_line' id='line_1_8' title="bbox 457 939 2936 1028; baseline -0.001 -19"><span class='ocrx_word' id='word_1_67' title='bbox 457 942 574 1022; x_wconf 87' lang='lat' dir='ltr'>sis,</span> <span class='ocrx_word' id='word_1_68' title='bbox 620 952 739 1008; x_wconf 89' lang='lat' dir='ltr'>aut</span> <span class='ocrx_word' id='word_1_69' title='bbox 772 940 977 1007; x_wconf 89' lang='lat' dir='ltr'>minis</span> <span class='ocrx_word' id='word_1_70' title='bbox 1020 939 1355 1008; x_wconf 89' lang='lat' dir='ltr'>malorum</span> <span class='ocrx_word' id='word_1_71' title='bbox 1395 940 1768 1019; x_wconf 81' lang='lat' dir='ltr'>intentatis,</span> <span class='ocrx_word' id='word_1_72' title='bbox 1812 953 1929 1008; x_wconf 91' lang='lat' dir='ltr'>aut</span> <span class='ocrx_word' id='word_1_73' title='bbox 1981 954 2166 1010; x_wconf 90' lang='lat' dir='ltr'>metu</span> <span class='ocrx_word' id='word_1_74' title='bbox 2210 942 2471 1019; x_wconf 87' lang='lat' dir='ltr'>mortis,</span> <span class='ocrx_word' id='word_1_75' title='bbox 2508 963 2679 1028; x_wconf 90' lang='lat' dir='ltr'>quae</span> <span class='ocrx_word' id='word_1_76' title='bbox 2722 953 2813 1010; x_wconf 86' lang='lat' dir='ltr'>est</span> <span class='ocrx_word' id='word_1_77' title='bbox 2848 940 2936 1008; x_wconf 88' lang='lat' dir='ltr'>tibi</span> 
     </span>
     <span class='ocr_line' id='line_1_9' title="bbox 458 1028 2940 1118; baseline -0.002 -20"><span class='ocrx_word' id='word_1_78' title='bbox 458 1028 806 1099; x_wconf 79' lang='lat' dir='ltr'>terribilis,</span> <span class='ocrx_word' id='word_1_79' title='bbox 846 1028 1198 1111; x_wconf 84' lang='lat' dir='ltr'>Quomodo</span> <span class='ocrx_word' id='word_1_80' title='bbox 1246 1028 1426 1097; x_wconf 87' lang='lat' dir='ltr'>enim</span> <span class='ocrx_word' id='word_1_81' title='bbox 1485 1041 1767 1098; x_wconf 88' lang='lat' dir='ltr'>mortem</span> <span class='ocrx_word' id='word_1_82' title='bbox 1824 1030 2196 1101; x_wconf 84' lang='lat' dir='ltr'>timuerint.</span> <span class='ocrx_word' id='word_1_83' title='bbox 2251 1050 2424 1116; x_wconf 88' lang='lat' dir='ltr'>quos</span> <span class='ocrx_word' id='word_1_84' title='bbox 2477 1030 2602 1099; x_wconf 90' lang='lat' dir='ltr'>hoc</span> <span class='ocrx_word' id='word_1_85' title='bbox 2643 1030 2843 1118; x_wconf 86' lang='lat' dir='ltr'>magis</span> <span class='ocrx_word' id='word_1_86' title='bbox 2873 1028 2940 1095; x_wconf 80' lang='lat' dir='ltr'>al·</span> 
     </span>
     <span class='ocr_line' id='line_1_10' title="bbox 456 1116 2942 1207; baseline -0.002 -20"><span class='ocrx_word' id='word_1_87' title='bbox 456 1118 601 1187; x_wconf 81' lang='lat' dir='ltr'>ficit</span> <span class='ocrx_word' id='word_1_88' title='bbox 653 1117 982 1198; x_wconf 88' lang='lat' dir='ltr'>molestia,</span> <span class='ocrx_word' id='word_1_89' title='bbox 1020 1117 1199 1203; x_wconf 90' lang='lat' dir='ltr'>quod</span> <span class='ocrx_word' id='word_1_90' title='bbox 1237 1116 1443 1185; x_wconf 90' lang='lat' dir='ltr'>semel</span> <span class='ocrx_word' id='word_1_91' title='bbox 1479 1130 1546 1184; x_wconf 89' lang='lat' dir='ltr'>et</span> <span class='ocrx_word' id='word_1_92' title='bbox 1579 1139 1710 1186; x_wconf 91' lang='lat' dir='ltr'>non</span> <span class='ocrx_word' id='word_1_93' title='bbox 1746 1116 1993 1185; x_wconf 90' lang='lat' dir='ltr'>millies</span> <span class='ocrx_word' id='word_1_94' title='bbox 2024 1119 2290 1206; x_wconf 81' lang='lat' dir='ltr'>possint</span> <span class='ocrx_word' id='word_1_95' title='bbox 2325 1120 2492 1187; x_wconf 92' lang='lat' dir='ltr'>mori</span> <span class='ocrx_word' id='word_1_96' title='bbox 2531 1141 2650 1207; x_wconf 94' lang='lat' dir='ltr'>pro</span> <span class='ocrx_word' id='word_1_97' title='bbox 2695 1118 2942 1187; x_wconf 67' lang='lat' dir='ltr'>Christo?</span> 
     </span>
     <span class='ocr_line' id='line_1_11' title="bbox 460 1206 2942 1295; baseline -0 -20"><span class='ocrx_word' id='word_1_98' title='bbox 460 1212 587 1276; x_wconf 86' lang='lat' dir='ltr'>Fac</span> <span class='ocrx_word' id='word_1_99' title='bbox 636 1228 797 1295; x_wconf 86' lang='lat' dir='ltr'>ergo</span> <span class='ocrx_word' id='word_1_100' title='bbox 845 1207 977 1275; x_wconf 85' lang='lat' dir='ltr'>cito</span> <span class='ocrx_word' id='word_1_101' title='bbox 1035 1206 1099 1274; x_wconf 88' lang='lat' dir='ltr'>id</span> <span class='ocrx_word' id='word_1_102' title='bbox 1151 1206 1330 1292; x_wconf 87' lang='lat' dir='ltr'>quod</span> <span class='ocrx_word' id='word_1_103' title='bbox 1385 1228 1424 1273; x_wconf 92' lang='lat' dir='ltr'>a</span> <span class='ocrx_word' id='word_1_104' title='bbox 1476 1220 1533 1274; x_wconf 89' lang='lat' dir='ltr'>te</span> <span class='ocrx_word' id='word_1_105' title='bbox 1564 1207 1709 1295; x_wconf 86' lang='lat' dir='ltr'>jam</span> <span class='ocrx_word' id='word_1_106' title='bbox 1761 1219 1862 1273; x_wconf 80' lang='lat' dir='ltr'>est</span> <span class='ocrx_word' id='word_1_107' title='bbox 1904 1206 2319 1293; x_wconf 86' lang='lat' dir='ltr'>judicatum.</span> <span class='ocrx_word' id='word_1_108' title='bbox 2357 1213 2488 1276; x_wconf 89' lang='lat' dir='ltr'>Nos</span> <span class='ocrx_word' id='word_1_109' title='bbox 2536 1209 2716 1276; x_wconf 89' lang='lat' dir='ltr'>enim</span> <span class='ocrx_word' id='word_1_110' title='bbox 2761 1228 2942 1294; x_wconf 78' lang='lat' dir='ltr'>exspe-</span> 
     </span>
     <span class='ocr_line' id='line_1_12' title="bbox 459 1295 2942 1386; baseline -0.001 -22"><span class='ocrx_word' id='word_1_111' title='bbox 459 1308 597 1364; x_wconf 89' lang='lat' dir='ltr'>ctat</span> <span class='ocrx_word' id='word_1_112' title='bbox 642 1295 895 1364; x_wconf 90' lang='lat' dir='ltr'>chorus</span> <span class='ocrx_word' id='word_1_113' title='bbox 945 1309 1339 1364; x_wconf 78' lang='lat' dir='ltr'>sanctorum</span> <span class='ocrx_word' id='word_1_114' title='bbox 1372 1318 1385 1361; x_wconf 92' lang='lat'><strong>:</strong></span> <span class='ocrx_word' id='word_1_115' title='bbox 1422 1307 1498 1363; x_wconf 90' lang='lat' dir='ltr'>ut</span> <span class='ocrx_word' id='word_1_116' title='bbox 1527 1296 1729 1363; x_wconf 89' lang='lat' dir='ltr'>etiam</span> <span class='ocrx_word' id='word_1_117' title='bbox 1786 1296 2004 1384; x_wconf 86' lang='lat' dir='ltr'>inagis</span> <span class='ocrx_word' id='word_1_118' title='bbox 2047 1296 2163 1364; x_wconf 90' lang='lat' dir='ltr'>tibi</span> <span class='ocrx_word' id='word_1_119' title='bbox 2208 1318 2498 1386; x_wconf 78' lang='lat' dir='ltr'>agamus</span> <span class='ocrx_word' id='word_1_120' title='bbox 2547 1297 2794 1386; x_wconf 79' lang='lat' dir='ltr'>gratias</span> <span class='ocrx_word' id='word_1_121' title='bbox 2830 1316 2942 1385; x_wconf 84' lang='lat' dir='ltr'>pro·</span> 
     </span>
     <span class='ocr_line' id='line_1_13' title="bbox 464 1384 1743 1473; baseline -0.002 -21"><span class='ocrx_word' id='word_1_122' title='bbox 464 1396 611 1473; x_wconf 85' lang='lat' dir='ltr'>pter</span> <span class='ocrx_word' id='word_1_123' title='bbox 658 1384 944 1452; x_wconf 82' lang='lat' dir='ltr'>celerem</span> <span class='ocrx_word' id='word_1_124' title='bbox 983 1384 1676 1452; x_wconf 79' lang='lat' dir='ltr'>consummationem.</span> <span class='ocrx_word' id='word_1_125' title='bbox 1708 1407 1743 1449; x_wconf 84' lang='lat'>»</span> 
     </span>
    </p>

    <p class='ocr_par' dir='ltr' id='par_1_3' title="bbox 461 1471 2957 4489">
     <span class='ocr_line' id='line_1_14' title="bbox 549 1471 2944 1562; baseline -0.003 -19"><span class='ocrx_word' id='word_1_126' title='bbox 549 1475 584 1559; x_wconf 68' lang='grc' dir='ltr'>ἓ</span> <span class='ocrx_word' id='word_1_127' title='bbox 633 1478 779 1545; x_wconf 67' lang='grc'>18.</span> <span class='ocrx_word' id='word_1_128' title='bbox 837 1471 960 1541; x_wconf 85' lang='lat' dir='ltr'>Ille</span> <span class='ocrx_word' id='word_1_129' title='bbox 1009 1485 1263 1550; x_wconf 84' lang='lat' dir='ltr'>autem,</span> <span class='ocrx_word' id='word_1_130' title='bbox 1341 1471 1650 1561; x_wconf 76' lang='lat' dir='ltr'>deposita</span> <span class='ocrx_word' id='word_1_131' title='bbox 1703 1475 2032 1562; x_wconf 75' lang='lat' dir='ltr'>persona,</span> <span class='ocrx_word' id='word_1_132' title='bbox 2086 1485 2149 1540; x_wconf 88' lang='lat' dir='ltr'>et</span> <span class='ocrx_word' id='word_1_133' title='bbox 2200 1473 2351 1541; x_wconf 77' lang='lat' dir='ltr'>sicta</span> <span class='ocrx_word' id='word_1_134' title='bbox 2404 1473 2630 1542; x_wconf 75' lang='lat' dir='ltr'>ablata</span> <span class='ocrx_word' id='word_1_135' title='bbox 2685 1492 2944 1541; x_wconf 80' lang='lat' dir='ltr'>mansue·</span> 
     </span>
     <span class='ocr_line' id='line_1_15' title="bbox 462 1560 2950 1655; baseline -0.002 -26"><span class='ocrx_word' id='word_1_136' title='bbox 462 1561 738 1629; x_wconf 89' lang='lat' dir='ltr'>tudine:</span> <span class='ocrx_word' id='word_1_137' title='bbox 794 1566 997 1630; x_wconf 86' lang='lat' dir='ltr'>«Non</span> <span class='ocrx_word' id='word_1_138' title='bbox 1045 1583 1163 1651; x_wconf 89' lang='lat' dir='ltr'>per</span> <span class='ocrx_word' id='word_1_139' title='bbox 1209 1560 1394 1640; x_wconf 81' lang='lat' dir='ltr'>deos,</span> <span class='ocrx_word' id='word_1_140' title='bbox 1456 1562 1700 1655; x_wconf 80' lang='lat' dir='ltr'>inquit,</span> <span class='ocrx_word' id='word_1_141' title='bbox 1770 1582 1899 1628; x_wconf 90' lang='lat' dir='ltr'>non</span> <span class='ocrx_word' id='word_1_142' title='bbox 1954 1563 2414 1647; x_wconf 85' lang='lat' dir='ltr'>assequemini</span> <span class='ocrx_word' id='word_1_143' title='bbox 2481 1562 2541 1630; x_wconf 92' lang='lat' dir='ltr'>id</span> <span class='ocrx_word' id='word_1_144' title='bbox 2597 1563 2773 1649; x_wconf 86' lang='lat' dir='ltr'>quod</span> <span class='ocrx_word' id='word_1_145' title='bbox 2819 1560 2950 1627; x_wconf 77' lang='lat' dir='ltr'>desi·</span> 
     </span>
     <span class='ocr_line' id='line_1_16' title="bbox 461 1649 2919 1738; baseline -0.001 -20"><span class='ocrx_word' id='word_1_146' title='bbox 461 1650 737 1719; x_wconf 84' lang='lat' dir='ltr'>(leratis.</span> <span class='ocrx_word' id='word_1_147' title='bbox 775 1672 808 1714; x_wconf 85' lang='lat'>»</span> <span class='ocrx_word' id='word_1_148' title='bbox 858 1651 1063 1719; x_wconf 70' lang='lat' dir='ltr'>‚Iubet</span> <span class='ocrx_word' id='word_1_149' title='bbox 1110 1671 1273 1738; x_wconf 87' lang='lat' dir='ltr'>ergo</span> <span class='ocrx_word' id='word_1_150' title='bbox 1320 1672 1459 1727; x_wconf 83' lang='lat' dir='ltr'>eOS‚</span> <span class='ocrx_word' id='word_1_151' title='bbox 1515 1671 1669 1718; x_wconf 89' lang='lat' dir='ltr'>cum</span> <span class='ocrx_word' id='word_1_152' title='bbox 1725 1649 1979 1718; x_wconf 89' lang='lat' dir='ltr'>fuerint</span> <span class='ocrx_word' id='word_1_153' title='bbox 2023 1649 2199 1719; x_wconf 83' lang='lat' dir='ltr'>ferro</span> <span class='ocrx_word' id='word_1_154' title='bbox 2251 1652 2482 1729; x_wconf 89' lang='lat' dir='ltr'>vincti,</span> <span class='ocrx_word' id='word_1_155' title='bbox 2539 1652 2606 1718; x_wconf 91' lang='lat' dir='ltr'>in</span> <span class='ocrx_word' id='word_1_156' title='bbox 2664 1651 2919 1720; x_wconf 88' lang='lat' dir='ltr'>tutissim</span> 
     </span>
     <span class='ocr_line' id='line_1_17' title="bbox 462 1738 2952 1826; baseline 0 -21"><span class='ocrx_word' id='word_1_157' title='bbox 462 1739 716 1807; x_wconf 86' lang='lat' dir='ltr'>servari</span> <span class='ocrx_word' id='word_1_158' title='bbox 751 1738 1087 1807; x_wconf 86' lang='lat' dir='ltr'>custodia.</span> <span class='ocrx_word' id='word_1_159' title='bbox 1143 1743 1295 1826; x_wconf 86' lang='lat' dir='ltr'>Ipse</span> <span class='ocrx_word' id='word_1_160' title='bbox 1344 1752 1569 1807; x_wconf 86' lang='lat' dir='ltr'>autern</span> <span class='ocrx_word' id='word_1_161' title='bbox 1623 1759 1779 1807; x_wconf 80' lang='lat' dir='ltr'>cuin</span> <span class='ocrx_word' id='word_1_162' title='bbox 1827 1750 1956 1806; x_wconf 92' lang='lat' dir='ltr'>tota</span> <span class='ocrx_word' id='word_1_163' title='bbox 2011 1750 2204 1806; x_wconf 86' lang='lat' dir='ltr'>nocte</span> <span class='ocrx_word' id='word_1_164' title='bbox 2252 1740 2774 1813; x_wconf 79' lang='lat' dir='ltr'>considerasset,</span> <span class='ocrx_word' id='word_1_165' title='bbox 2824 1760 2952 1825; x_wconf 80' lang='lat' dir='ltr'>qua·-</span> 
     </span>
     <span class='ocr_line' id='line_1_18' title="bbox 466 1827 2950 1917; baseline 0 -24"><span class='ocrx_word' id='word_1_166' title='bbox 466 1850 622 1896; x_wconf 89' lang='lat' dir='ltr'>nam</span> <span class='ocrx_word' id='word_1_167' title='bbox 664 1841 876 1895; x_wconf 88' lang='lat' dir='ltr'>morte</span> <span class='ocrx_word' id='word_1_168' title='bbox 914 1842 1029 1897; x_wconf 86' lang='lat' dir='ltr'>eos</span> <span class='ocrx_word' id='word_1_169' title='bbox 1078 1827 1399 1906; x_wconf 87' lang='lat' dir='ltr'>afficeret,</span> <span class='ocrx_word' id='word_1_170' title='bbox 1450 1849 1650 1896; x_wconf 88' lang='lat' dir='ltr'>mane</span> <span class='ocrx_word' id='word_1_171' title='bbox 1674 1827 1873 1916; x_wconf 88' lang='lat' dir='ltr'>jubet</span> <span class='ocrx_word' id='word_1_172' title='bbox 1921 1829 1987 1895; x_wconf 88' lang='lat' dir='ltr'>in</span> <span class='ocrx_word' id='word_1_173' title='bbox 2033 1828 2375 1896; x_wconf 79' lang='lat' dir='ltr'>fornacem</span> <span class='ocrx_word' id='word_1_174' title='bbox 2433 1829 2616 1917; x_wconf 90' lang='lat' dir='ltr'>ignis</span> <span class='ocrx_word' id='word_1_175' title='bbox 2657 1830 2950 1897; x_wconf 74' lang='lat' dir='ltr'>ardentem</span> 
     </span>
     <span class='ocr_line' id='line_1_19' title="bbox 462 1916 2903 2005; baseline -0 -22"><span class='ocrx_word' id='word_1_176' title='bbox 462 1916 731 1983; x_wconf 85' lang='lat' dir='ltr'>divinos</span> <span class='ocrx_word' id='word_1_177' title='bbox 793 1917 1023 2005; x_wconf 84' lang='lat' dir='ltr'>jacere</span> <span class='ocrx_word' id='word_1_178' title='bbox 1078 1928 1449 2003; x_wconf 69' lang='lat' dir='ltr'>martyres,</span> <span class='ocrx_word' id='word_1_179' title='bbox 1513 1929 1587 1983; x_wconf 89' lang='lat' dir='ltr'>ut</span> <span class='ocrx_word' id='word_1_180' title='bbox 1642 1916 1923 1984; x_wconf 90' lang='lat' dir='ltr'>omnino</span> <span class='ocrx_word' id='word_1_181' title='bbox 1973 1921 2401 2005; x_wconf 82' lang='lat' dir='ltr'>consumptis</span> <span class='ocrx_word' id='word_1_182' title='bbox 2452 1919 2713 1986; x_wconf 86' lang='lat' dir='ltr'>sanctis</span> <span class='ocrx_word' id='word_1_183' title='bbox 2767 1937 2903 1985; x_wconf 86' lang='lat' dir='ltr'>eoru</span> 
     </span>
     <span class='ocr_line' id='line_1_20' title="bbox 461 2004 2930 2093; baseline -0.001 -21"><span class='ocrx_word' id='word_1_184' title='bbox 461 2004 888 2093; x_wconf 80' lang='lat' dir='ltr'>corporibuS,</span> <span class='ocrx_word' id='word_1_185' title='bbox 949 2027 1031 2074; x_wconf 90' lang='lat' dir='ltr'>ne</span> <span class='ocrx_word' id='word_1_186' title='bbox 1087 2006 1264 2073; x_wconf 88' lang='lat' dir='ltr'>cinis</span> <span class='ocrx_word' id='word_1_187' title='bbox 1314 2004 1588 2090; x_wconf 91' lang='lat' dir='ltr'>quidem</span> <span class='ocrx_word' id='word_1_188' title='bbox 1657 2004 2156 2089; x_wconf 78' lang='lat' dir='ltr'>relinqueretur</span> <span class='ocrx_word' id='word_1_189' title='bbox 2204 2006 2609 2076; x_wconf 81' lang='lat' dir='ltr'>Christianis</span> <span class='ocrx_word' id='word_1_190' title='bbox 2682 2004 2930 2075; x_wconf 81' lang='lat' dir='ltr'>desideri</span> 
     </span>
     <span class='ocr_line' id='line_1_21' title="bbox 461 2093 2944 2192; baseline -0.002 -31"><span class='ocrx_word' id='word_1_191' title='bbox 461 2094 567 2162; x_wconf 89' lang='lat' dir='ltr'>sui</span> <span class='ocrx_word' id='word_1_192' title='bbox 605 2093 948 2163; x_wconf 89' lang='lat' dir='ltr'>solatium.</span> <span class='ocrx_word' id='word_1_193' title='bbox 1006 2095 1132 2179; x_wconf 77' lang='lat' dir='ltr'>Qui</span> <span class='ocrx_word' id='word_1_194' title='bbox 1183 2116 1339 2161; x_wconf 91' lang='lat' dir='ltr'>cum</span> <span class='ocrx_word' id='word_1_195' title='bbox 1380 2116 1533 2163; x_wconf 88' lang='lat' dir='ltr'>mox</span> <span class='ocrx_word' id='word_1_196' title='bbox 1565 2093 1790 2161; x_wconf 87' lang='lat' dir='ltr'>educti</span> <span class='ocrx_word' id='word_1_197' title='bbox 1827 2093 2119 2161; x_wconf 84' lang='lat' dir='ltr'>fuissent</span> <span class='ocrx_word' id='word_1_198' title='bbox 2157 2115 2193 2159; x_wconf 87' lang='lat' dir='ltr'>e</span> <span class='ocrx_word' id='word_1_199' title='bbox 2232 2095 2565 2172; x_wconf 87' lang='lat' dir='ltr'>custodia,</span> <span class='ocrx_word' id='word_1_200' title='bbox 2612 2098 2714 2164; x_wconf 88' lang='lat' dir='ltr'>eis</span> <span class='ocrx_word' id='word_1_201' title='bbox 2752 2112 2944 2192; x_wconf 78' lang='lat' dir='ltr'>magnii</span> 
     </span>
     <span class='ocr_line' id='line_1_22' title="bbox 464 2182 2948 2271; baseline -0.001 -22"><span class='ocrx_word' id='word_1_202' title='bbox 464 2204 622 2251; x_wconf 85' lang='lat' dir='ltr'>voce</span> <span class='ocrx_word' id='word_1_203' title='bbox 670 2182 1073 2251; x_wconf 83' lang='lat' dir='ltr'>acclamavit</span> <span class='ocrx_word' id='word_1_204' title='bbox 1125 2194 1499 2270; x_wconf 78' lang='lat' dir='ltr'>tyrannus:</span> <span class='ocrx_word' id='word_1_205' title='bbox 1557 2186 1786 2250; x_wconf 83' lang='lat' dir='ltr'>«Ecce.</span> <span class='ocrx_word' id='word_1_206' title='bbox 1840 2183 2142 2271; x_wconf 87' lang='lat' dir='ltr'>praemia</span> <span class='ocrx_word' id='word_1_207' title='bbox 2182 2196 2436 2251; x_wconf 86' lang='lat' dir='ltr'>vestrae</span> <span class='ocrx_word' id='word_1_208' title='bbox 2473 2184 2948 2257; x_wconf 72' lang='lat' dir='ltr'>inobedientiae,</span> 
     </span>
     <span class='ocr_line' id='line_1_23' title="bbox 463 2268 2911 2356; baseline -0.002 -16"><span class='ocrx_word' id='word_1_209' title='bbox 463 2269 831 2341; x_wconf 89' lang='lat' dir='ltr'>ostendens</span> <span class='ocrx_word' id='word_1_210' title='bbox 889 2292 1101 2339; x_wconf 91' lang='lat' dir='ltr'>manu</span> <span class='ocrx_word' id='word_1_211' title='bbox 1174 2270 1558 2339; x_wconf 86' lang='lat' dir='ltr'>fornacem:</span> <span class='ocrx_word' id='word_1_212' title='bbox 1626 2292 1831 2356; x_wconf 91' lang='lat' dir='ltr'>quam</span> <span class='ocrx_word' id='word_1_213' title='bbox 1889 2269 2123 2338; x_wconf 91' lang='lat' dir='ltr'>nullus</span> <span class='ocrx_word' id='word_1_214' title='bbox 2173 2270 2389 2349; x_wconf 81' lang='lat' dir='ltr'>alius,</span> <span class='ocrx_word' id='word_1_215' title='bbox 2453 2272 2566 2339; x_wconf 87' lang='lat' dir='ltr'>sed</span> <span class='ocrx_word' id='word_1_216' title='bbox 2623 2296 2743 2341; x_wconf 87' lang='lat' dir='ltr'>vos</span> <span class='ocrx_word' id='word_1_217' title='bbox 2791 2268 2911 2339; x_wconf 85' lang='lat' dir='ltr'>vobi</span> 
     </span>
     <span class='ocr_line' id='line_1_24' title="bbox 464 2359 2952 2452; baseline -0.002 -24"><span class='ocrx_word' id='word_1_218' title='bbox 464 2360 633 2450; x_wconf 91' lang='lat' dir='ltr'>ipsis</span> <span class='ocrx_word' id='word_1_219' title='bbox 683 2360 1114 2430; x_wconf 82' lang='lat' dir='ltr'>accendistis.</span> <span class='ocrx_word' id='word_1_220' title='bbox 1163 2383 1194 2424; x_wconf 90' lang='lat'>»</span> <span class='ocrx_word' id='word_1_221' title='bbox 1246 2359 1644 2450; x_wconf 79' lang='lat' dir='ltr'>Acindynus</span> <span class='ocrx_word' id='word_1_222' title='bbox 1691 2380 1875 2449; x_wconf 73' lang='lat' dir='ltr'>erg-0,</span> <span class='ocrx_word' id='word_1_223' title='bbox 1919 2360 2155 2429; x_wconf 84' lang='lat' dir='ltr'>beatus</span> <span class='ocrx_word' id='word_1_224' title='bbox 2204 2360 2445 2430; x_wconf 84' lang='lat' dir='ltr'>Christi</span> <span class='ocrx_word' id='word_1_225' title='bbox 2503 2376 2786 2452; x_wconf 81' lang='lat' dir='ltr'>martyr,</span> <span class='ocrx_word' id='word_1_226' title='bbox 2842 2376 2952 2428; x_wconf 84' lang='lat' dir='ltr'>cum</span> 
     </span>
     <span class='ocr_line' id='line_1_25' title="bbox 465 2448 2952 2538; baseline -0.003 -21"><span class='ocrx_word' id='word_1_227' title='bbox 465 2448 928 2526; x_wconf 84' lang='lat' dir='ltr'>intellexisset,</span> <span class='ocrx_word' id='word_1_228' title='bbox 960 2471 1165 2535; x_wconf 90' lang='lat' dir='ltr'>quam</span> <span class='ocrx_word' id='word_1_229' title='bbox 1196 2462 1370 2517; x_wconf 86' lang='lat' dir='ltr'>esset</span> <span class='ocrx_word' id='word_1_230' title='bbox 1407 2449 1792 2517; x_wconf 89' lang='lat' dir='ltr'>malitiosus</span> <span class='ocrx_word' id='word_1_231' title='bbox 1820 2463 1883 2517; x_wconf 91' lang='lat' dir='ltr'>et</span> <span class='ocrx_word' id='word_1_232' title='bbox 1911 2449 2288 2537; x_wconf 73' lang='lat' dir='ltr'>versipellis</span> <span class='ocrx_word' id='word_1_233' title='bbox 2332 2464 2696 2538; x_wconf 77' lang='lat' dir='ltr'>tyrannus:</span> <span class='ocrx_word' id='word_1_234' title='bbox 2736 2455 2952 2522; x_wconf 77' lang='lat' dir='ltr'>«Forte,</span> 
     </span>
     <span class='ocr_line' id='line_1_26' title="bbox 464 2537 2910 2629; baseline -0.001 -24"><span class='ocrx_word' id='word_1_235' title='bbox 464 2537 712 2623; x_wconf 89' lang='lat' dir='ltr'>inquit,</span> <span class='ocrx_word' id='word_1_236' title='bbox 770 2537 1163 2626; x_wconf 85' lang='lat' dir='ltr'>prophetice</span> <span class='ocrx_word' id='word_1_237' title='bbox 1214 2537 1332 2607; x_wconf 88' lang='lat' dir='ltr'>tibi</span> <span class='ocrx_word' id='word_1_238' title='bbox 1396 2560 1640 2607; x_wconf 89' lang='lat' dir='ltr'>nomen</span> <span class='ocrx_word' id='word_1_239' title='bbox 1696 2537 2025 2626; x_wconf 82' lang='lat' dir='ltr'>imposuit</span> <span class='ocrx_word' id='word_1_240' title='bbox 2093 2550 2342 2606; x_wconf 90' lang='lat' dir='ltr'>mater:</span> <span class='ocrx_word' id='word_1_241' title='bbox 2392 2539 2454 2606; x_wconf 88' lang='lat' dir='ltr'>id</span> <span class='ocrx_word' id='word_1_242' title='bbox 2508 2541 2694 2626; x_wconf 82' lang='lat' dir='ltr'>enim</span> <span class='ocrx_word' id='word_1_243' title='bbox 2753 2552 2910 2629; x_wconf 86' lang='lat' dir='ltr'>patre</span> 
     </span>
     <span class='ocr_line' id='line_1_27' title="bbox 465 2626 2874 2715; baseline 0 -23"><span class='ocrx_word' id='word_1_244' title='bbox 465 2627 879 2694; x_wconf 88' lang='lat' dir='ltr'>daemonum</span> <span class='ocrx_word' id='word_1_245' title='bbox 933 2626 1297 2714; x_wconf 78' lang='lat' dir='ltr'>significat.</span> <span class='ocrx_word' id='word_1_246' title='bbox 1352 2631 1449 2695; x_wconf 88' lang='lat' dir='ltr'>Tu</span> <span class='ocrx_word' id='word_1_247' title='bbox 1501 2640 1726 2695; x_wconf 84' lang='lat' dir='ltr'>autem</span> <span class='ocrx_word' id='word_1_248' title='bbox 1798 2648 1926 2693; x_wconf 89' lang='lat' dir='ltr'>non</span> <span class='ocrx_word' id='word_1_249' title='bbox 2005 2640 2192 2715; x_wconf 86' lang='lat' dir='ltr'>pater</span> <span class='ocrx_word' id='word_1_250' title='bbox 2253 2627 2715 2707; x_wconf 88' lang='lat' dir='ltr'>daemonum,</span> <span class='ocrx_word' id='word_1_251' title='bbox 2774 2627 2874 2697; x_wconf 88' lang='lat' dir='ltr'>sed</span> 
     </span>
     <span class='ocr_line' id='line_1_28' title="bbox 464 2713 2909 2804; baseline -0.001 -22"><span class='ocrx_word' id='word_1_252' title='bbox 464 2725 693 2804; x_wconf 84' lang='lat' dir='ltr'>aperte</span> <span class='ocrx_word' id='word_1_253' title='bbox 732 2713 916 2783; x_wconf 80' lang='lat' dir='ltr'>filius</span> <span class='ocrx_word' id='word_1_254' title='bbox 946 2714 1118 2803; x_wconf 86' lang='lat' dir='ltr'>ejus,</span> <span class='ocrx_word' id='word_1_255' title='bbox 1151 2716 1265 2801; x_wconf 91' lang='lat' dir='ltr'>qui</span> <span class='ocrx_word' id='word_1_256' title='bbox 1302 2715 1427 2783; x_wconf 85' lang='lat' dir='ltr'>fuit</span> <span class='ocrx_word' id='word_1_257' title='bbox 1480 2714 1817 2784; x_wconf 81' lang='lat' dir='ltr'>homicida</span> <span class='ocrx_word' id='word_1_258' title='bbox 1849 2715 1936 2784; x_wconf 93' lang='lat' dir='ltr'>ab</span> <span class='ocrx_word' id='word_1_259' title='bbox 1979 2715 2208 2782; x_wconf 90' lang='lat' dir='ltr'>initio:</span> <span class='ocrx_word' id='word_1_260' title='bbox 2254 2717 2577 2801; x_wconf 87' lang='lat' dir='ltr'>quoniam</span> <span class='ocrx_word' id='word_1_261' title='bbox 2614 2717 2773 2803; x_wconf 86' lang='lat' dir='ltr'>ejus</span> <span class='ocrx_word' id='word_1_262' title='bbox 2803 2735 2909 2804; x_wconf 87' lang='lat' dir='ltr'>ope</span> 
     </span>
     <span class='ocr_line' id='line_1_29' title="bbox 466 2798 2934 2894; baseline -0.002 -24"><span class='ocrx_word' id='word_1_263' title='bbox 466 2802 778 2878; x_wconf 88' lang='lat' dir='ltr'>imitaris,</span> <span class='ocrx_word' id='word_1_264' title='bbox 834 2804 1057 2889; x_wconf 89' lang='lat' dir='ltr'>utqui</span> <span class='ocrx_word' id='word_1_265' title='bbox 1111 2804 1466 2873; x_wconf 89' lang='lat' dir='ltr'>hominum</span> <span class='ocrx_word' id='word_1_266' title='bbox 1516 2806 1875 2894; x_wconf 83' lang='lat' dir='ltr'>sanguine,</span> <span class='ocrx_word' id='word_1_267' title='bbox 1925 2804 2102 2872; x_wconf 90' lang='lat' dir='ltr'>sicut</span> <span class='ocrx_word' id='word_1_268' title='bbox 2153 2805 2334 2891; x_wconf 87' lang='lat' dir='ltr'>ipse,</span> <span class='ocrx_word' id='word_1_269' title='bbox 2381 2804 2830 2874; x_wconf 83' lang='lat' dir='ltr'>delecteris.»</span> <span class='ocrx_word' id='word_1_270' title='bbox 2883 2798 2934 2870; x_wconf 89' lang='lat' dir='ltr'>lll</span> 
     </span>
     <span class='ocr_line' id='line_1_30' title="bbox 466 2892 2934 2981; baseline -0.001 -22"><span class='ocrx_word' id='word_1_271' title='bbox 466 2913 643 2972; x_wconf 92' lang='lat' dir='ltr'>vero,</span> <span class='ocrx_word' id='word_1_272' title='bbox 699 2913 855 2960; x_wconf 88' lang='lat' dir='ltr'>cum</span> <span class='ocrx_word' id='word_1_273' title='bbox 904 2892 1082 2960; x_wconf 90' lang='lat' dir='ltr'>verbi</span> <span class='ocrx_word' id='word_1_274' title='bbox 1120 2893 1454 2961; x_wconf 87' lang='lat' dir='ltr'>acerbitas</span> <span class='ocrx_word' id='word_1_275' title='bbox 1503 2893 1651 2981; x_wconf 78' lang='lat' dir='ltr'>ejus</span> <span class='ocrx_word' id='word_1_276' title='bbox 1700 2894 2011 2961; x_wconf 89' lang='lat' dir='ltr'>animum</span> <span class='ocrx_word' id='word_1_277' title='bbox 2070 2893 2568 2967; x_wconf 85' lang='lat' dir='ltr'>momordisset,</span> <span class='ocrx_word' id='word_1_278' title='bbox 2630 2909 2840 2963; x_wconf 88' lang='lat' dir='ltr'>matre</span> <span class='ocrx_word' id='word_1_279' title='bbox 2877 2911 2934 2958; x_wconf 85' lang='lat' dir='ltr'>su</span> 
     </span>
     <span class='ocr_line' id='line_1_31' title="bbox 467 2976 2935 3067; baseline -0.002 -19"><span class='ocrx_word' id='word_1_280' title='bbox 467 2981 834 3050; x_wconf 87' lang='lat' dir='ltr'>accersita:</span> <span class='ocrx_word' id='word_1_281' title='bbox 891 3003 923 3045; x_wconf 86' lang='lat'>«</span> <span class='ocrx_word' id='word_1_282' title='bbox 957 2981 1128 3062; x_wconf 86' lang='lat' dir='ltr'>Quid</span> <span class='ocrx_word' id='word_1_283' title='bbox 1171 2981 1363 3060; x_wconf 86' lang='lat' dir='ltr'>mihi,</span> <span class='ocrx_word' id='word_1_284' title='bbox 1423 2982 1666 3067; x_wconf 85' lang='lat' dir='ltr'>inquit,</span> <span class='ocrx_word' id='word_1_285' title='bbox 1707 3003 1746 3049; x_wconf 94' lang='lat' dir='ltr'>o</span> <span class='ocrx_word' id='word_1_286' title='bbox 1800 2995 2034 3060; x_wconf 81' lang='lat' dir='ltr'>mater,</span> <span class='ocrx_word' id='word_1_287' title='bbox 2093 3003 2336 3049; x_wconf 91' lang='lat' dir='ltr'>nomen</span> <span class='ocrx_word' id='word_1_288' title='bbox 2392 2981 2520 3050; x_wconf 88' lang='lat' dir='ltr'>sibi</span> <span class='ocrx_word' id='word_1_289' title='bbox 2574 2984 2834 3050; x_wconf 78' lang='lat' dir='ltr'>vult?»</span> <span class='ocrx_word' id='word_1_290' title='bbox 2879 2976 2935 3046; x_wconf 87' lang='lat' dir='ltr'>lll</span> 
     </span>
     <span class='ocr_line' id='line_1_32' title="bbox 469 3070 2915 3159; baseline -0.002 -21"><span class='ocrx_word' id='word_1_291' title='bbox 469 3081 731 3138; x_wconf 89' lang='lat' dir='ltr'>autem:</span> <span class='ocrx_word' id='word_1_292' title='bbox 787 3070 1039 3150; x_wconf 87' lang='lat' dir='ltr'>«Scio,</span> <span class='ocrx_word' id='word_1_293' title='bbox 1101 3071 1359 3155; x_wconf 91' lang='lat' dir='ltr'>inquit,</span> <span class='ocrx_word' id='word_1_294' title='bbox 1429 3070 1554 3139; x_wconf 91' lang='lat' dir='ltr'>hoc</span> <span class='ocrx_word' id='word_1_295' title='bbox 1604 3092 1750 3139; x_wconf 87' lang='lat' dir='ltr'>esse</span> <span class='ocrx_word' id='word_1_296' title='bbox 1816 3070 1930 3137; x_wconf 88' lang='lat' dir='ltr'>tibi</span> <span class='ocrx_word' id='word_1_297' title='bbox 2007 3084 2389 3159; x_wconf 85' lang='lat' dir='ltr'>paternum.</span> <span class='ocrx_word' id='word_1_298' title='bbox 2445 3071 2791 3152; x_wconf 83' lang='lat' dir='ltr'>Quidnam</span> <span class='ocrx_word' id='word_1_299' title='bbox 2856 3092 2915 3134; x_wconf 75' lang='lat' dir='ltr'>ve</span> 
     </span>
     <span class='ocr_line' id='line_1_33' title="bbox 472 3156 2940 3248; baseline -0.001 -22"><span class='ocrx_word' id='word_1_300' title='bbox 472 3159 684 3248; x_wconf 88' lang='lat' dir='ltr'>possit</span> <span class='ocrx_word' id='word_1_301' title='bbox 724 3157 1161 3248; x_wconf 81' lang='lat' dir='ltr'>significare,</span> <span class='ocrx_word' id='word_1_302' title='bbox 1220 3159 1470 3228; x_wconf 78' lang='lat' dir='ltr'>nescio,</span> <span class='ocrx_word' id='word_1_303' title='bbox 1532 3182 1565 3224; x_wconf 86' lang='lat'>»</span> <span class='ocrx_word' id='word_1_304' title='bbox 1604 3163 1892 3248; x_wconf 88' lang='lat' dir='ltr'>Sapores</span> <span class='ocrx_word' id='word_1_305' title='bbox 1958 3171 2228 3227; x_wconf 87' lang='lat' dir='ltr'>autem:</span> <span class='ocrx_word' id='word_1_306' title='bbox 2286 3183 2318 3224; x_wconf 90' lang='lat'>«</span> <span class='ocrx_word' id='word_1_307' title='bbox 2355 3160 2478 3227; x_wconf 86' lang='lat' dir='ltr'>Sed</span> <span class='ocrx_word' id='word_1_308' title='bbox 2537 3161 2680 3238; x_wconf 88' lang='lat' dir='ltr'>isti,</span> <span class='ocrx_word' id='word_1_309' title='bbox 2752 3156 2940 3243; x_wconf 88' lang='lat' dir='ltr'>inquit</span> 
     </span>
     <span class='ocr_line' id='line_1_34' title="bbox 467 3245 2924 3342; baseline -0.002 -26"><span class='ocrx_word' id='word_1_310' title='bbox 467 3245 1001 3316; x_wconf 87' lang='lat' dir='ltr'>cacodaemones</span> <span class='ocrx_word' id='word_1_311' title='bbox 1049 3246 1289 3316; x_wconf 89' lang='lat' dir='ltr'>dicunt</span> <span class='ocrx_word' id='word_1_312' title='bbox 1362 3248 1485 3316; x_wconf 91' lang='lat' dir='ltr'>hoc</span> <span class='ocrx_word' id='word_1_313' title='bbox 1545 3247 1937 3336; x_wconf 83' lang='lat' dir='ltr'>significare</span> <span class='ocrx_word' id='word_1_314' title='bbox 1989 3261 2244 3338; x_wconf 86' lang='lat' dir='ltr'>patrem</span> <span class='ocrx_word' id='word_1_315' title='bbox 2316 3247 2763 3318; x_wconf 87' lang='lat' dir='ltr'>daemonum.</span> <span class='ocrx_word' id='word_1_316' title='bbox 2819 3255 2924 3342; x_wconf 24' lang='lat' dir='ltr'>Qu*</span> 
     </span>
     <span class='ocr_line' id='line_1_35' title="bbox 468 3334 2888 3426; baseline -0.002 -20"><span class='ocrx_word' id='word_1_317' title='bbox 468 3338 523 3406; x_wconf 90' lang='lat' dir='ltr'>si</span> <span class='ocrx_word' id='word_1_318' title='bbox 567 3336 863 3406; x_wconf 89' lang='lat' dir='ltr'>habeant</span> <span class='ocrx_word' id='word_1_319' title='bbox 912 3336 1255 3405; x_wconf 85' lang='lat' dir='ltr'>veritatem</span> <span class='ocrx_word' id='word_1_320' title='bbox 1312 3337 1376 3403; x_wconf 93' lang='lat' dir='ltr'>in</span> <span class='ocrx_word' id='word_1_321' title='bbox 1432 3336 1558 3404; x_wconf 90' lang='lat' dir='ltr'>hoc</span> <span class='ocrx_word' id='word_1_322' title='bbox 1608 3336 1736 3407; x_wconf 87' lang='lat' dir='ltr'>sibi</span> <span class='ocrx_word' id='word_1_323' title='bbox 1789 3338 2301 3426; x_wconf 75' lang='lat' dir='ltr'>suffragantem,</span> <span class='ocrx_word' id='word_1_324' title='bbox 2361 3359 2490 3404; x_wconf 90' lang='lat' dir='ltr'>non</span> <span class='ocrx_word' id='word_1_325' title='bbox 2546 3336 2729 3411; x_wconf 82' lang='lat' dir='ltr'>illos.</span> <span class='ocrx_word' id='word_1_326' title='bbox 2785 3334 2888 3404; x_wconf 80' lang='lat' dir='ltr'>sed</span> 
     </span>
     <span class='ocr_line' id='line_1_36' title="bbox 472 3424 2941 3525; baseline -0.003 -32"><span class='ocrx_word' id='word_1_327' title='bbox 472 3425 666 3525; x_wconf 88' lang='lat' dir='ltr'>prius</span> <span class='ocrx_word' id='word_1_328' title='bbox 727 3424 984 3494; x_wconf 87' lang='lat' dir='ltr'>tradam</span> <span class='ocrx_word' id='word_1_329' title='bbox 1043 3425 1239 3494; x_wconf 84' lang='lat' dir='ltr'>morti</span> <span class='ocrx_word' id='word_1_330' title='bbox 1290 3426 1671 3493; x_wconf 85' lang='lat' dir='ltr'>acerbae.»</span> <span class='ocrx_word' id='word_1_331' title='bbox 1723 3426 1846 3493; x_wconf 80' lang='lat' dir='ltr'>Illa</span> <span class='ocrx_word' id='word_1_332' title='bbox 1909 3448 2061 3494; x_wconf 87' lang='lat' dir='ltr'>vero</span> <span class='ocrx_word' id='word_1_333' title='bbox 2119 3424 2529 3494; x_wconf 86' lang='lat' dir='ltr'>subridens:</span> <span class='ocrx_word' id='word_1_334' title='bbox 2585 3448 2619 3491; x_wconf 88' lang='lat'>«</span> <span class='ocrx_word' id='word_1_335' title='bbox 2656 3426 2941 3519; x_wconf 32' lang='lat' dir='ltr'>‘Omnino&#39;</span> 
     </span>
     <span class='ocr_line' id='line_1_37' title="bbox 471 3512 2942 3602; baseline -0.003 -21"><span class='ocrx_word' id='word_1_336' title='bbox 471 3516 715 3602; x_wconf 84' lang='lat' dir='ltr'>inquit,</span> <span class='ocrx_word' id='word_1_337' title='bbox 780 3514 906 3583; x_wconf 87' lang='lat' dir='ltr'>nisi</span> <span class='ocrx_word' id='word_1_338' title='bbox 963 3513 1087 3581; x_wconf 89' lang='lat' dir='ltr'>hoc</span> <span class='ocrx_word' id='word_1_339' title='bbox 1136 3528 1364 3601; x_wconf 90' lang='lat' dir='ltr'>aperte</span> <span class='ocrx_word' id='word_1_340' title='bbox 1413 3525 1732 3593; x_wconf 87' lang='lat' dir='ltr'>nossent,</span> <span class='ocrx_word' id='word_1_341' title='bbox 1801 3536 1929 3581; x_wconf 88' lang='lat' dir='ltr'>non</span> <span class='ocrx_word' id='word_1_342' title='bbox 1987 3514 2071 3582; x_wconf 88' lang='lat' dir='ltr'>ita</span> <span class='ocrx_word' id='word_1_343' title='bbox 2124 3513 2456 3582; x_wconf 83' lang='lat' dir='ltr'>auderent</span> <span class='ocrx_word' id='word_1_344' title='bbox 2504 3514 2692 3600; x_wconf 86' lang='lat' dir='ltr'>loqui</span> <span class='ocrx_word' id='word_1_345' title='bbox 2772 3512 2942 3581; x_wconf 83' lang='lat' dir='ltr'>multi</span> 
     </span>
     <span class='ocr_line' id='line_1_38' title="bbox 472 3602 2952 3693; baseline -0.002 -23"><span class='ocrx_word' id='word_1_346' title='bbox 472 3602 1043 3693; x_wconf 79' lang='lat' dir='ltr'>praesentibus.»</span> <span class='ocrx_word' id='word_1_347' title='bbox 1096 3602 1267 3670; x_wconf 89' lang='lat' dir='ltr'>Hinc</span> <span class='ocrx_word' id='word_1_348' title='bbox 1323 3602 1572 3670; x_wconf 89' lang='lat' dir='ltr'>factum</span> <span class='ocrx_word' id='word_1_349' title='bbox 1626 3614 1747 3681; x_wconf 92' lang='lat' dir='ltr'>est,</span> <span class='ocrx_word' id='word_1_350' title='bbox 1817 3616 1888 3671; x_wconf 90' lang='lat' dir='ltr'>ut</span> <span class='ocrx_word' id='word_1_351' title='bbox 1940 3605 2060 3682; x_wconf 90' lang='lat' dir='ltr'>ira,</span> <span class='ocrx_word' id='word_1_352' title='bbox 2118 3624 2293 3688; x_wconf 89' lang='lat' dir='ltr'>quae</span> <span class='ocrx_word' id='word_1_353' title='bbox 2339 3602 2641 3671; x_wconf 87' lang='lat' dir='ltr'>cohiberi</span> <span class='ocrx_word' id='word_1_354' title='bbox 2710 3625 2839 3670; x_wconf 92' lang='lat' dir='ltr'>non</span> <span class='ocrx_word' id='word_1_355' title='bbox 2891 3617 2952 3688; x_wconf 73' lang='lat' dir='ltr'>po</span> 
     </span>
     <span class='ocr_line' id='line_1_39' title="bbox 473 3689 2957 3777; baseline -0.002 -18"><span class='ocrx_word' id='word_1_356' title='bbox 473 3706 661 3773; x_wconf 89' lang='lat' dir='ltr'>terat,</span> <span class='ocrx_word' id='word_1_357' title='bbox 717 3690 1063 3760; x_wconf 86' lang='lat' dir='ltr'>invaderet</span> <span class='ocrx_word' id='word_1_358' title='bbox 1129 3689 1313 3758; x_wconf 89' lang='lat' dir='ltr'>hunc</span> <span class='ocrx_word' id='word_1_359' title='bbox 1377 3691 1869 3771; x_wconf 79' lang='lat' dir='ltr'>execranduni;</span> <span class='ocrx_word' id='word_1_360' title='bbox 1932 3693 2297 3777; x_wconf 83' lang='lat' dir='ltr'>statimque</span> <span class='ocrx_word' id='word_1_361' title='bbox 2361 3713 2516 3760; x_wconf 89' lang='lat' dir='ltr'>cum</span> <span class='ocrx_word' id='word_1_362' title='bbox 2591 3691 2800 3760; x_wconf 87' lang='lat' dir='ltr'>simul</span> <span class='ocrx_word' id='word_1_363' title='bbox 2850 3706 2957 3756; x_wconf 79' lang='lat' dir='ltr'>cuit</span> 
     </span>
     <span class='ocr_line' id='line_1_40' title="bbox 472 3779 2957 3869; baseline -0.003 -21"><span class='ocrx_word' id='word_1_364' title='bbox 472 3784 601 3849; x_wconf 91' lang='lat' dir='ltr'>Deo</span> <span class='ocrx_word' id='word_1_365' title='bbox 649 3801 1085 3850; x_wconf 90' lang='lat' dir='ltr'>communem</span> <span class='ocrx_word' id='word_1_366' title='bbox 1139 3779 1543 3869; x_wconf 86' lang='lat' dir='ltr'>abnegasset</span> <span class='ocrx_word' id='word_1_367' title='bbox 1593 3792 1935 3858; x_wconf 84' lang='lat' dir='ltr'>naturam,</span> <span class='ocrx_word' id='word_1_368' title='bbox 1992 3795 2054 3847; x_wconf 89' lang='lat' dir='ltr'>et</span> <span class='ocrx_word' id='word_1_369' title='bbox 2106 3783 2226 3847; x_wconf 55' lang='lat' dir='ltr'>nst:</span> <span class='ocrx_word' id='word_1_370' title='bbox 2270 3781 2493 3869; x_wconf 87' lang='lat' dir='ltr'>ipsum</span> <span class='ocrx_word' id='word_1_371' title='bbox 2547 3781 2872 3848; x_wconf 78' lang='lat' dir='ltr'>omnibus</span> <span class='ocrx_word' id='word_1_372' title='bbox 2896 3795 2957 3842; x_wconf 76' lang='lat' dir='ltr'>ca</span> 
     </span>
     <span class='ocr_line' id='line_1_41' title="bbox 472 3867 2952 3958; baseline -0.002 -23"><span class='ocrx_word' id='word_1_373' title='bbox 472 3891 622 3937; x_wconf 87' lang='lat' dir='ltr'>rum</span> <span class='ocrx_word' id='word_1_374' title='bbox 670 3890 914 3937; x_wconf 89' lang='lat' dir='ltr'>nomen</span> <span class='ocrx_word' id='word_1_375' title='bbox 972 3868 1208 3936; x_wconf 90' lang='lat' dir='ltr'>matris</span> <span class='ocrx_word' id='word_1_376' title='bbox 1256 3883 1431 3938; x_wconf 91' lang='lat' dir='ltr'>esset</span> <span class='ocrx_word' id='word_1_377' title='bbox 1468 3869 1816 3945; x_wconf 73' lang='lat' dir='ltr'>reveritus,</span> <span class='ocrx_word' id='word_1_378' title='bbox 1856 3869 2034 3955; x_wconf 89' lang='lat' dir='ltr'>quod</span> <span class='ocrx_word' id='word_1_379' title='bbox 2077 3869 2173 3936; x_wconf 88' lang='lat' dir='ltr'>vel</span> <span class='ocrx_word' id='word_1_380' title='bbox 2229 3869 2398 3958; x_wconf 88' lang='lat' dir='ltr'>ipsis</span> <span class='ocrx_word' id='word_1_381' title='bbox 2434 3868 2592 3936; x_wconf 87' lang='lat' dir='ltr'>feris</span> <span class='ocrx_word' id='word_1_382' title='bbox 2639 3881 2702 3936; x_wconf 85' lang='lat' dir='ltr'>et</span> <span class='ocrx_word' id='word_1_383' title='bbox 2746 3867 2952 3936; x_wconf 85' lang='lat' dir='ltr'>aniina</span> 
     </span>
     <span class='ocr_line' id='line_1_42' title="bbox 474 3953 2944 4045; baseline -0.002 -21"><span class='ocrx_word' id='word_1_384' title='bbox 474 3956 656 4026; x_wconf 88' lang='lat' dir='ltr'>libus</span> <span class='ocrx_word' id='word_1_385' title='bbox 708 3957 990 4027; x_wconf 90' lang='lat' dir='ltr'>rationis</span> <span class='ocrx_word' id='word_1_386' title='bbox 1059 3957 1450 4045; x_wconf 85' lang='lat' dir='ltr'>expertibus</span> <span class='ocrx_word' id='word_1_387' title='bbox 1511 3957 1703 4026; x_wconf 79' lang='lat' dir='ltr'>affert</span> <span class='ocrx_word' id='word_1_388' title='bbox 1769 3959 2247 4038; x_wconf 78' lang='lat' dir='ltr'>reverentiam,</span> <span class='ocrx_word' id='word_1_389' title='bbox 2314 3959 2372 4025; x_wconf 89' lang='lat' dir='ltr'>ei</span> <span class='ocrx_word' id='word_1_390' title='bbox 2438 3978 2680 4024; x_wconf 90' lang='lat' dir='ltr'>manus</span> <span class='ocrx_word' id='word_1_391' title='bbox 2746 3953 2944 4042; x_wconf 86' lang='lat' dir='ltr'>injicit</span> 
     </span>
     <span class='ocr_line' id='line_1_43' title="bbox 473 4046 2957 4135; baseline -0.003 -23"><span class='ocrx_word' id='word_1_392' title='bbox 473 4067 722 4114; x_wconf 90' lang='lat' dir='ltr'>manus</span> <span class='ocrx_word' id='word_1_393' title='bbox 753 4048 823 4135; x_wconf 95' lang='lat' dir='ltr'>(o</span> <span class='ocrx_word' id='word_1_394' title='bbox 862 4046 1092 4114; x_wconf 88' lang='lat' dir='ltr'>divina</span> <span class='ocrx_word' id='word_1_395' title='bbox 1120 4046 1385 4132; x_wconf 87' lang='lat' dir='ltr'>justitia</span> <span class='ocrx_word' id='word_1_396' title='bbox 1417 4047 1465 4134; x_wconf 91' lang='lat' dir='ltr'>l)</span> <span class='ocrx_word' id='word_1_397' title='bbox 1507 4047 1708 4115; x_wconf 90' lang='lat' dir='ltr'>homo</span> <span class='ocrx_word' id='word_1_398' title='bbox 1763 4047 1824 4112; x_wconf 88' lang='lat' dir='ltr'>in</span> <span class='ocrx_word' id='word_1_399' title='bbox 1886 4051 2196 4127; x_wconf 82' lang='lat' dir='ltr'>matrem,</span> <span class='ocrx_word' id='word_1_400' title='bbox 2250 4060 2314 4114; x_wconf 91' lang='lat' dir='ltr'>et</span> <span class='ocrx_word' id='word_1_401' title='bbox 2372 4060 2653 4114; x_wconf 86' lang='lat' dir='ltr'>matrem</span> <span class='ocrx_word' id='word_1_402' title='bbox 2720 4048 2860 4132; x_wconf 56' lang='lat' dir='ltr'>‚jam</span> <span class='ocrx_word' id='word_1_403' title='bbox 2900 4059 2957 4106; x_wconf 81' lang='lat' dir='ltr'>ve</span> 
     </span>
     <span class='ocr_line' id='line_1_44' title="bbox 470 4132 2957 4240; baseline -0.003 -38"><span class='ocrx_word' id='word_1_404' title='bbox 470 4134 714 4212; x_wconf 70' lang='lat' dir='ltr'>ullam,</span> <span class='ocrx_word' id='word_1_405' title='bbox 770 4149 834 4203; x_wconf 91' lang='lat' dir='ltr'>et</span> <span class='ocrx_word' id='word_1_406' title='bbox 869 4134 1052 4204; x_wconf 84' lang='lat' dir='ltr'>lilius</span> <span class='ocrx_word' id='word_1_407' title='bbox 1105 4135 1300 4203; x_wconf 90' lang='lat' dir='ltr'>matri</span> <span class='ocrx_word' id='word_1_408' title='bbox 1333 4136 1656 4226; x_wconf 86' lang='lat' dir='ltr'>impingit</span> <span class='ocrx_word' id='word_1_409' title='bbox 1696 4134 1993 4222; x_wconf 82' lang='lat' dir='ltr'>alapam,</span> <span class='ocrx_word' id='word_1_410' title='bbox 2033 4136 2376 4240; x_wconf 81' lang='lat' dir='ltr'>egregiam</span> <span class='ocrx_word' id='word_1_411' title='bbox 2414 4136 2473 4204; x_wconf 92' lang='lat' dir='ltr'>ei</span> <span class='ocrx_word' id='word_1_412' title='bbox 2512 4132 2801 4202; x_wconf 89' lang='lat' dir='ltr'>reddens</span> <span class='ocrx_word' id='word_1_413' title='bbox 2840 4147 2957 4199; x_wconf 85' lang='lat' dir='ltr'>mer</span> 
     </span>
     <span class='ocr_line' id='line_1_45' title="bbox 471 4221 2957 4311; baseline -0.003 -21"><span class='ocrx_word' id='word_1_414' title='bbox 471 4223 704 4292; x_wconf 86' lang='lat' dir='ltr'>cedem</span> <span class='ocrx_word' id='word_1_415' title='bbox 753 4224 1168 4304; x_wconf 87' lang='lat' dir='ltr'>nutritionis,</span> <span class='ocrx_word' id='word_1_416' title='bbox 1209 4238 1325 4292; x_wconf 90' lang='lat' dir='ltr'>aut</span> <span class='ocrx_word' id='word_1_417' title='bbox 1364 4225 1588 4311; x_wconf 86' lang='lat' dir='ltr'>potius</span> <span class='ocrx_word' id='word_1_418' title='bbox 1625 4224 1941 4293; x_wconf 86' lang='lat' dir='ltr'>lubenter</span> <span class='ocrx_word' id='word_1_419' title='bbox 1986 4224 2264 4303; x_wconf 82' lang='lat' dir='ltr'>dixeris,</span> <span class='ocrx_word' id='word_1_420' title='bbox 2313 4224 2432 4310; x_wconf 92' lang='lat' dir='ltr'>qui</span> <span class='ocrx_word' id='word_1_421' title='bbox 2485 4221 2812 4309; x_wconf 84' lang='lat' dir='ltr'>majorem</span> <span class='ocrx_word' id='word_1_422' title='bbox 2854 4227 2957 4304; x_wconf 75' lang='lat' dir='ltr'>jur</span> 
     </span>
     <span class='ocr_line' id='line_1_46' title="bbox 469 4310 2957 4400; baseline -0.003 -22"><span class='ocrx_word' id='word_1_423' title='bbox 469 4321 613 4380; x_wconf 79' lang='lat' dir='ltr'>erat</span> <span class='ocrx_word' id='word_1_424' title='bbox 663 4310 1078 4388; x_wconf 77' lang='lat' dir='ltr'>redditurus,</span> <span class='ocrx_word' id='word_1_425' title='bbox 1135 4313 1314 4400; x_wconf 89' lang='lat' dir='ltr'>quod</span> <span class='ocrx_word' id='word_1_426' title='bbox 1357 4312 1473 4381; x_wconf 89' lang='lat' dir='ltr'>illa</span> <span class='ocrx_word' id='word_1_427' title='bbox 1510 4312 1638 4381; x_wconf 90' lang='lat' dir='ltr'>tale</span> <span class='ocrx_word' id='word_1_428' title='bbox 1691 4313 1948 4380; x_wconf 88' lang='lat' dir='ltr'>malum</span> <span class='ocrx_word' id='word_1_429' title='bbox 2004 4314 2069 4380; x_wconf 91' lang='lat' dir='ltr'>in</span> <span class='ocrx_word' id='word_1_430' title='bbox 2125 4312 2342 4380; x_wconf 86' lang='lat' dir='ltr'>lucem</span> <span class='ocrx_word' id='word_1_431' title='bbox 2379 4311 2687 4380; x_wconf 84' lang='lat' dir='ltr'>ediderit.</span> <span class='ocrx_word' id='word_1_432' title='bbox 2735 4310 2853 4378; x_wconf 83' lang='lat' dir='ltr'>llla</span> <span class='ocrx_word' id='word_1_433' title='bbox 2886 4325 2957 4372; x_wconf 91' lang='lat' dir='ltr'>au</span> 
     </span>
     <span class='ocr_line' id='line_1_47' title="bbox 472 4400 2953 4489; baseline -0.002 -22"><span class='ocrx_word' id='word_1_434' title='bbox 472 4413 600 4468; x_wconf 89' lang='lat' dir='ltr'>tem</span> <span class='ocrx_word' id='word_1_435' title='bbox 659 4400 1017 4489; x_wconf 89' lang='lat' dir='ltr'>procidens</span> <span class='ocrx_word' id='word_1_436' title='bbox 1051 4400 1131 4468; x_wconf 90' lang='lat' dir='ltr'>ad</span> <span class='ocrx_word' id='word_1_437' title='bbox 1189 4401 1392 4489; x_wconf 87' lang='lat' dir='ltr'>pedes</span> <span class='ocrx_word' id='word_1_438' title='bbox 1436 4406 1839 4470; x_wconf 84' lang='lat' dir='ltr'>Sanctorum</span> <span class='ocrx_word' id='word_1_439' title='bbox 1872 4424 1884 4466; x_wconf 91' lang='lat'>:</span> <span class='ocrx_word' id='word_1_440' title='bbox 1924 4424 1958 4465; x_wconf 90' lang='lat'>«</span> <span class='ocrx_word' id='word_1_441' title='bbox 1994 4405 2261 4470; x_wconf 87' lang='lat' dir='ltr'>Servate</span> <span class='ocrx_word' id='word_1_442' title='bbox 2301 4422 2518 4469; x_wconf 87' lang='lat' dir='ltr'>meam</span> <span class='ocrx_word' id='word_1_443' title='bbox 2558 4409 2953 4475; x_wconf 79' lang='lat' dir='ltr'>senectutem</span> 
     </span>
    </p>
   </div>
   <div class='ocr_carea' id='block_1_3' title="bbox 2952 98 2961 1204">
    <p class='ocr_par' dir='ltr' id='par_1_4' title="bbox 2952 98 2961 1204">
     <span class='ocr_line' id='line_1_48' title="bbox 2952 98 2961 1204; baseline 0 0"><span class='ocrx_word' id='word_1_444' title='bbox 2952 98 2961 1204; x_wconf 95' lang='lat' dir='ltr'> </span> 
     </span>
    </p>
   </div>
   <div class='ocr_carea' id='block_1_4' title="bbox 2911 1513 2961 3620">
    <p class='ocr_par' dir='ltr' id='par_1_5' title="bbox 2911 1513 2961 3620">
     <span class='ocr_line' id='line_1_49' title="bbox 2925 1513 2959 1870; baseline 0 -88"><span class='ocrx_word' id='word_1_445' title='bbox 2925 1513 2959 1870; x_wconf 95' lang='lat' dir='ltr'>   </span> 
     </span>
     <span class='ocr_line' id='line_1_50' title="bbox 2950 1870 2957 1962; baseline 0 2875"><span class='ocrx_word' id='word_1_446' title='bbox 2950 1870 2957 1962; x_wconf 95' lang='lat' dir='ltr'> </span> 
     </span>
     <span class='ocr_line' id='line_1_51' title="bbox 2930 1962 2961 2241; baseline 0 -197"><span class='ocrx_word' id='word_1_447' title='bbox 2930 1962 2961 2241; x_wconf 95' lang='lat' dir='ltr'>    </span> 
     </span>
     <span class='ocr_line' id='line_1_52' title="bbox 2948 2241 2961 2400; baseline 1.077 -96"><span class='ocrx_word' id='word_1_448' title='bbox 2948 2241 2961 2400; x_wconf 95' lang='lat' dir='ltr'>   </span> 
     </span>
     <span class='ocr_line' id='line_1_53' title="bbox 2954 2400 2957 2512; baseline 3.333 -11"><span class='ocrx_word' id='word_1_449' title='bbox 2954 2400 2957 2512; x_wconf 95' lang='lat' dir='ltr'> </span> 
     </span>
     <span class='ocr_line' id='line_1_54' title="bbox 2911 2512 2957 2750; baseline 0 -62"><span class='ocrx_word' id='word_1_450' title='bbox 2911 2512 2957 2750; x_wconf 95' lang='lat' dir='ltr'>   </span> 
     </span>
     <span class='ocr_line' id='line_1_55' title="bbox 2935 2750 2957 2942; baseline 0 0"><span class='ocrx_word' id='word_1_451' title='bbox 2935 2750 2957 2942; x_wconf 95' lang='lat' dir='ltr'>  </span> 
     </span>
     <span class='ocr_line' id='line_1_56' title="bbox 2935 2942 2961 3203; baseline 0.154 -94"><span class='ocrx_word' id='word_1_452' title='bbox 2935 2942 2961 3203; x_wconf 95' lang='lat' dir='ltr'>    </span> 
     </span>
     <span class='ocr_line' id='line_1_57' title="bbox 2924 3203 2957 3374; baseline 0 -80"><span class='ocrx_word' id='word_1_453' title='bbox 2924 3203 2957 3374; x_wconf 95' lang='lat' dir='ltr'>  </span> 
     </span>
     <span class='ocr_line' id='line_1_58' title="bbox 2932 3374 2961 3620; baseline 0 -164"><span class='ocrx_word' id='word_1_454' title='bbox 2932 3374 2961 3620; x_wconf 95' lang='lat' dir='ltr'>    </span> 
     </span>
    </p>
   </div>
   <div class='ocr_carea' id='block_1_5' title="bbox 2954 3618 2958 4522">
    <p class='ocr_par' dir='ltr' id='par_1_6' title="bbox 2954 3618 2958 4522">
     <span class='ocr_line' id='line_1_59' title="bbox 2954 3618 2958 4522; baseline 0 0"><span class='ocrx_word' id='word_1_455' title='bbox 2954 3618 2958 4522; x_wconf 95' lang='lat' dir='ltr'> </span> 
     </span>
    </p>
   </div>
  </div>
 </body>
</html>
