2993 4837
59 304 205 369 NOV.
258 305 295 368 7
584 322 660 367 ns
707 322 763 368 S.
818 319 1222 368 mennam-o
1270 319 1567 368 ARCHIEP-
1621 320 1992 369 commitam
2354 305 2481 369 329

60 429 151 475 nec
198 407 540 475 hominem
598 406 1071 475 reverebatur:
1109 428 1262 475 mox
1290 406 1375 475 de
1413 428 1589 493 equo
1623 405 2001 487 descendit,
2055 418 2141 485 et,
2188 406 2346 474 sede
2385 428 2571 475 com—

60 496 263 584 posita,
317 494 465 564 loco
505 495 737 574 DuciS,
790 495 874 564 ad
924 494 1388 583 judicandum
1448 495 1718 575 sedem,
1774 516 1984 584 super
2030 492 2256 576 feud0,
2311 494 2395 563 d'e
2432 516 2570 582 quo

58 585 223 653 vidua
276 586 860 670 conquerebatur,
918 584 1324 654 sententiam
1399 585 1736 672 quaesivit
1800 596 1865 653 et
1930 583 2215 672 accepit.
2271 583 2569 653 Audiens

57 694 180 742 vero
226 695 342 762 pro
375 694 447 741 se
499 685 567 741 et
613 686 850 743 contra
901 672 1175 741 viduam
1233 674 1635 742 sententiam
1695 694 1843 742 esse
1904 672 2151 751 iatam,
2222 693 2303 740 ex
2353 672 2564 741 multa

56 762 244 829 cordis
297 763 898 831 commiseratione
939 761 1224 851 protulit
1279 764 1562 832 verbum
1623 761 1952 830 memoria
2000 761 2337 848 dignum:
2395 784 2431 827 «
2472 767 2565 830 En

55 850 318 929 domina,
360 851 613 936 inquit,
666 851 949 919 seudum
1010 850 1162 930 hoo,
1217 850 1300 918 de
1338 872 1475 937 quo
1538 852 2002 936 conquereriS,
2065 850 2186 919 tibi
2237 871 2359 939 per
2413 872 2568 918 sen-

56 940 293 1006 tentiam
321 938 660 1020 ablatum,
694 939 1003 1025 mihique
1033 939 1506 1026 adjudicatum
1543 951 1665 1008 est.
1708 940 1831 1008 Sed
1862 960 1987 1029 ego
2018 951 2291 1027 propter
2329 944 2562 1017 Deum,

55 1026 257 1095 dolens
290 1028 641 1097 miseriam
696 1041 909 1110 tuam,
968 1027 1029 1096 id
1079 1028 1200 1096 tibi
1236 1029 1572 1114 relinquo.
1614 1032 1817 1097 Porro
1851 1028 2135 1097 alterius
2180 1027 2430 1117 negotii
2473 1030 2564 1095 tui

56 1116 123 1182 ad
166 1137 261 1184 me
290 1138 422 1185 non
463 1118 760 1206 pertinet
790 1118 1295 1204 querimonia.»
1333 1116 1569 1186 Simile
1599 1116 1931 1203 quiddam
1988 1116 2284 1206 legimus
2335 1116 2404 1183 in
2439 1121 2570 1185 Ro-

58 1226 224 1271 mana
263 1204 544 1274 historia
597 1206 682 1274 de
742 1207 852 1294 pio
905 1206 1217 1295 principe
1263 1206 1588 1295 Trajano:
1642 1206 1759 1290 qui
1812 1227 1968 1275 cum
2020 1218 2199 1273 esset
2253 1205 2321 1273 in
2365 1227 2568 1292 expe—

60 1292 276 1362 ditione
321 1295 611 1383 positus,
666 1308 731 1362 et
782 1294 1022 1363 militia
1077 1293 1391 1374 vailatuS,
1433 1294 1637 1362 vidua
1681 1295 1779 1362 itti
1817 1295 2282 1363 vetustissima
2317 1294 2383 1362 in
2424 1294 2568 1362 soro

16 1410 17 1413 ¹
62 1383 334 1459 occurrit,
377 1396 442 1451 et
494 1384 821 1473 injuriam
866 1405 1060 1452 suam
1106 1383 1206 1452 itti
1237 1396 1605 1470 conquesta
1656 1396 1780 1452 est.
1815 1389 2119 1469 Cumque
2153 1381 2267 1451 itle
2316 1382 2571 1451 diceret

64 1490 117 1536 se
154 1468 253 1555 ius
284 1472 338 1538 ei
389 1471 744 1541 dicturum
779 1492 937 1539 cum
985 1471 1254 1554 rediret,
1294 1484 1357 1540 et
1410 1472 1524 1539 itta
1566 1472 2005 1560 responderet
2041 1472 2376 1540 incertum
2420 1493 2569 1540 esse

64 1558 310 1627 reditum
358 1561 551 1650 ejus:
622 1582 774 1628 mox
828 1560 1154 1629 dominus
1223 1561 1411 1631 orbis
1462 1560 1804 1639 substitit,
1864 1560 2137 1629 viduam
2192 1559 2457 1630 audivit
2506 1574 2570 1628 et

64 1646 429 1729 vindicavit,
483 1650 719 1718 omnia
782 1649 881 1717 itti
934 1651 1319 1718 restituens.
1392 1648 1704 1738 Amplius
1775 1648 2034 1736 aliquid
2096 1664 2419 1739 operatus
2468 1662 2571 1718 est

67 1735 339 1826 princeps
394 1751 651 1806 noster.
698 1738 1032 1827 Trajanus
1085 1761 1202 1827 per
1254 1738 1598 1829 judicium
1670 1738 1914 1806 viduae
1979 1738 2132 1807 fecit
2170 1739 2564 1827 justitiain;

67 1825 464 1913 Engelbertus
511 1848 718 1896 omne
745 1826 1087 1913 judicium
1141 1828 1470 1896 convertit
1537 1828 1604 1894 in
1659 1826 2227 1895 misericordiam.
2284 1832 2359 1896 Et
2406 1828 2570 1914 quia

68 1912 184 2010 sine
224 1912 347 1984 fide
394 1915 829 2004 impossibile
874 1928 976 1984 est
1016 1914 1283 2005 placere
1337 1921 1488 1996 De0,
1547 1915 1604 1984 si
1657 1919 2037 2004 Imperator
2076 1915 2265 1983 iiiam
2318 1915 2567 1985 huma-

70 2012 292 2071 nitatem
354 2005 662 2073 exercuit
708 2004 847 2073 zelo
908 2005 1258 2094 Justitiae,
1319 2027 1450 2074 non
1505 2004 1813 2093 appetitu
1870 2002 2202 2073 secularis
2256 2003 2559 2090 gloriae,

76 2101 278 2173 poterat
314 2093 375 2161 ei
422 2115 575 2162 esse
610 2092 694 2161 ad
748 2093 1243 2182 mitigationem
1290 2114 1573 2183 poenae,
1641 2092 1821 2178 quod
1878 2092 2209 2162 sacerdoti
2269 2094 2562 2173 Domini,

77 2180 324 2275 eoquod
373 2197 553 2251 esset
602 2182 708 2249 vir
754 2181 1157 2262 catholicus,
1218 2182 1555 2251 contritus
1587 2192 1652 2249 et
1700 2178 2079 2258 confessus,
2137 2181 2564 2250 meritorium

76 2261 237 2361 fnisse
281 2270 584 2339 creditur
632 2270 803 2339 vitae
836 2282 1171 2339 aeternae.
1226 2274 1413 2359 Opus
1464 2270 1930 2359 ImperatoriS,
1986 2291 2143 2339 cum
2188 2282 2375 2338 extra
2409 2270 2567 2338 cha-

74 2365 286 2426 ritatem
334 2357 592 2429 factum
641 2358 750 2441 sit,
789 2371 1136 2430 mortuum
1180 2359 1532 2431 remansit.
1587 2366 1775 2449 Opus
1809 2380 1964 2428 vero
2006 2357 2347 2448 Episcopi,
2385 2359 2564 2447 quod

73 2461 130 2509 ex
172 2445 478 2517 charitate
527 2448 784 2517 factum
853 2470 1251 2539 speramuS,
1297 2449 1380 2517 ad
1434 2449 1746 2538 martyrii
1796 2447 2084 2538 gloriam
2140 2447 2336 2517 vaide
2404 2471 2560 2518 eum

74 2529 319 2603 habilem
371 2536 693 2606 reddidit.

138 2622 331 2706 ἓίὸ.
384 2631 552 2694 Cum
605 2639 830 2695 autem
867 2626 1247 2714 Episcopus
1277 2639 1670 2715 properaret
1700 2625 1781 2693 ad
1837 2625 2063 2695 locum
2116 2626 2563 2706 destinatum,

73 2710 259 2805 Comes
303 2714 690 2783 Fridericus
738 2715 921 2783 circa
974 2714 1325 2782 meridiem
1364 2716 1545 2784 venit
1594 2714 1676 2783 ad
1714 2737 1899 2796 eum,
1952 2716 2202 2785 certior
2252 2715 2397 2784 fieri
2449 2737 2568 2783 cu-

78 2813 228 2946 piens
254 2823 383 2888 quo
424 2803 752 2884 tenderet,
791 2815 855 2871 et
902 2803 1022 2889 qui
1075 2802 1174 2872 vel
1214 2816 1380 2890 quot
1426 2826 1581 2873 cum
1634 2824 1711 2872 eo
1750 2816 2000 2873 essent.
2057 2805 2440 2904 Episcopus
2489 2803 2569 2872 it-

84 2905 185 2978 ⁴um
225 2891 482 2973 salutat,
543 2905 755 2979 utque
794 2891 978 2981 apud
1032 2914 1105 2961 se
1165 2905 1612 2980 pernoctaret,
1672 2893 2051 2994 plurimum
2106 2894 2386 2962 invitat:
2450 2894 2562 2962 sed

80 2968 168 3039 ilie
205 2997 319 3047 non
368 2982 767 3070 acquiescit,
823 2980 1083 3067 aliquid
1124 3001 1416 3070 semper,
1462 2995 1539 3051 ut
1589 3003 1807 3071 prius,
1843 3002 2091 3051 causae
2144 2993 2560 3069 praetexens.

82 3059 238 3155 Qcor
281 3072 654 3159 agninum!
706 3091 746 3139 o
794 3069 1072 3139 oculum
1125 3069 1648 3140 columbinum!
1704 3075 1828 3138 Cor
1883 3070 2031 3138 sine
2090 3068 2268 3150 felle,
2323 3070 2570 3140 oculus

82 3159 662 3250 stne-suspicione!
728 3159 977 3227 Invitat
1023 3159 1293 3228 amicus
1342 3159 1645 3240 hostem,
1699 3157 2121 3227 domesticus
2185 3157 2564 3232 latronem.

79 3232 249 3308 hostia
292 3247 709 3316 carnificem.
747 3248 1002 3316 Comite
1052 3247 1429 3328 recedente,
1468 3262 1533 3317 et
1576 3245 1897 3336 pontifice
1940 3245 2370 3334 procedente,
2405 3259 2571 3315 tem-

78 3342 175 3405 pus
203 3330 372 3403 adest
419 3336 911 3425 vespertinum.
951 3337 1263 3425 vesperis
1315 3359 1469 3405 vero
1519 3335 1744 3417 dictis,
1787 3356 2030 3404 rursus
2078 3333 2270 3403 adest
2304 3340 2563 3404 Comes,

77 3413 205 3482 Eum
236 3440 509 3494 cernens
557 3425 833 3493 eminus
881 3425 1256 3504 Conradus,
1305 3431 1543 3495 Comes
1575 3424 1998 3504 Tremoniae‚
2045 3423 2140 3492 ait
2173 3423 2255 3491 ad
2296 3424 2570 3513 Episco-

78 3519 238 3583 pum:
289 3531 320 3573 «
350 3514 653 3593 Domine,
702 3513 940 3582 creber
988 3515 1268 3584 Comitis
1317 3514 1528 3603 hujus
1562 3535 1882 3584 accessus
1922 3525 1988 3582 et
2038 3533 2349 3581 recessus
2401 3511 2568 3578 mihi

77 3589 317 3682 ‚multum
365 3614 465 3670 est
513 3614 901 3689 suspectus.
957 3608 1050 3671 En
1123 3625 1308 3673 nunc
1359 3604 1554 3673 tertio
1590 3603 1792 3682 venit,
1840 3614 1906 3670 et
1939 3622 2100 3681 non,
2154 3601 2335 3670 sicut
2386 3613 2564 3677 ante,

77 3694 125 3740 ln
169 3683 511 3779 palefrido,
565 3690 680 3759 sed
732 3692 798 3758 in
864 3690 1204 3760 dextrario
1242 3692 1298 3757 *.
1363 3691 1659 3761 Consulo
1721 3690 1953 3770 vobis»,
2008 3704 2085 3760 ut
2130 3702 2196 3759 et
2245 3711 2362 3758 vos
2410 3687 2568 3756 dex-

78 3773 311 3841 trarium
359 3791 652 3848 vestrum
729 3779 1141 3849 ascendatis.
1190 3804 1225 3846 »
1268 3782 1384 3850 Cui
1436 3780 1552 3848 ilie
1620 3779 2014 3870 respondit:
2092 3801 2127 3845 «
2161 3783 2302 3847 Hoc
2362 3777 2570 3846 nimis

78 3870 214 3924 esset
254 3866 561 3961 notabile.
618 3873 757 3937 Non
809 3869 993 3936 enim
1048 3868 1292 3938 timeo:
1347 3870 1509 3955 quia
1561 3890 1693 3937 non
1749 3869 1954 3937 nocui
2005 3867 2129 3935 illi.
2180 3890 2216 3934 »
2267 3872 2572 3952 Cumque

78 3958 626 4040 appropinquaret,
669 3957 987 4027 viderunt
1024 3957 1256 4026 vultus
1285 3958 1434 4047 ejus
1461 3956 1755 4026 colorem
1796 3958 2069 4046 penitus
2098 3956 2564 4025 immutatum.

16 4105 17 4112 ,
80 4029 190 4100 Heu
232 4058 422 4122 quam
459 4043 739 4114 difficile
786 4059 908 4125 est,
942 4059 1016 4115 ut
1055 4046 1338 4133 quidam
1377 4048 1491 4126 ait,
1525 4046 1782 4114 crimen
1829 4066 1963 4114 non
2019 4043 2305 4134 prodere
2339 4042 2564 4111 vultu!

16 4207 21 4236 i

14 4371 19 4400 i

14 4431 17 4450 a
88 4413 120 4455 in

14 4165 19 4198 ι
80 4118 265 4208 Coepit
294 4140 512 4201 autem
564 4155 723 4203 eum
776 4134 1030 4222 alioqui
1083 4135 1485 4225 EpiscopuS,
1541 4147 1606 4204 et
1659 4134 1925 4202 dicere:
1993 4155 2027 4197 «
2061 4132 2392 4211 Sciebam,
2461 4152 2571 4198 co-

84 4223 264 4290 gnate,
299 4221 469 4303 quod
518 4222 790 4290 tandem
831 4244 1143 4292 maneres
1192 4245 1457 4291 mecum
1489 4247 1503 4286 ι
1540 4245 1575 4288 »
1629 4222 1743 4291 sed
1798 4222 1912 4289 ille
1964 4220 2133 4288 nibil
2191 4218 2562 4308 respondit.

124 4368 141 4390 ³¹
157 4368 363 4416 Dexaroi-ii
383 4383 776 4433 mancipabantur
796 4385 906 4433 equi
924 4387 1129 4434 majorca
1150 4383 1198 4422 ct
1219 4383 1523 4430 cataphracti,
1553 4380 1727 4432 quibus
1762 4380 1941 4423 milites
1977 4379 2239 4421 utebantur
2269 4376 2573 4430 potissimum

137 4422 260 4465 benis.
277 4430 441 4475 Gallice
462 4436 493 4474 it
514 4438 741 4476 :licuntur
760 4439 979 4476 deser-sors
999 4438 1073 4476 vel
1096 4437 1329 4476 com-siem.
