2993 4837
478 319 605 383 390
1229 337 1307 382 nr.
1354 337 1411 383 s.
1464 337 1713 382 Annam
1762 336 2066 383 Aventino
2594 317 2749 383 Not.
2792 318 2851 381 lo

389 421 712 489 honorem
739 419 1046 509 ejusdem
1077 432 1350 487 sanctae
1383 433 1446 489 et
1477 419 1874 489 individuae
1895 420 2242 489 Trinitatis
2266 433 2331 489 et
2359 419 2515 488 fidei
2546 419 2859 489 catholicae

387 509 886 588 exaltationem,
941 509 1340 577 auctoritate
1386 511 1875 597 omnipotentis
1927 509 2038 578 Dei
2090 510 2326 589 Patris,
2369 522 2433 578 et
2474 508 2641 581 Filii.
2672 524 2728 577 et
2748 509 2861 597 Spi-

388 598 561 666 ritus
612 597 862 676 Sancti,
906 598 1255 667 beatorum
1308 598 1778 686 Apostolorum
1815 598 1989 667 Petri
2036 610 2100 667 et
2139 597 2354 677 Pauli,
2402 620 2481 666 ac
2532 609 2761 673 nostra,
2802 596 2863 664 de

388 684 876 755 venerabilium
928 686 1212 755 fratrum
1267 700 1653 756 nostrorum
1711 691 1774 755 S.
1830 691 1905 755 R.
1964 691 2031 755 E.
2079 686 2569 764 Cardinalium,
2622 687 2862 754 Patriar·

387 774 701 853 charum,
729 776 1409 864 Archiepiscoporum
1439 787 1505 844 et
1543 776 2032 864 Episcoporum
2060 775 2128 843 in
2166 781 2465 844 Romana
2497 776 2683 844 Curia
2716 795 2863 863 prae·

381 864 677 932 sentium
729 864 1018 933 consilio
1065 886 1144 933 ac
1192 865 1509 933 unanimi
1556 884 1921 941 consensu,
1981 864 2131 952 piae
2185 866 2551 934 memoriae
2585 863 2865 932 Andream

378 952 782 1035 Avellinum,
835 953 919 1022 de
966 954 1172 1040 cujus
1222 954 1394 1021 vitae
1445 954 1825 1034 sanctitate,
1880 951 2033 1021 fidei
2090 954 2478 1021 sinceritate
2516 966 2579 1020 et
2628 954 2871 1020 miracu-

380 1040 601 1110 lorum
644 1041 1038 1111 excellentia
1081 1041 1279 1131 plene
1335 1042 1691 1110 constabat
1741 1054 1805 1110 et
1852 1054 2139 1122 constat,
2197 1045 2519 1110 Sanctum
2569 1062 2710 1109 esse
2752 1038 2872 1106 defi·

386 1129 708 1210 nivimuS,
763 1153 840 1199 ac
890 1144 1281 1199 sanctorum
1321 1130 1795 1199 Confessorum
1847 1130 2156 1221 catalogo
2209 1129 2735 1199 adscribendum
2785 1129 2872 1196 de·

382 1219 768 1296 crevimus,
829 1231 1026 1308 prout
1083 1219 1541 1307 praesentium
1612 1232 1840 1288 tenore
1888 1218 2305 1299 definimus,
2358 1219 2784 1287 decernimus
2830 1230 2876 1285 et

382 1305 865 1386 describimu5‚
941 1307 1275 1394 illumque
1352 1308 1710 1376 universos
1774 1307 2302 1387 christifideles,
2364 1321 2709 1394 tamquam
2760 1326 2877 1373 vere

382 1399 703 1464 Sanctum
744 1395 1076 1464 honorare
1109 1408 1173 1464 et
1208 1396 1512 1464 venerari
1565 1396 2044 1465 mandavimus
2091 1409 2157 1465 et
2206 1396 2645 1465 mandamus.
2698 1400 2776 1463 Ac
2815 1393 2876 1461 ab

378 1484 748 1553 universali
787 1485 1082 1554 Ecclesia
1133 1485 1201 1552 in
1252 1485 1401 1573 ejus
1451 1485 1776 1553 honorem
1829 1483 2151 1554 ecclesias
2197 1498 2264 1554 et
2310 1483 2593 1564 altaria,
2650 1486 2714 1551 in
2760 1483 2877 1571 qui·

384 1573 514 1642 bus
550 1574 885 1642 sacrificia
938 1579 1065 1643 Deo
1112 1573 1507 1653 offerantur,
1547 1572 1892 1642 aedificari
1939 1587 2004 1642 et
2042 1574 2452 1653 consecrari,
2506 1585 2572 1640 et
2621 1571 2876 1661 singulis

381 1661 587 1730 annis
633 1662 743 1730 die
793 1684 830 1730 x
886 1662 1293 1741 novembris,
1346 1683 1481 1748 qua
1549 1662 1636 1730 ad
1686 1660 2043 1731 coelestem
2107 1662 2395 1754 gloriam
2448 1674 2728 1730 vocatus
2781 1671 2875 1735 est,

381 1751 468 1819 ab
509 1750 878 1819 universali
931 1751 1227 1819 Ecclesia
1271 1750 1668 1819 memoriam
1707 1750 1927 1839 ipsius
1961 1751 2137 1819 inter
2176 1764 2448 1820 sanctos
2489 1749 2887 1818 Confessoras
2964 1784 2967 1785 ⁷

384 1860 516 1906 non
571 1839 928 1909 Pontifices
976 1839 1086 1928 pia
1121 1839 1475 1907 devotione
1531 1839 1730 1908 recoli
1774 1840 2165 1921 statuimus,
2219 1861 2298 1908 ac
2354 1840 2682 1908 omnibus
2727 1838 2881 1906 Chri·

382 1926 795 1996 stilidelibus
846 1950 996 1995 vere
1046 1928 1553 2017 poenitentibus
1582 1939 1645 1995 et
1693 1927 2046 2007 confessis,
2087 1951 2164 1996 ac
2207 1926 2503 2017 singulis
2552 1928 2755 1996 annis
2794 1947 2879 1994 ea·

382 2015 533 2084 dem
588 2015 697 2084 die
736 2040 776 2085 x
819 2017 1204 2086 novembris
1253 2016 1332 2084 ad
1395 2015 1820 2104 sepulcrum,
1880 2017 1947 2084 in
1999 2038 2134 2102 quo
2178 2039 2431 2106 corpus
2468 2019 2623 2102 eJus
2660 2016 2881 2102 requie-
2966 2034 2967 2039 ’

380 2105 530 2185 scit,
578 2105 993 2174 visitandum
1029 2104 1535 2184 accedentibuS,
1592 2126 1809 2173 unum
1862 2126 2121 2179 annum
2183 2119 2248 2174 et
2296 2126 2507 2173 unam
2550 2104 2893 2194 quadrages
2966 2130 2967 2157 1

385 2215 593 2273 nam;
647 2195 733 2262 iis
782 2217 980 2271 ver0,
1042 2194 1159 2280 qui
1242 2195 1392 2281 ejus
1453 2193 1600 2261 sesti
1652 2206 1884 2262 octava
1940 2193 2026 2261 ad
2089 2193 2487 2283 sepulcrum
2536 2193 2877 2281 praefatum

379 2281 723 2364 accedent,
768 2282 1224 2371 quadraginta
1265 2282 1411 2351 dies
1441 2281 1527 2349 de
1562 2282 1890 2370 injunctis
1925 2283 2355 2371 poenitentiis
2390 2282 2880 2351 misericorditer

382 2372 449 2440 in
513 2372 794 2440 Domino
842 2371 1077 2441 eadem
1130 2372 1528 2441 auctoritate
1587 2370 1996 2440 relaxamus
2076 2376 2419 2442 Postremo
2480 2372 2737 2460 gratias
2786 2375 2883 2439 Deo

380 2483 540 2530 cum
590 2461 1000 2531 exultatione
1060 2461 1273 2528 animi
1332 2460 1545 2529 nostri
1609 2473 1908 2550 agentes,
1960 2461 2141 2547 quod
2196 2466 2518 2531 Sanctum
2574 2482 2775 2530 suum
2831 2459 2881 2526 in

380 2561 751 2638 conspectu
783 2551 1093 2618 omnium
1138 2549 1441 2639 gentium
1498 2549 2068 2629 honorificaverit,
2100 2573 2178 2618 ac
2217 2564 2347 2619 tam
2383 2550 2514 2616 insi
2577 2550 2646 2616 ni
2696 2548 2885 2640 splen·
2964 2593 2965 2602 η

379 2637 542 2705 dore
577 2637 941 2706 Ecclesiam
996 2660 1189 2706 suam
1244 2637 1682 2718 decoraverit,
1749 2638 2075 2707 omnibus
2141 2638 2519 2707 christifide
2555 2638 2750 2717 ibus,
2795 2633 2881 2723 qui
2964 2655 2965 2692 l

384 2726 580 2793 nobis
608 2726 689 2793 ad
734 2726 942 2794 altare
993 2727 1328 2815 Principis
1364 2725 1829 2815 Apostolorum
1872 2727 1938 2793 in
1980 2727 2275 2816 praefata
2319 2727 2600 2796 basilica
2650 2727 2879 2797 Missam
2964 2747 2965 2778 l

385 2813 779 2884 solemniter
824 2814 1328 2884 celebrantibus
1361 2836 1518 2884 cum
1563 2814 1868 2901 ejusdem
1922 2816 2138 2884 sancti
2170 2815 2587 2885 confessoris
2637 2832 2884 2884 comme
2964 2831 2965 2850 ¹

386 2904 762 2972 moratione
809 2903 1300 2982 interfuerunt,
1357 2903 1734 2992 plenariam
1791 2904 2103 2973 omnium
2151 2917 2579 2993 peccatorum
2637 2922 2879 2973 suorum

385 2989 885 3081 indulgentiam
937 2993 1407 3062 concessimus
1455 2992 1488 3026 ¹*
1498 3044 1630 3060 .....

431 3224 456 3250 *
486 3224 530 3264 S.
562 3226 767 3264 Andreas
795 3223 1034 3265 Avelliuns
1064 3222 1214 3273 ptura,
1246 3226 1300 3264 ad
1333 3226 1556 3275 pictatem
1591 3225 1851 3268 fovendam.
1888 3222 2183 3274 conscripsit,
2218 3234 2353 3274 quae,
2388 3226 2612 3273 Neapoli.
2645 3229 2774 3264 annis
2806 3219 2881 3260 1ῗ33

375 3277 422 3315 et
445 3279 508 3319 37.
526 3279 574 3316 in
595 3277 798 3328 quinque
819 3279 1137 3319 voluminibus
1169 3279 1363 3328 digesta.
1392 3277 1621 3327 prodiere,
1660 3279 1713 3318 111
1747 3280 1889 3318 tertio
1918 3279 2155 3318 volumino
2190 3279 2543 3327 explanationes
2573 3277 2879 3326 evangeliorum

375 3330 1212 3426 ἓὲἶῗαίξιίιῖἒίἳᾏιῗωῗίέῦιιέιέἶὲιξῖείωιε
1241 3333 1557 3373 continentur.
1598 3335 1699 3372 Duo
1733 3333 1873 3372 ettam
1908 3342 2099 3372 suarum
2119 3332 2439 3380 epistolarum.
2459 3329 2646 3378 ibidem,
2662 3341 2773 3372 auno
2792 3327 2881 3368 1:8².
