2993 4837
493 317 620 381 740
1114 331 1191 376 nn
1238 330 1295 377 s.
1349 328 1703 377 sumamma
1750 329 1851 376 nr.
1904 325 1980 374 m
2027 327 2217 375 nar.
2603 309 2754 374 NOV.
2789 311 2846 374 29

407 417 832 487 immanitate
880 427 1390 504 superaverant,
1446 414 1699 483 laetum
1751 427 2122 503 tyrannum
2173 411 2478 493 adeunt,
2543 412 2706 481 velut
2741 410 2851 480 dae·

405 506 630 576 monis
677 502 1038 593 cujusdam
1092 503 1297 572 intem
1356 503 1520 572 eriis
1567 502 1885 585 divexati,
1936 502 2057 589 qui
2105 501 2623 572 sceleratissime
2657 502 2716 568 in
2754 501 2853 588 ipso

404 605 898 685 pugnaverant.
953 596 1135 674 Quos
1173 592 1291 678 qui
1348 614 1453 660 em
1506 592 1769 662 lubenti
1818 591 2053 660 animo
2099 603 2459 680 susceptos
2505 589 2588 658 ad
2623 610 2850 659 mensam

403 704 598 753 suam
640 681 1027 750 eduliorum
1079 681 1277 768 copia
1324 692 1642 751 onustam
1694 680 2035 752 adhibuit.
2082 684 2390 767 Cumque
2429 678 2531 747 illi
2575 698 2848 747 aerumno-

405 771 748 842 sissimam
776 776 940 839 Mart
994 769 1087 837 ris
1108 782 1389 838 mortem
1416 768 1764 851 referrent,
1784 769 2073 838 audiens
2102 767 2217 837 ille
2245 788 2658 859 magnopere
2675 765 2848 835 ridebat

402 882 481 928 ac
531 858 785 928 laetitia
832 858 898 926 di
961 858 1369 939 undebatur,
1424 857 1752 940 hominis,
1808 880 1892 927 ne
1937 856 2104 944 quid
2140 879 2250 925 am
2309 856 2450 927 lius
2499 857 2854 936 dicam,cm·

401 948 621 1017 ciatus
669 961 733 1017 et
763 947 1183 1016 calamitates
1233 947 1299 1014 in
1335 946 1492 1016 volu
1552 947 1704 1018 tatis
1755 947 2110 1017 materiam
2162 958 2262 1015 tra
2316 968 2468 1017 enS.
2522 950 2718 1032 Atque
2755 945 2864 1011 bae:
2935 1018 2936 1021 Ἴ

401 1036 681 1125 quidem
730 1036 813 1105 ad
850 1036 1038 1106 hunc
1068 1035 1351 1104 modurn
1401 1056 1473 1106 se
1555 1036 1921 1106 abuerunt.
2935 1032 2936 1047 ¹

1036 1386 1518 1490 HlSTORlA
1590 1389 1666 1489 S.
1736 1389 2294 1490 SATURNlNl

665 1627 938 1694 PRIMI
1006 1628 1434 1695 EPISCOPI
1502 1628 1962 1695 TOLOSANI
2026 1629 2135 1693 ET
2200 1628 2678 1695 MARTYRIS

1167 1858 1361 1906 noem
1408 1860 1482 1906 ET
1530 1858 1840 1907 GRAVITER
1887 1858 2169 1907 SCRIPTA.

402 1966 597 2014 Exul·
645 1966 709 2014 ΙΝ
757 1965 1171 2013 Pnrtvss'rus'rls
1218 1965 1358 2012 USS·
1410 1964 1616 2013 CODlC.
1654 1964 2083 2014 CONSENTIUNT
2129 1965 2502 2022 ANHQUISS.
2543 1938 2873 2012 {Antrum-⁸

876 2161 1130 2217 Passus
1169 2164 1276 2217 est
1317 2174 1450 2219 aec.
1495 2161 1602 2216 111
1641 2188 1721 2205 —
1759 2161 2051 2218 Probab.
2097 2162 2473 2218 Romanus·

486 2362 522 2448 ἓ
568 2365 643 2433 1.
699 2363 1097 2429 Sanctorum
1150 2357 1843 2446 beatissimorumque
1894 2372 2276 2449 martyrum
2326 2359 2677 2450 passiones
2700 2352 2865 2425 debito

400 2449 727 2535 obsequio
779 2469 1205 2529 veneramur,
1260 2469 1435 2534 quos
1486 2447 1724 2537 procul
1775 2470 1814 2518 a
1863 2447 2144 2517 sedibus
2193 2450 2454 2518 nostris
2491 2471 2623 2518 non
2669 2457 2855 2514 tantum

400 2551 811 2607 remotarum
863 2536 1322 2606 immensitate
1372 2548 1733 2616 terrarum,
1790 2538 2236 2606 verumetiam
2290 2538 2705 2608 marinorum
2739 2550 2860 2618 quo·

398 2648 530 2714 que
570 2627 906 2696 {luctuum
957 2625 1472 2715 interpositione
1521 2640 1857 2706 secretOS,
1913 2624 2134 2694 famae
2182 2624 2560 2696 deferentis
2613 2622 2792 2719 officio
2821 2628 2863 2683 et

398 2714 777 2794 audimus,
830 2727 895 2783 et
956 2713 1305 2783 credimus
1371 2712 1551 2782 felici
1618 2714 1944 2802 martyrio
1991 2727 2472 2785 consecratos:
2540 2729 2721 2800 atque
2759 2706 2861 2776 illos

398 2803 568 2883 dieS‚
607 2803 862 2890 quibus
892 2802 960 2870 in
998 2802 1335 2871 Dominici
1372 2801 1673 2871 nominis
1719 2801 2146 2873 confessione
2192 2803 2564 2884 luctanteS,
2612 2805 2861 2882 beatoque

404 2892 598 2961 obitu
636 2891 866 2980 regnis
913 2891 1324 2960 coelestibus
1372 2902 1826 2971 renascentes,
1866 2891 1934 2959 in
1976 2890 2123 2979 ejus
2173 2893 2449 2961 Domini
2492 2891 2760 2966 laudern,
2787 2905 2862 2953 cu·

392 2981 511 3070 jus
562 2978 629 3046 in
682 2979 1135 3050 decertatione
1184 2980 1447 3048 viribus
1495 2979 1934 3069 adjuvantur,
1972 2991 2036 3049 et
2073 2991 2223 3068 post
2264 2980 2618 3051 victoriam
2654 2991 2861 3046 munere

396 3080 834 3149 coronantur,
904 3067 1178 3157 vigiliis,
1234 3067 1551 3158 hymnis,
1606 3090 1683 3136 ac
1724 3069 2176 3138 sacramentis
2222 3070 2431 3138 etiam
2512 3062 2860 3139 solemnibus

396 3157 871 3240 honoramu3‚
928 3171 1004 3225 ut
1048 3178 1286 3226 eorum
1337 3156 1720 3244 patrocinia
1788 3169 1992 3243 atque
2061 3157 2517 3247 suffragia·in
2564 3163 2860 3243 conspectu

398 3245 668 3315 Domini
705 3244 965 3314 orando
989 3257 1052 3314 et
1081 3244 1484 3315 honorando
1530 3266 1940 3315 mereamur.
1997 3244 2379 3335 Specialius
2429 3268 2587 3315 vero
2618 3253 2859 3313 sanctum

396 3335 604 3404 istum
657 3334 835 3403 diem
890 3333 1285 3404 solemniter
1333 3333 1641 3402 venerari
1688 3332 2021 3403 debemus
2059 3389 2075 3416 ,
2130 3346 2193 3403 et
2242 3334 2521 3423 gaudiis
2566 3330 2854 3403 excolere.

400 3424 467 3492 in
508 3444 645 3510 quo
678 3423 780 3492 vir
826 3424 1065 3493 beatus
1115 3422 1552 3503 SaturninuS,
1604 3434 1671 3490 et
1718 3421 2099 3512 Episcopus
2137 3423 2513 3495 Tolosanae
2543 3418 2793 3493 civitatis
2819 3424 2858 3479 et

401 3523 680 3600 martyr,
735 3512 804 3580 in
853 3510 1090 3580 eadem
1139 3511 1407 3580 civitate
1447 3511 1864 3600 geminatam
1929 3532 2252 3582 coronam
2285 3566 2301 3593 ,
2358 3517 2490 3583 Deo
2531 3523 2702 3590 teste,
2755 3522 2857 3595 pm·

397 3600 669 3680 meruit,
722 3612 787 3669 et
824 3599 909 3667 de
942 3599 1301 3670 sacerdotii
1334 3599 1690 3689 dignitate,
1728 3610 1794 3669 et
1825 3598 1911 3669 de
1944 3599 2200 3670 honore
2234 3601 2586 3692 martyrii:
2625 3609 2852 3683 utquem

382 3689 530 3779 jam
573 3688 1029 3758 venerabilem
1079 3689 1212 3757 vita
1245 3687 1516 3770 fecerat,
1553 3689 1759 3758 etiam
1799 3688 2025 3776 passio
2059 3689 2350 3760 interius
2398 3694 2824 3773 consecraret..

485 3779 521 3864 ἓ
572 3782 659 3848 ⁷1.
714 3783 1040 3867 Tempore
1089 3775 1229 3858 illo,
1281 3799 1419 3864 quo
1472 3790 1619 3865 post
1677 3798 2086 3867 corporeum
2155 3779 2425 3847 Domini
2456 3792 2520 3849 et
2565 3776 2851 3859 salvatoris

393 3865 788 3947 adventum,
841 3879 1115 3936 exortus
1159 3866 1223 3933 in
1278 3866 1576 3937 tenebris
1623 3864 1722 3935 sol
1779 3866 1923 3955 ipse
1952 3866 2285 3956 justitiae,
2359 3867 2701 3958 splendore
2737 3855 2850 3928 fidffl

396 3954 793 4025 illuminare
825 3954 1313 4025 occidentalem
1368 3954 1639 4044 plagam
1673 3968 2009 4044 coeperat,
2066 3955 2226 4042 quia
2266 3958 2519 4025 sensim
2569 3968 2627 4024 et
2672 3943 2850 4041 grada-

397 4044 515 4114 tim
553 4045 621 4112 in
684 4065 956 4114 omnem
1002 4058 1251 4112 terram
1309 4065 1523 4113 sonus
1579 4048 1756 4112 Evan
1812 4043 2098 4113 eliorum
2167 4044 2395 4126 exivit,
2442 4044 2699 4134 parique
2743 4051 2848 4132 ρζῡ·

393 4154 594 4204 cessu
633 4131 701 4200 in
766 4133 1162 4224 regionibus
1214 4132 1464 4202 nostris
1527 4136 1769 4222 Aposto
1802 4153 2001 4202 orum
2054 4132 2471 4222 praedicatio
2500 4134 2840 4202 coruscavit:

449 4277 473 4302 ¹·
494 4277 538 4315 S.
562 4273 799 4315 Saturnini
818 4276 899 4323 Ep.
919 4276 966 4315 et
987 4275 1122 4314 Mart.
1146 4275 1258 4315 Acta
1278 4286 1304 4313 a
1323 4276 1364 4316 S.
1390 4274 1615 4323 Gregorio
1635 4276 1807 4315 'rm-on.
1829 4272 2038 4315 citantur
2056 4275 2105 4315 in
2125 4275 2240 4316 Hier.
2264 4276 2346 4316 ub.
2375 4278 2412 4324 1,
2428 4278 2474 4316 et
2493 4273 2607 4315 alibi.
2629 4264 2836 4312 ΔιηοὶΡῦῐῑι

393 4324 612 4367 Sidonius
636 4330 919 4378 Apollinaris
946 4329 1117 4368 cecinit
1139 4329 1350 4378 ejusdem
1378 4330 1659 4376 martyrium
1677 4329 1881 4369 carmine
1902 4329 2139 4377 sapphico.
2155 4330 2412 4370 venantius
2431 4331 2686 4370 Fortunatas
2701 4319 2836 4370 W*

392 4380 450 4417 de
480 4382 581 4428 ejus
612 4391 756 4430 agone
785 4385 926 4430 atque
957 4383 1195 4422 miraculis
1215 4392 1405 4425 carmen
1425 4381 1631 4431 scripsit.
1655 4384 1770 4423 Acta
1786 4382 1914 4428 haec.
1932 4391 2088 4432 porro,
2108 4392 2136 4422 a
2154 4382 2402 4425 Ruina-tio
2422 4382 2536 4424 inter
2552 4380 2760 4427 usi-tyrum
2775 4376 2836 4408 ω·

396 4441 502 4472 cera
522 4437 570 4472 et
592 4435 767 4474 selecta
785 4433 912 4476 edita
928 4438 1054 4476 suut.
