2993 4837
43 327 175 391 itot'.
224 328 299 391 ⁴9
502 346 580 391 nit
629 345 684 391 s,
739 345 1103 402 missuum,
1158 345 1339 392 azeis
1390 344 1762 392 nuscanum
1809 343 1975 391 mma
2229 358 2232 365 ·
2298 328 2424 392 609

43 427 633 517 dolentesdisparari
660 451 731 498 se
760 430 846 498 ab
874 451 974 508 ea,
998 451 1204 516 quam
1237 430 1480 499 intimo
1513 429 1892 520 diligebant
1916 427 2186 497 affectu.
2211 429 2300 498 Ad
2339 450 2512 515 quos

43 516 323 585 Elisabeth
358 539 718 587 conversa:
775 540 811 583 «
844 518 1081 599 Nolite,
1119 518 1234 599 ait,
1274 540 1314 586 o
1348 517 1835 607 christigenae,
1891 538 2100 607 super
2150 538 2258 586 me
2306 518 2510 587 flere:

43 628 116 673 ina
165 606 214 675 is
257 618 471 674 autem
531 628 739 696 super
779 618 1036 676 vosmet
1086 606 1250 676 ssetu
1303 606 1697 675 madescite.
1730 629 1767 673 »
1817 611 1946 677 Nec
1985 604 2173 676 aliud
2237 606 2465 677 locuta
2495 662 2511 689 ,

43 629 207 763 πυρῆς
251 694 731 764 suavissimum
786 695 933 765 sine
984 694 1324 766 labiorum
1378 708 1572 764 motu
1605 695 1838 781 aliquo
1879 695 2178 783 proferre
2211 695 2513 766 auditur.

43 782 634 869 Sciscitantibusque
689 783 806 871 qui
850 783 1136 853 aderant
1170 839 1185 865 ,
1243 783 1410 871 quid
1465 806 1544 852 ea
1585 783 1923 853 cantilena
1988 784 2119 854 sibi
2154 783 2375 865 vellet,
2419 807 2520 854 re-

43 871 304 959 spondit:
356 895 389 938 «
424 872 984 943 Praecinentibus
1035 872 1230 953 mihi,
1274 895 1410 961 qua
1471 873 1661 963 potui
1708 872 2051 952 facultate,
2107 873 2518 943 concinendi

43 960 311 1029 ricarium
366 982 619 1029 munus
666 960 975 1049 adjunxi,
1028 983 1201 1047 quos
1253 962 1505 1030 mirum
1544 961 1600 1030 si
1644 982 1776 1030 non
1828 959 2143 1030 audistis,
2185 984 2221 1027 »
2253 962 2520 1044 Quibus

43 1049 236 1129 verbis,
272 1048 600 1118 creditum
639 1050 789 1130 fuit,
836 1049 1148 1150 Angelos,
1199 1051 1319 1136 qui
1374 1050 1577 1139 paulo
1629 1071 1782 1119 mox
1820 1071 2252 1150 egressuram
2289 1052 2517 1122 carnis
2582 1078 2591 1088 ·

43 1137 327 1226 ergastulo
373 1139 673 1207 animam
717 1138 1275 1228 opperiebantur,
1320 1138 1592 1209 coelesti
1643 1160 2079 1228 personuisse
2126 1138 2512 1222 harmonia,

44 1244 205 1310 eaque
233 1227 598 1307 infirmam,
638 1238 715 1295 ut
746 1227 1159 1311 concineret,
1197 1228 1550 1296 excitasse.

104 1316 309 1399 §25
362 1320 726 1405 Appetente
766 1316 911 1405 jam
970 1317 1187 1386 noctis
1241 1315 1489 1396 medio,
1544 1315 2155 1385 circumsedentem
2220 1316 2512 1385 intuita:

43 1403 257 1484 «Quid,
309 1404 552 1491 inquit,
616 1404 859 1473 facturi
901 1426 1233 1485 esseniuS,
1279 1405 1337 1473 si
1395 1418 1609 1473 semet
1670 1404 1867 1473 nobis
1917 1405 2205 1473 humani
2247 1406 2518 1495 generis

43 1488 311 1561 inimicus
361 1497 951 1583 repraesentaret?
1000 1516 1034 1560 »
1099 1498 1228 1562 Nec
1286 1514 1523 1562 mora:
1577 1491 2033 1563 fidentissima
2090 1514 2253 1563 voce
2315 1493 2519 1565 veluti

43 1577 322 1667 abigendo
372 1593 814 1672 conspectum
868 1581 1181 1650 horribili
1242 1581 1614 1650 simulacro
1663 1580 2014 1651 diabolum
2054 1637 2069 1663 ,
2133 1582 2515 1653 exclamat:

43 1670 260 1759 tFuge,
301 1671 531 1752 miser,
585 1670 771 1760 suge,
826 1670 1084 1740 infelix.
1122 1693 1158 1736 »
1194 1669 1606 1739 Imminente
1640 1682 1902 1739 morte:
1956 1675 2197 1741 «Haec
2230 1683 2354 1754 est,
2400 1673 2516 1755 ait,

43 1754 166 1824 liora
209 1759 485 1860 virginei
536 1772 601 1828 et
649 1759 1075 1829 immaculati
1126 1772 1402 1848 partuS,
1457 1757 1839 1828 admonens
1890 1780 2013 1828 nos
2067 1763 2519 1831 commentari

43 1841 234 1915 debere
251 1847 511 1935 aliquid
539 1847 623 1916 de
647 1854 812 1917 Jesu
846 1847 1077 1938 puello
1104 1847 1625 1927 candidissimo,
1651 1848 2236 1934 quemadmodum
2267 1848 2516 1932 hieme,

43 1946 220 2014 noctu,
254 1949 453 2024 atque
488 1935 732 2007 alienis
767 1938 833 2005 in
868 1936 1154 2004 aedibus
1196 1936 1282 2005 sit
1323 1947 1548 2016 natu&
1606 1935 1855 2026 pannis
1891 1935 2261 2017 involutuS,
2317 1936 2524 2008 collo-

43 2034 191 2091 catus
222 2024 280 2091 in
316 2025 695 2115 praesepiO,
732 2048 768 2093 a
812 2025 1199 2115 pastoribus
1234 2025 1578 2105 inventuS,
1623 2024 1816 2094 stella
1852 2022 2185 2114 prodituS,
2224 2024 2522 2114 denique

43 2128 69 2174 a
100 2110 418 2184 Chaldaeis
458 2113 808 2183 adoratus.
866 2117 1045 2182 Haec
1083 2114 1265 2181 enim
1310 2124 1473 2183 sunt
1526 2125 1794 2183 nostrae
1842 2112 2083 2183 salutis
2134 2115 2521 2184 veneranda

44 2203 332 2283 mysteria,
373 2201 916 2291 locupletissima
945 2201 1296 2281 beneficia,
1340 2216 1741 2272 ornamenta
1781 2201 2264 2292 pulcherrima.
2303 2207 2379 2272 In
2415 2204 2523 2272 his

51 2294 153 2353 tota
190 2292 313 2379 spei
351 2303 625 2361 nostrae
666 2292 834 2359 ratio
889 2290 1087 2379 viget,
1140 2290 1310 2360 fides
1349 2290 1637 2380 proficit,
1676 2291 1975 2360 charitas
2023 2291 2237 2360 ardet.
2281 2296 2365 2360 De
2416 2292 2523 2361 his

47 2370 220 2477 (rogo)
260 2380 719 2471 disputemuS,
781 2402 857 2450 ac
911 2375 1202 2449 dulciter
1239 2378 1698 2470 conferamus.
1733 2403 1767 2448 »
1810 2385 1994 2451 Inter
2049 2381 2217 2451 haec
2269 2380 2470 2451 vei-ba
2501 2437 2516 2464 ,

49 2462 205 2534 veluti
347 2471 472 2538 iete
521 2469 791 2559 placida
840 2469 1282 2548 obdormiret,
1337 2469 1773 2539 sanctissima
1829 2471 1944 2539 Dei
1996 2469 2256 2539 famula
2303 2470 2526 2559 capite

43 2553 279 2636 paululu
404 2559 727 2639 labante,
780 2558 1091 2628 decessit.
1153 2558 1486 2648 Dissipato
1545 2559 1612 2626 in
1673 2559 1922 2648 vulgus
1971 2559 2164 2627 obitu
2198 2614 2212 2639 ,
2270 2559 2523 2628 mirum

43 2652 132 2719 est,
177 2661 418 2731 quanta
458 2647 544 2716 ad
600 2647 919 2733 exequias
956 2647 1108 2735 ejus
1161 2647 1657 2717 monachorum
1691 2700 1706 2728 ,
1759 2647 2190 2727 clericorum,
2245 2669 2322 2716 ac
2362 2670 2526 2738 pau·

43 2748 234 2880 perum
270 2735 640 2805 multitudo
669 2735 1095 2806 confluxerit.
1133 2740 1179 2803 E
1213 2737 1469 2822 quibus
1511 2735 1750 2824 inopes
1788 2736 1957 2805 adeo
1998 2735 2278 2825 lugubri
2327 2757 2528 2823 squa-

58 2837 147 2885 ονε),
176 2822 606 2911 clamosoque
630 2824 885 2911 ejulatu
922 2826 1385 2913 praesentium
1421 2823 1658 2894 oculos
1695 2834 1760 2893 et
1802 2846 2003 2895 aures
2033 2824 2522 2915 impleverunt,

43 2912 419 2984 utomnibus
460 2913 601 2982 fere
643 2912 983 3002 lacrymas
1016 2912 1486 2982 excusserint:
1542 2911 1763 2981 testati
1815 2927 2101 2982 matrem
2139 2936 2209 2983 se
2251 2913 2531 3002 pientis-

43 2994 265 3081 simam,
303 3003 733 3087 unicumque
792 3025 870 3070 ac
920 3000 1274 3090 singulare
1333 3000 1754 3091 paupertatis
1804 3022 1967 3070 suae
2015 3001 2082 3069 in
2130 3003 2325 3071 terris
2377 3016 2529 3103 per÷

43 3077 260 3172 sugium
311 3090 673 3170 amisisse;
729 3089 1067 3178 nihiljam
1113 3090 1245 3159 sibi
1283 3088 1634 3158 residuum
1674 3090 1820 3177 spei
1853 3111 2023 3171 esse,
2068 3090 2529 3160 nescientibus

43 3170 99 3238 ad
143 3195 331 3260 quem
388 3190 572 3258 eant,
624 3177 943 3247 solatium
1001 3178 1320 3268 egestatis
1378 3179 1747 3248 inventuri.
1800 3182 2005 3248 Porro
2061 3177 2145 3246 ad
2201 3193 2524 3266 quartum

43 3278 217 3346 usque
262 3266 438 3335 diem
494 3266 941 3336 sacratissimi
987 3267 1381 3356 corpusculi
1447 3279 1806 3357 prorogata
1867 3267 2177 3337 humatio
2238 3281 2384 3346 est,
2459 3266 2526 3335 id

43 3350 301 3446 exigente
330 3355 885 3443 frequentissimo
917 3355 1195 3426 devotae
1227 3356 1444 3448 plebis
1474 3377 1840 3427 concursu.
1878 3360 2007 3425 Nec
2037 3369 2232 3424 erant
2263 3355 2531 3425 horrori

43 3443 374 3514 visentibus
409 3455 641 3533 caput,
679 3466 820 3524 ora,
871 3466 1139 3526 manus,
1179 3446 1461 3514 omnino
1487 3457 1774 3514 retecta:
1816 3466 1973 3513 cum
2013 3444 2082 3513 in
2115 3444 2219 3526 iis,
2267 3457 2532 3533 praeter

43 3525 349 3625 pallorem,
388 3533 562 3601 nihil
615 3555 898 3623 prorsus
934 3555 1151 3620 neque
1189 3534 1396 3612 triste,
1439 3554 1658 3620 neque
1706 3532 2099 3621 squalidum
2139 3535 2519 3623 appareret.

43 3615 288 3687 Pristina
319 3621 548 3691 carnis
598 3621 1003 3703 teneritudo,
1056 3635 1120 3690 et
1158 3622 1240 3691 ad
1281 3622 1712 3693 lenissimum
1755 3643 2100 3709 quemque
2137 3635 2529 3691 contactum

43 3698 200 3776 lacile
226 3709 472 3779 cedens
503 3711 995 3798 perseverabat.
1049 3711 1288 3779 Videre
1339 3723 1480 3780 tum
1520 3722 1684 3792 erat,
1738 3723 1814 3780 ut
1861 3710 2167 3779 certatim
2211 3710 2532 3780 advolan-

43 3799 133 3870 ῑθδ,
185 3817 301 3883 pro
347 3819 419 3866 se
448 3798 741 3887 quisque
786 3798 1225 3886 reliquiarum
1264 3799 1551 3885 aliquid,
1591 3799 1691 3868 vel
1730 3799 1815 3868 de
1843 3799 2327 3889 capillamento
2364 3798 2532 3869 nudi

43 3882 296 3978 verticis,
330 3887 432 3956 vel
476 3886 560 3956 de
606 3887 948 3977 unguium
988 3887 1606 3978 praesegminibuS,
1645 3886 1747 3955 vel
1783 3887 1867 3957 de
1903 3887 2367 3958 mamillarum
2414 3911 2536 3978 pa-

43 3967 214 4065 pillis,
264 3975 365 4043 vel
396 3976 483 4044 de
529 3977 998 4046 auricularum
1054 3975 1594 4055 summitatibus,
1646 3976 1744 4045 vel
1794 3975 1877 4045 de
1911 3975 2186 4046 laciniis
2230 3976 2535 4064 abjectae

43 4054 294 4155 vilisque
343 4065 614 4134 tunicae
661 4065 1045 4155 decerpere,
1083 4078 1145 4133 et
1175 4063 1385 4153 (quod
1424 4063 1759 4135 audacius
1806 4065 1980 4155 erat)
2022 4086 2413 4155 praesecare
2444 4064 2538 4136 fe-

43 4155 382 4232 stinarent3
436 4154 852 4244 adeptasque
905 4152 1374 4244 portiunculas
1418 4151 1695 4220 maximi
1736 4165 2072 4243 putarent,
2122 4155 2539 4244 saepiusque

43 4227 431 4309 deosculatas
492 4255 868 4311 reverenter
934 4252 1384 4310 asservarent.
1451 4244 1799 4310 Praeterea
1869 4243 2308 4332 gratissimus
2370 4243 2539 4312 odor

43 4337 211 4393 nares
253 4328 560 4400 omnium
626 4330 1024 4410 imbuebat,
1083 4329 1391 4417 nihilque
1438 4329 1720 4398 omnino
1770 4330 1870 4398 vel
1938 4330 2208 4401 minimi
2259 4331 2536 4402 foetoris

174 4444 400 4505 surius
427 4476 455 4494 -
493 4446 659 4510 Vitae
685 4445 793 4510 SS.
820 4478 843 4494 ·
870 4445 1009 4510 Vol.
1042 4444 1143 4508 xl.
2307 4447 2384 4512 39

2713 4483 2772 4529 f
