2993 4837
449 251 576 314 326
934 268 1011 312 mr.
1059 268 1112 313 s.
1167 267 1566 313 ausemano
1616 267 1908 313 Ancfflssr.
1964 264 2336 314 nonomen-51
2621 250 2769 314 NOV.
2810 252 2838 314 Ἰ
2953 210 2956 321 l

360 351 807 441 parricidium
861 351 1344 419 inflammaret.
1406 350 1816 430 Fridericus,
1853 351 2061 421 dictio
2111 353 2477 420 Teutonica
2524 366 2636 427 est,
2682 366 2735 420 et
2773 354 2843 421 si·

359 439 639 529 gnificat
691 441 880 530 pacis
929 441 1224 508 divitem.
1289 445 1363 509 At
1413 441 1664 509 misero
1713 441 1825 509 isti
1875 462 2009 508 non
2065 441 2194 509 nisi
2248 462 2369 529 per
2416 442 2842 530 antiphrasim.

358 528 425 597 id
463 541 584 606 est,
640 551 675 596 a
727 529 1066 597 contrario
1115 529 1556 618 congruebat.
1611 534 1775 598 Nam
1831 530 2019 618 pacis
2068 530 2268 617 inops
2318 543 2484 610 erat,
2542 530 2711 618 pacis
2752 530 2848 598 ini-

362 617 576 685 micos
619 617 750 685 sibi
802 617 1095 685 socians.
1153 623 1296 686 Mox
1347 616 1631 698 cultelli,
1688 616 1984 699 lanceae,
2038 640 2237 687 enses
2291 631 2780 708 praeparantur,
2822 640 2848 684 a

361 705 610 773 misero
663 706 890 773 miseri
957 704 1148 774 falsis
1213 707 1568 794 promissis
1633 708 2055 775 animantur.
2124 712 2329 796 «Ego
2378 729 2581 783 sum,
2636 707 2849 792 inquit.

360 798 619 875 Comes,
655 806 877 862 castra
919 793 1113 862 fortia
1158 794 1420 864 habens
1456 808 1518 863 et
1561 808 1834 864 terram.
1881 801 2023 864 Duo
2053 817 2132 864 ex
2181 795 2512 864 fratribus
2545 798 2705 864 meis
2734 797 2856 883 Epi·

360 882 550 970 scopi
585 894 770 951 sunt.
809 887 947 950 Dux
984 883 1391 963 WalramuS,
1428 897 1494 952 et
1530 896 1745 952 terrae
1786 898 2056 953 nostrae
2101 885 2641 974 potentissimus,
2676 883 2860 952 affinis

358 993 555 1039 meus
586 984 708 1051 est,
762 971 966 1057 cujus
1014 971 1202 1040 filius
1237 972 1640 1040 Comitatum
1695 978 2110 1042 Montensem
2167 973 2534 1041 habiturus
2581 985 2695 1041 est.
2727 977 2860 1041 Con-

359 1059 681 1128 sobrinus
740 1082 894 1129 sum
947 1059 1347 1129 Theoderici
1413 1062 1691 1129 Comitis
1739 1060 2099 1139 Clivensis,
2157 1062 2357 1151 cujus
2414 1061 2748 1131 fratruelis
2786 1076 2862 1128 est

362 1147 613 1216 nobilis
678 1148 777 1215 vir
822 1147 907 1216 de
968 1149 1421 1237 Hennisberg.
1489 1148 1932 1218 Godesridum
1987 1151 2310 1220 Comitem
2382 1150 2466 1218 de
2515 1149 2860 1238 Arnsberg.

357 1236 686 1304 Othonem
758 1237 1080 1305 Comitem
1133 1236 1217 1305 de
1266 1238 1785 1328 Tekelenburg‚
1859 1240 2357 1307 Herimannum
2433 1252 2760 1327 potentem
2804 1237 2867 1305 de

358 1326 620 1413 Lippia,
675 1339 739 1394 et
785 1324 957 1393 alios
1005 1326 1397 1413 complures
1449 1327 1725 1415 injuriis
1774 1326 2021 1406 affecit,
2082 1326 2272 1396 laesit
2321 1340 2385 1395 et
2431 1327 2733 1406 offendit,
2775 1348 2870 1393 nec

355 1415 607 1499 estqui
648 1414 1053 1503 sanguinem
1109 1414 1260 1501 ejus
1311 1415 1630 1483 vindicet.
1686 1419 1938 1485 Omnes
1989 1438 2105 1484 vos
2153 1415 2409 1493 ditabo,
2459 1432 2795 1506 protegam
2827 1430 2874 1482 et

356 1502 771 1571 sublimabo,
819 1525 853 1567 »
906 1502 1122 1571 Simili
1192 1503 1521 1589 quiddam
1575 1503 2002 1573 clandestino
2052 1504 2213 1573 huie
2272 1505 2667 1593 parricidio,
2718 1518 2874 1572 ante·

355 1612 563 1675 quam
606 1590 1028 1659 occideretur
1078 1592 1317 1662 beatus
1366 1593 1770 1682 Episcopus,
1826 1592 2031 1661 frater
2083 1593 2406 1661 Friderici
2455 1593 2875 1682 Engelbertus

356 1679 629 1747 cuidam
671 1680 952 1748 honesto
996 1680 1219 1760 militi,
1266 1681 1444 1749 sicut
1481 1704 1701 1769 nuper
1731 1682 1818 1750 ab
1858 1682 2008 1769 ejus
2056 1704 2170 1750 ore
2219 1682 2477 1761 audivi,
2525 1682 2870 1771 proposuit,

359 1768 447 1835 ita
498 1768 776 1836 dicens:
832 1768 1085 1837 «Tales
1125 1784 1187 1837 et
1225 1769 1389 1839 tales
1438 1784 1600 1839 sunt
1648 1773 1918 1859 cognati
1973 1772 2144 1851 mei,
2198 1770 2362 1840 tales
2411 1785 2477 1839 et
2530 1771 2697 1839 tales
2745 1782 2872 1837 sunt

356 1856 596 1926 affines
649 1857 830 1935 mei,
889 1856 1270 1947 praedictos
1322 1858 1586 1928 nobiles
1636 1860 2048 1937 nominans,
2102 1873 2167 1928 et
2222 1861 2379 1946 quis
2445 1860 2623 1928 mihi
2678 1859 2872 1927 fratri-

356 1945 623 2031 busque
662 1946 828 2013 meis
880 1968 1120 2014 nocere
1162 1952 1441 2036 posset?
1477 1971 1511 2013 »
1559 1947 2034 2036 Respondente
2077 1948 2337 2017 milite:
2394 1971 2429 2013 «
2460 1947 2708 2032 Nullus
2738 1968 2872 2015 sane

358 2035 593 2121 possit,
634 2035 928 2103 maxime
957 2035 1296 2121 quamdiu
1330 2037 1687 2106 vobiscum
1722 2051 1826 2106 est
1859 2036 2187 2105 dominus
2219 2050 2284 2106 et
2322 2051 2662 2125 cognatus
2693 2048 2872 2104 vester

355 2124 967 2212 Archiepiscopus:
1010 2146 1044 2189 »
1095 2123 1211 2192 ille
1266 2125 1672 2212 subjunxit:
1728 2148 1762 2190 «
1799 2130 2142 2193 Ponamus
2194 2148 2326 2193 non
2382 2146 2741 2214 superesse
2783 2128 2871 2192 Ar-

355 2211 896 2301 chiepiscopum,
935 2212 1171 2298 ecquis
1207 2213 1403 2282 nobis
1440 2214 1573 2282 vim
1613 2213 1711 2282 vel
1753 2213 2242 2282 contumeliam
2283 2213 2534 2282 inferre
2572 2216 2869 2303 possem»

357 2299 545 2369 Miles
575 2301 851 2387 quidem
902 2300 1275 2390 respondit,
1329 2302 1508 2371 sicut
1552 2316 1615 2370 et
1674 2303 1865 2391 prius
1909 2303 2373 2391 responderat,
2422 2302 2538 2370 sed
2589 2304 2750 2371 satis
2791 2300 2872 2368 di-

356 2389 637 2478 splicuit
683 2392 743 2458 ei
794 2390 904 2459 hic
956 2411 1229 2470 Serme,
1292 2413 1448 2459 cum
1519 2405 1748 2480 postea
1796 2393 2285 2480 comperisset,
2342 2414 2557 2478 quare
2600 2392 2874 2481 prolatus

354 2492 529 2547 esset
577 2481 664 2547 ab
711 2502 812 2547 eo.
868 2485 1077 2565 Atque
1125 2479 1285 2547 inde
1333 2480 1577 2566 conjici
1637 2493 1874 2569 potest,
1930 2480 2057 2550 hoc
2106 2481 2548 2571 sacrilegium
2593 2503 2723 2550 non
2759 2495 2871 2548 tum

356 2568 686 2654 primum,
740 2590 898 2635 cum
937 2569 1317 2657 Episcopus
1364 2571 1636 2638 occisus
1683 2581 1806 2647 est,
1849 2569 2062 2638 fuisse
2112 2583 2562 2658 conceptum,
2619 2569 2732 2638 sed
2779 2568 2875 2663 diu

359 2667 868 2743 pertractatum.
924 2661 1263 2726 Feruntur
1311 2656 1474 2726 huic
1524 2657 2020 2746 conspirationi
2089 2659 2522 2727 consensisse
2588 2654 2873 2726 nonnulli

358 2757 684 2830 potentes,
740 2766 912 2830 quos
962 2745 1143 2813 sama
1191 2745 1469 2832 quidem
1525 2769 1658 2815 non
1715 2759 1911 2820 tacet,
1970 2746 2082 2817 sed
2139 2759 2415 2836 propter
2468 2759 2741 2836 tempus
2787 2767 2874 2812 no·

360 2832 623 2901 minare
664 2854 797 2901 non
841 2831 1031 2901 licet:
1087 2833 1201 2902 sed
1256 2836 1477 2903 veniet
1530 2835 1853 2903 narrandi
1905 2836 2409 2924 opportunitas,
2465 2835 2734 2904 dicente
2766 2832 2877 2901 Sal-

358 2934 622 2989 vatore:
676 2923 866 2991 Nihil
898 2933 992 2991 est
1030 2934 1356 3013 opertum,
1413 2925 1592 3014 quod
1619 2931 1749 2994 nbn
1781 2927 2117 2993 reveletur
2149 2949 2170 2992 .·
2209 2935 2286 3004 ⁸et
2332 2929 2693 3006 occultum,
2735 2921 2878 3014 quod

354 3032 483 3077 non
529 3012 785 3079 sciatur
828 3011 1094 3100 (Manli.
1140 3011 1232 3100 x).
1653 3015 1661 3024 '

444 3101 478 3184 ς’
526 3105 656 3171 11.
716 3104 867 3168 Post
915 3100 1163 3169 festum
1215 3101 1527 3169 omnium
1601 3107 2004 3170 Sanctorum
2071 3105 2198 3169 Deo
2254 3100 2551 3170 dilectus
2618 3098 2878 3191 pontifex

358 3199 633 3276 propter
682 3188 938 3258 bonum
1010 3189 1195 3276 pacis
1264 3194 1586 3258 Susatum
1659 3191 1860 3258 venit.
1919 3190 2112 3258 Venit
2178 3203 2243 3258 et
2311 3190 2700 3260 Fridericus
2746 3207 2875 3256 cum

354 3276 684 3346 fratribus
719 3277 864 3347 suis
901 3277 1278 3367 Episcopis,
1336 3278 1630 3364 aliisque
1680 3279 1991 3369 cognatis
2022 3279 2169 3347 suis
2217 3291 2420 3365 atque
2466 3277 2873 3349 consiliariis.

360 3367 482 3433 Ubi
536 3388 695 3435 cum
760 3366 983 3435 triduo
1034 3388 1156 3456 pro
1205 3368 1701 3455 compositione
1754 3368 1941 3456 pacis
1994 3366 2378 3436 laboratum
2443 3382 2663 3446 esset,
2718 3363 2874 3434 nulla
2955 3405 2956 3432 l

354 3454 502 3532 via,
550 3477 726 3540 quae
775 3454 1118 3524 Friderico
1182 3456 1522 3544 placeret,
1580 3456 1871 3525 inveniri
1927 3457 2170 3546 potuit.
2226 3454 2676 3525 Induraverat
2720 3453 2872 3522 enim
2955 3455 2956 3464 ’

353 3541 671 3614 diabolus
722 3565 837 3611 cor
875 3544 1026 3632 ejus
1074 3544 1272 3630 quasi
1328 3543 1628 3644 lapidem
1663 3598 1680 3624 ,
1736 3559 1802 3613 et
1850 3545 2215 3613 strinxerat
2266 3544 2329 3612 id
2382 3546 2583 3630 quasi
2637 3542 2873 3612 mallea-

355 3632 519 3698 toris
555 3632 905 3701 incudem.
963 3634 1124 3722 Ejus
1172 3632 1589 3702 consiliariis
1641 3647 1802 3702 tunc
1853 3634 2182 3722 temporis
2229 3634 2670 3722 congruebat,
2720 3625 2867 3716 quod

357 3719 440 3787 de
487 3721 784 3802 diabolO,
839 3720 1045 3808 cujus
1097 3722 1404 3790 membra
1459 3743 1578 3810 per
1610 3722 2190 3811 conspirationem
2228 3721 2447 3791 effecti
2485 3735 2666 3799 sunt,
2704 3716 2868 3808 paulo

357 3810 678 3898 superius
728 3809 809 3878 ad
862 3810 991 3879 ‚lob
1040 3809 1300 3878 dictum
1353 3824 1454 3880 est
1502 3833 1539 3878 a
1591 3812 1919 3878 Domino:
1978 3815 2229 3901 Corpus
2261 3813 2455 3880 illius
2494 3812 2690 3901 quasi
2712 3815 2866 3877 scuta

353 3900 617 3985 fusilia,
673 3910 1090 3989 compactum
1136 3923 1168 3967 s
1219 3901 1437 3968 uamis
1467 3922 1538 3968 se
1575 3901 2050 3988 prementibus.
2109 3905 2251 3970 Una
2297 3902 2423 3968 uni
2451 3898 2860 3990 conjungitur,

354 3998 413 4053 et
462 4009 539 4055 ne
583 3990 1005 4077 spiraculum
1040 3990 1162 4079 qui
1210 4010 1310 4056 em
1350 3989 1599 4057 incedit
1624 4012 1747 4079 per
1779 4012 1915 4057 eas.
1975 3993 2118 4058 Una
2148 3990 2354 4057 alteri
2399 3987 2783 4062 adhaerebit,
2812 3990 2863 4077 ,εἰ

288 4059 641 4144 ’tene-ntes
671 4100 741 4145 se
787 4100 1216 4168 nequaquam
1248 4078 1747 4166 separabuntur
1782 4077 1930 4166 (Job
1964 4077 2120 4167 xm).
2177 4082 2277 4146 lta
2321 4090 2538 4156 erant,
2578 4066 2857 4163 quicquid

353 4184 469 4230 ore
515 4163 859 4245 dicerent,
907 4166 1413 4255 conspiratores
1465 4165 1565 4234 illi
1607 4167 1673 4234 in
1718 4180 2045 4256 concepta
2101 4165 2364 4234 malitia
2418 4167 2770 4258 pertinaces
2809 4169 2856 4254 et

357 4249 684 4330 indurati,
741 4255 830 4320 ita
880 4254 1321 4323 cohaerentes
1370 4268 1433 4322 et
1482 4254 1966 4336 confoederati,
2023 4267 2096 4324 ut
2149 4253 2417 4323 nullum
2464 4254 2643 4344 pacis
2672 4266 2854 4318 const-

357 4336 528 4405 lium
561 4339 762 4407 corde
801 4355 1075 4428 possent
1109 4342 1491 4411 admittere.
