2993 4837
492 310 614 372 4:3¹»
1311 326 1386 370 or:
1436 326 1489 371 s.
1548 325 1824 373 nantino
1877 326 2034 370 rArA
2622 305 2781 370 Nov.
2823 306 2887 371 {2

400 410 690 495 fecitque
742 430 846 476 res
895 408 1106 489 taleS,
1175 408 1294 477 ubi
1340 430 1493 477 eras
1558 423 1653 488 tu,
1707 421 1773 477 et
1824 409 1942 494 qui
2004 420 2166 477 sunt
2229 420 2481 486 tecum,
2536 406 2891 493 quoniam*
2976 494 2977 499 Ἰ

401 520 533 565 non
585 497 888 566 restitisti
921 497 1008 576 ei,
1055 497 1174 565 sed
1223 519 1259 565 e
1306 510 1547 566 contra
1592 497 2043 566 concionatus
2082 509 2185 566 est
2224 496 2441 576 vobis,
2495 508 2562 564 et
2606 517 2768 583 quos
2804 516 2891 563 ov*

399 587 548 665 luit,
587 585 820 675 palatii
850 586 1211 654 exsulavit?
1251 590 1644 672 Rerumque
1675 586 1807 655 sub
1832 585 2186 655 Valentino
2219 607 2381 654 cum
2419 598 2765 674 praecepto
2792 588 2897 655 tm-

400 675 728 763 peratoris
784 674 1070 743 indutus
1116 686 1217 743 est
1270 696 1605 763 purpura,
1643 689 1708 743 et
1755 674 2067 744 consedit
2105 675 2191 753 ei,
2231 695 2368 761 quo
2416 673 2629 744 eratis
2672 674 2897 743 etvosi'

398 786 531 832 non
573 765 778 832 eratis
819 763 979 832 hic?
1012 768 1144 832 Cur
1181 785 1343 853 ergo
1383 777 1543 832 tunc
1581 785 1711 831 non
1756 764 2209 852 prohibuistis
2249 785 2433 843 eum,
2471 763 2913 835 dicenteszlte
2976 808 2977 813 κ

399 853 693 941 attingas
746 875 849 921 res
898 874 1031 921 non
1073 865 1501 941 opportunas
1550 852 1706 920 tibi?
1759 874 1986 921 nonne
2031 873 2272 921 omnes
2324 874 2361 920 e
2407 864 2649 920 contra
2695 872 2897 919 conve·
2976 883 2977 925 i

403 942 598 1011 nistis
629 942 724 1009 ei?
761 941 1104 1028 quomodo
1155 941 1488 1009 habebam
1524 963 1649 1030 ego
1702 940 1820 1010 tali
1873 941 2015 1010 viro
2048 941 2379 1010 adversus
2411 954 2620 1020 stare,
2667 938 2895 1009 habenti
2974 973 2978 987 ·

399 1031 766 1118 praecipue
817 1029 1176 1099 brachium
1247 1030 1611 1098 universae
1676 1029 1959 1098 militiae
2023 1030 2345 1109 Italicae,
2400 1051 2486 1097 an
2542 1030 2768 1118 potius
2804 1048 2900 1118 ego
2975 1062 2978 1110 t

402 1119 595 1187 illum
655 1118 775 1187 feci
839 1118 1278 1187 Exarchum‘?
1329 1123 1807 1186 Verumtamen
1865 1118 2147 1189 obsecro
2195 1141 2315 1187 vos
2372 1140 2492 1206 per
2545 1119 2897 1197 Dominum,

400 1206 887 1293 quodcumque
919 1207 1123 1275 vultis
1158 1220 1223 1275 et
1263 1206 1617 1275 diffinietis
1657 1206 1723 1273 in
1781 1227 1886 1274 me
1935 1208 2106 1288 fieri,
2158 1207 2364 1276 citius
2413 1205 2706 1296 explete.
2754 1205 2904 1277 Novit

401 1297 822 1452 enirn-Deus,
865 1296 1162 1364 maxima
1217 1295 1398 1364 dona
1441 1296 1764 1376 tribuitis,
1819 1317 2259 1383 quacumque
2326 1317 2433 1364 me
2491 1295 2695 1365 clade
2736 1296 2905 1385 jugu-
2975 1330 2977 1372 ι

429 1398 725 1453 avernis.
763 1408 797 1451 »

490 1476 525 1559 ξ
577 1476 707 1543 18.
767 1478 1202 1542 Percontatus
1249 1485 1474 1543 autem
1524 1471 1922 1543 sacellarius
1956 1473 2325 1560 quemdam
2360 1473 2446 1542 de
2482 1471 2881 1542 ministranti

403 1562 534 1631 bus
585 1560 952 1652 Sagolebae
1001 1562 1287 1641 scribae,
1329 1563 1385 1630 si
1437 1576 1596 1631 sunt
1641 1561 1807 1630 foris
1846 1562 1962 1630 alii
2004 1562 2218 1647 aliqui
2267 1563 2384 1649 qui
2445 1560 2859 1631 testificarid

403 1651 627 1729 beant,
669 1650 1042 1739 respondit:
1098 1674 1131 1716 «
1187 1656 1381 1732 Sunt,
1426 1650 1726 1733 domine,
1771 1649 2051 1739 plurimi
2094 1652 2237 1720 alii.
2280 1674 2315 1717 »
2366 1650 2773 1720 Deficientes
2814 1672 2849 1719 a

405 1752 536 1806 tem
606 1740 674 1807 hi
733 1740 852 1826 qui
918 1740 1420 1828 praesidebant,
1474 1753 1710 1808 sancto
1755 1751 1820 1808 et
1869 1739 2239 1808 venerabili
2304 1739 2447 1808 viro
2505 1739 2821 1809 adstante
2856 1737 2905 1807 in

400 1842 773 1917 conspectu
806 1849 1068 1907 eorum,
1113 1841 1178 1897 et
1220 1829 1653 1918 potissimum
1695 1827 1952 1928 Spiritu
1988 1834 2232 1898 Sancto
2264 1850 2421 1898 eum
2454 1829 2899 1907 confirmante.
2976 1912 2977 1915 Ἴ

405 1916 725 1985 dixerunt
782 1917 1094 1986 sufficere
1156 1929 1376 1987 testes.
1429 1922 1587 1985 Erat
1645 1938 1904 2005 quippe
1963 1918 2299 2007 interpres
2357 1939 2599 1985 eorum
2676 1939 2873 2004 quae-

402 2019 637 2074 sancto
688 2006 828 2074 viro
862 2005 1152 2074 dicenda
1201 2019 1417 2087 erant,
1458 2005 1556 2074 vel
1609 2005 2038 2087 dicebantur,
2077 2007 2438 2075 verborum
2491 2007 2840 2075 Innocenti

402 2094 639 2163 consul
691 2095 780 2175 '‘*,
834 2094 1023 2163 filius
1071 2096 1366 2163 Thomae
1413 2095 1531 2180 qui
1567 2108 1711 2163 erat
1744 2095 1830 2163 ab
1865 2094 2106 2175 Africa3
2159 2110 2417 2163 etcum
2462 2095 2907 2185 interpretare*
2975 2166 2977 2175 ,

403 2195 511 2251 tur
542 2206 614 2251 ea
653 2205 829 2269 quae
862 2207 898 2250 a
934 2184 1125 2252 beato
1160 2185 1300 2252 viro
1331 2183 1761 2263 dicebantur,
1804 2205 1936 2252 non
1974 2183 2194 2253 ferens
2227 2182 2659 2265 sacellarius,
2700 2183 2901 2252 videns

407 2271 619 2361 ignita
658 2273 894 2362 jacula
959 2272 1183 2341 Sancti
1257 2272 1553 2360 Spiritus
1601 2294 1640 2340 a
1698 2276 1829 2340 Deo
1898 2271 2284 2342 honorabili
2336 2272 2478 2341 viro
2528 2286 2769 2342 contra
2821 2284 2907 2340 eoo

405 2361 686 2450 prolata,
726 2363 819 2431 ait
858 2361 941 2430 ad
998 2362 1471 2430 Innocentium
1523 2382 1679 2428 cum
1731 2360 1984 2430 surore:
2040 2384 2074 2428 «
2117 2365 2251 2430 Cur
2291 2361 2489 2431 nobis
2539 2362 2905 2452 interpreta-

403 2451 497 2519 ris
547 2473 721 2536 quae
769 2451 989 2520 dicit?
1039 2451 1176 2518 noli
1230 2451 1454 2519 dicere
1504 2472 1680 2536 quae
1713 2450 1902 2518 dicit.
1950 2474 1985 2517 »
2031 2456 2329 2540 surgens
2384 2471 2548 2540 ergo
2610 2452 2907 2521 continuo
2976 2533 2977 2540 ἵ

400 2539 799 2607 sacellarius
838 2561 994 2608 cum
1051 2540 1371 2628 plurimis
1409 2540 1527 2625 qui
1573 2539 2023 2607 consederant
2060 2540 2147 2621 ei,
2201 2541 2559 2628 ingressus
2608 2553 2712 2610 est
2762 2562 2798 2608 n

399 2628 578 2696 ciare
628 2629 1029 2717 Imperatori
1066 2650 1377 2715 quaeque
1425 2628 1572 2716 ipse
1613 2627 1847 2696 voluit.
1894 2628 2290 2696 Eduxerant
2337 2641 2566 2697 autem
2621 2641 2907 2698 sanctum

399 2716 861 2804 Apostolicum
908 2717 1125 2784 virum
1169 2716 1252 2784 de
1283 2716 1450 2784 cella
1481 2715 1756 2802 judicii,
1799 2718 2019 2805 magis
2047 2730 2275 2786 autem
2307 2738 2386 2785 ex
2419 2717 2583 2786 aula
2615 2719 2901 2807 Caiphae.

403 2805 469 2872 in
522 2806 886 2894 gestatorio
937 2805 1132 2874 sedili
1180 2805 1550 2883 sedentem,
1590 2817 1653 2872 et
1702 2818 2087 2875 statuerunt
2133 2827 2288 2875 eum
2340 2806 2407 2872 in
2476 2806 2706 2875 medio
2751 2803 2905 2882 atrii.

401 2894 579 2978 quod
632 2907 775 2961 erat
823 2906 976 2962 ante
1025 2893 1266 2962 cellam
1319 2893 1653 2963 sacellarii
1717 2906 1780 2961 et
1829 2893 2216 2983 Imperialis
2271 2893 2551 2972 stabuli,
2596 2917 2735 2982 quo
2771 2915 2907 2963 con·

399 2996 709 3051 sueverat
740 2984 967 3050 omnis
1006 2983 1302 3070 populus
1332 2983 1718 3060 convenire,
1755 2996 1819 3050 et
1855 2996 2244 3072 exspectare
2284 2982 2629 3052 sacellarii
2672 2987 2903 3072 ingrec-

396 3092 575 3140 sum.
614 3070 1229 3140 Circumdederunt
1260 3093 1416 3139 eum
1451 3071 1876 3140 excubitores
1901 3125 1921 3150 ‚
1976 3086 2255 3158 eratque
2292 3072 2624 3142 omnibus
2673 3083 2907 3160 specta·

397 3158 631 3228 culum
671 3159 1105 3229 formidabile
1157 3160 1397 3228 turbis.
1440 3165 1594 3229 Post
1655 3159 2015 3248 paululum
2072 3182 2235 3250 ergo
2273 3161 2643 3248 jusserunt
2697 3155 2901 3228 inferri

395 3270 554 3317 eum
611 3249 676 3315 in
730 3248 979 3318 solario
1041 3248 1536 3336 dispositioniS,
1590 3262 1664 3318 ut
1718 3261 1892 3316 esset
1942 3249 2060 3328 ibi,
2115 3262 2458 3336 quatenus
2512 3249 2903 3339 prospiceret

396 3343 778 3426 Imperator
818 3360 937 3427 per
981 3337 1323 3405 cancellos
1375 3337 1639 3405 reclinii
1689 3337 1794 3406 sui
1838 3359 1912 3404 ea
1963 3359 2139 3422 quae
2191 3337 2419 3406 sutura
2477 3352 2675 3408 erant
2727 3335 2895 3406 fieri:
2976 3337 2977 3360 ³

393 3441 535 3494 erat
593 3427 822 3513 itaque
872 3426 1241 3495 multitudo
1284 3426 1698 3515 populorum
1762 3449 1980 3513 usque
2026 3427 2111 3494 ad
2172 3426 2725 3517 hyppodromum
2761 3445 2899 3494 con·
2976 3433 2977 3440 ’

395 3514 558 3584 ferta
610 3516 1160 3584 convenientium
1211 3515 1402 3583 illuc.

480 3607 516 3691 ξ
567 3609 714 3676 ss).
756 3611 1150 3674 Statuerunt
1198 3625 1360 3693 ergo
1406 3601 2052 3673 reverendissimum
2103 3605 2327 3672 virum
2366 3604 2436 3671 in
2474 3604 2702 3673 medio
2744 3599 2892 3670 sola·

392 3694 478 3762 rii
505 3693 609 3728 *⁴²*
640 3694 1111 3783 dispositionis
1153 3693 1218 3762 in
1261 3692 1641 3780 praesentia
1681 3693 1881 3760 totius
1920 3706 2198 3762 senatus
2231 3692 2606 3761 subnixum
2664 3693 2809 3761 hinc
2842 3697 2893 3754 et

389 3782 576 3851 inde.
617 3788 813 3852 Facta
861 3796 960 3851 est
1007 3804 1167 3870 ergo
1216 3782 1622 3869 constipatio
1671 3781 1898 3849 subito
1934 3803 2065 3850 non
2106 3782 2418 3860 minima,
2461 3794 2527 3850 et
2574 3781 2791 3849 exiens
2814 3775 2891 3844 al)

389 3876 806 3960 Imperatore
863 3870 1304 3950 sacellariuS,
1370 3871 1623 3959 apertis
1671 3870 1907 3960 januis
1957 3870 2262 3950 triclinii,
2321 3871 2391 3937 in
2442 3868 2759 3938 solarium
2802 3863 2891 3963 di-

388 3961 525 4029 vidi
563 3962 893 4050 populum
951 3960 1184 4050 jussit.
1225 3960 1648 4045 Veniensque
1682 3959 1765 4027 ad
1804 3972 2117 4028 sanctum
2169 3982 2248 4029 ac
2297 3959 2741 4028 venerabilem
2802 3973 2887 4020 vt-

387 4071 539 4118 rum
592 4053 953 4119 Martinum
1007 4048 1503 4138 Apostolicum‚
1568 4048 1738 4117 dixit
1785 4048 1868 4117 ad
1920 4070 2121 4116 eum:
2169 4072 2203 4113 «
2247 4044 2781 4134 videquomodo
2834 4053 2885 4108 te

387 4141 562 4208 Deus
611 4139 893 4208 adduxit
945 4151 1009 4207 et
1059 4138 1338 4207 tradidit
1385 4137 1452 4204 in
1513 4159 1761 4206 manus
1813 4151 2114 4208 nostras:
2177 4150 2249 4206 tu
2296 4137 2622 4206 nitebaris
2676 4143 2881 4202 contra

439 4282 465 4307 *
494 4282 634 4320 Forte
665 4296 690 4331 q
693 4295 815 4322 ooooo
817 4286 882 4322 do.

442 4334 494 4360 ¹⁸²*
523 4336 793 4381 Commoris,
815 4338 890 4376 vel
910 4338 1076 4375 consul
1098 4332 1300 4384 aiicujus
1323 4335 1583 4381 urbis-,non
1600 4344 1713 4374 vcro
1732 4332 1931 4384 imperii.

440 4386 521 4412 '¹'ss
553 4386 838 4427 Vocabulum
869 4392 1115 4438 memmio,
1142 4390 1270 4427 hisce
1300 4386 1606 4436 temporibus,
1637 4390 1862 4436 quosdam
1896 4389 2202 4437 magistratus
2237 4389 2310 4427 vel
2332 4387 2731 4428 administratione!
2744 4379 2873 4426 ifflP‘·

388 4437 530 4479 riales
551 4437 853 4488 significabat.
874 4444 1090 4481 Solen-ium
1110 4443 1407 4492 dispositionis
1427 4441 1616 4482 videtur
1634 4453 1738 4482 ease
1758 4443 1893 4482 locus
1911 4453 1995 4490 pro
2015 4443 2133 4490 ipsis
2148 4439 2419 4484 exercendis
2446 4442 2719 4483 constitutus.
