2993 4837
572 266 697 330 6¹4
1166 282 1244 330 1)ss
1292 283 1347 328 s.
1402 282 1751 328 neawaano
1801 284 1899 327 ει».
1955 282 2344 330 nunesmusi
2669 263 2807 328 Not.
2839 265 2894 327 20

483 367 771 438 facultas
819 366 1202 446 concessit,
1265 364 1690 436 sublevabat.
1751 366 1918 436 Inde
1965 366 2311 445 officinas,
2373 365 2493 437 ubi
2549 365 2757 436 diversi
2791 389 2932 457 usus}

487 457 763 526 metalla
810 456 1108 536 fiebant,
1165 454 1584 525 circumiens
1615 510 1630 535 ,
1684 454 2116 557 singulorum
2181 477 2388 547 opera
2440 455 2726 535 librabat,
2763 453 2932 529 donec}

370 536 377 545 ’
481 548 665 615 circa
713 551 970 615 Nona-m
1018 545 1141 613 rite
1188 544 1512 614 omuibus
1564 557 1879 633 peractiS,
1935 566 2094 614 cum
2144 545 2391 614 timore
2445 567 2522 614 ac
2570 544 2794 613 Domini
2834 542 2932 613 lie-³

489 634 873 704 nedictione
922 633 1003 702 ad
1059 655 1361 701 mensam
1396 687 1413 712 ‚
1474 632 1761 701 fratrum
1833 632 2209 723 populique.
2274 634 2563 724 stipatus
2607 632 2912 719 frequentia,

482 722 837 804 consedit,
898 744 1031 791 non
1085 721 1470 812 pompatice
1517 721 1843 807 quidem.
1896 721 2011 791 sed
2065 722 2386 812 religioso
2440 721 2696 792 silentio
2734 720 2917 790 cunetis

480 812 563 881 ad
598 811 955 881 lectionem
993 810 1296 887 intentis,
1335 831 1512 895 quae
1550 811 1727 879 inter
1750 811 2177 880 coenandum
2216 832 2348 880 non
2392 811 2611 879 brevis
2639 810 2914 899 legebatur.

483 901 789 970 Infirmis
907 898 1136 967 uidem
1212 897 1545 975 fratribus
1611 912 1675 968 et
1736 900 1928 968 senio
1974 897 2301 968 confectis
2352 899 2844 969 benedictionem
2875 897 2921 965 de

484 1011 695 1057 manu
728 1010 852 1057 sua
939 987 1193 1056 ilariter
1226 987 1589 1076 dirigebat,
1626 1010 1783 1058 cum
1825 986 2048 1057 tamen
2099 986 2372 1057 nullum
2411 1010 2694 1078 egenum
2734 989 2790 1054 in
2821 986 2932 1067 urbe

485 1077 587 1147 vel
629 1078 989 1155 suburbiO,
1032 1098 1237 1164 quern
1279 1077 1453 1145 scire
1515 1087 1770 1165 posset,
1803 1076 2203 1165 hujusmodi
2255 1078 2506 1167 pietate
2554 1077 2834 1166 privaret.
2870 1078 2924 1142 lia

482 1167 785 1257 quippe.
840 1167 1029 1254 juxta
1096 1164 1536 1254 Apostolum,
1590 1166 1823 1236 omnia
1869 1165 2196 1236 omnibus
2241 1187 2395 1236 esse
2443 1164 2924 1241 desiderabat‚u1

481 1278 713 1324 omnes
762 1254 1026 1323 Christo
1074 1251 1527 1323 lucrifaceret.

570 1347 606 1430 ξ
654 1349 747 1414 θ.
800 1342 1105 1411 Arduum
1155 1352 1219 1410 et
1266 1341 1548 1410 difficile
1586 1353 1711 1423 est,
1746 1340 2228 1429 quotidianum
2259 1344 2413 1432 ejus
2446 1342 2746 1412 studium
2782 1339 2922 1435 verbis

485 1431 989 1522 perstringere,
1042 1431 1204 1517 quia
1252 1430 1438 1499 omni
1495 1430 1653 1501 nisu
1715 1430 1891 1499 inter
1937 1431 2120 1500 diem
2182 1444 2590 1519 noctemque
2650 1433 2713 1500 in
2761 1429 2920 1499 divina

486 1521 852 1623 perstabat.
892 1519 1355 1591 Nihilominus
1452 1540 1676 1606 uoque
1722 1533 2007 1590 cunctos
2055 1519 2183 1588 sibi
2234 1520 2707 1601 adhaerentes,
2749 1517 2820 1589 ad
2857 1517 2922 1583 hu-

476 1608 788 1697 Jusmodi
838 1608 1189 1699 negotium
1233 1608 1417 1698 impe
1451 1607 1667 1677 lebat:
1726 1628 1848 1676 nec
1909 1608 2170 1696 aliquid
2228 1610 2395 1679 artis
2448 1622 2616 1689 erat,
2650 1607 2814 1696 quod
2853 1625 2922 1672 noe

483 1708 863 1777 attentaret,
916 1696 1185 1766 etiamsi
1218 1696 1301 1764 ad
1340 1718 1644 1786 unguem
1687 1697 2074 1788 pertingere
2123 1719 2254 1766 non
2300 1697 2576 1769 valeret.
2617 1694 2922 1786 scriptoria

485 1806 782 1872 namque
815 1786 943 1854 arti
993 1806 1127 1854 non
1167 1784 1234 1853 in
1291 1785 1704 1856 monasterio
1740 1797 2032 1867 tanturn,
2070 1786 2186 1857 sed
2228 1788 2296 1856 in
2339 1786 2633 1856 diversis
2671 1785 2820 1856 locis
2847 1796 2923 1849 stu·

485 1874 711 1944 debat.
773 1874 958 1943 Unde
1022 1887 1086 1943 et
1132 1875 1480 1962 copiosam
1548 1873 2034 1944 bibliothecam
2112 1888 2247 1944 tam
2313 1875 2753 1955 divinorum,
2798 1890 2920 1959 quaa

487 1963 1119 2053 philosophicorum
1183 1962 1501 2032 codicum
1554 1963 2000 2052 comparavit.
2054 1964 2458 2054 Ingeniosos
2515 1965 2713 2035 etiam
2768 1978 2922 2051 pueros

483 2073 718 2122 secum
755 2051 856 2121 vel
891 2051 976 2121 ad
1012 2050 1313 2120 chortem
1351 2051 1676 2121 ducebat:
1712 2073 1887 2137 quos
1920 2052 2246 2139 quicquid
2292 2052 2575 2143 dignius
2611 2054 2679 2122 in
2707 2050 2826 2120 ulla
2849 2057 2920 2113 arte

485 2141 909 2222 occurrebat,
946 2140 1028 2209 ad
1072 2139 1467 2209 exercitium
1506 2139 1925 2230 impellebat.
1966 2146 2044 2210 Et
2089 2164 2249 2210 cum
2291 2141 2361 2209 in
2400 2142 2646 2212 Christi
2680 2137 2921 2231 gazophy-

485 2229 659 2300 lacio
705 2251 1186 2325 quaecumque
1235 2228 1473 2297 idonea
1540 2229 1756 2310 scivit,
1804 2229 1962 2298 fidei
2013 2229 2368 2300 devotione
2425 2252 2551 2299 con
2608 2241 2916 2305 ereretnffl

485 2319 719 2387 minus
776 2331 999 2387 tamen
1061 2318 1351 2397 Caesari,
1400 2316 1598 2405 juxta
1653 2318 2127 2408 Evangelium,
2163 2341 2287 2389 sua
2347 2340 2548 2408 perso
2583 2319 2785 2388 vebat.
2827 2319 2918 2382 ,iam

486 2408 678 2478 tertio
700 2407 947 2477 Othoni
974 2405 1402 2497 Imperatori,
1425 2406 2068 2477 benevolentissimo
2089 2420 2291 2494 atque
2312 2409 2732 2478 amicissimo
2751 2404 2918 2475 anima.

483 2519 605 2586 pro
643 2497 818 2565 scire
852 2519 929 2565 ac
968 2518 1187 2585 posse,
1226 2495 1754 2583 obsequebatur.
1797 2498 2084 2565 Saxonia
2133 2498 2392 2586 quippe
2434 2519 2682 2588 magna
2714 2518 2782 2567 ex
2809 2502 2919 2582 part³³

482 2586 856 2674 piratarum
910 2595 1470 2671 caeterorumque
1521 2585 1969 2654 barbarorum
2021 2584 2285 2654 feritate
2323 2584 2756 2676 depopulata,
2788 2591 2920 2651 conu-

484 2675 641 2743 nuis
674 2673 1233 2743 latrocinantium
1272 2673 1668 2743 incursibus
1709 2674 1858 2743 sine
1894 2674 2405 2743 intermissione
2456 2674 2742 2764 patebat.
2784 2676 2916 2753 Quam

483 2774 735 2852 pestem
771 2760 1112 2851 depellere.
1143 2784 1394 2848 magno
1425 2783 1552 2831 suo
1587 2784 2013 2849 suorumque
2044 2763 2353 2852 periculo
2389 2763 2704 2842 instabat,
2730 2774 2786 2830 et
2811 2773 2915 2826 nunt

477 2873 637 2919 cum
672 2849 850 2929 aliis,
892 2850 1377 2938 interdumque
1424 2872 1581 2919 cum
1621 2851 1766 2920 suis
1815 2850 1981 2920 solis
2028 2873 2238 2944 super
2275 2873 2392 2920 eos
2428 2853 2716 2929 irruens,
2751 2845 2916 2918 sortiti!

480 2936 637 3006 illos
680 2940 956 3007 attrivit.
998 2944 1281 3007 Demum
1341 2939 1576 3007 divino
1629 2939 1959 3009 instinctu
2014 2940 2599 3009 munitiunculam
2640 2934 2916 3008 admodum

480 3027 817 3096 munitam
870 3028 1205 3097 extruxit:
1262 3028 1329 3095 in
1383 3049 1598 3114 eaque
1647 3027 1866 3118 copiis
1917 3028 2218 3097 militum
2265 3028 2646 3118 dispositis,
2690 3025 2916 3115 barbare

480 3137 632 3185 rum
673 3116 1001 3205 impetum
1049 3116 1320 3205 repulit,
1346 3115 1822 3206 populumque
1857 3117 1968 3184 Dei
2001 3118 2087 3187 ab
2118 3117 2346 3187 hostili
2383 3118 2644 3187 feritate
2675 3116 2915 3208 liberavit

478 3210 617 3273 Hac
666 3218 894 3274 autem
947 3204 1287 3274 industria
1324 3204 1698 3275 sacerdotis
1741 3205 1990 3275 Christi
2037 3205 2398 3276 barbarico
2431 3205 2731 3276 tumultu
2763 3197 2918 3298 inillis

477 3293 647 3364 locis
679 3295 1055 3374 eliminato,
1094 3294 1325 3364 acrius
1372 3294 1440 3362 in
1479 3293 1881 3363 circumsita
1918 3293 2065 3364 loca
2095 3294 2499 3365 debacchati
2535 3308 2711 3365 sunt.
2744 3287 2918 3375 meus

477 3381 1053 3473 vigilantissimus
1106 3383 1440 3452 Dominici
1491 3382 1721 3472 gregis
1772 3395 2024 3472 pastor,
2066 3394 2142 3452 ut
2188 3383 2383 3456 fortis
2431 3384 2497 3474 gi
2554 3406 2629 3452 as
2678 3405 2743 3452 se
2782 3394 2918 3467 oppa&

478 3475 639 3551 suit,
675 3484 739 3541 et
789 3473 854 3540 in
908 3493 1068 3541 rure
1116 3471 1481 3541 Wirinholt
1514 3482 1935 3561 nuncupate,
1972 3471 2091 3540 ubi
2125 3473 2472 3542 tutissima
2506 3473 2526 3539 i
2557 3472 2770 3541 lorum
2799 3475 2918 3560 stati-³

475 3559 718 3640 suerat,
777 3560 1200 3650 praesidium
1255 3559 1804 3630 munitissimum
1859 3560 2180 3641 instituit,
2229 3561 2463 3651 copias
2511 3581 2769 3647 quoque
2810 3548 2918 3652 mih:

481 3661 625 3718 tum
692 3671 850 3718 cum
928 3649 1333 3719 necessariis
1406 3648 1612 3718 rebus
1673 3649 2273 3720 abundantissime
2341 3649 2713 3719 collocavit.
2767 3645 2932 3734 Divinfix

476 3738 705 3825 itaque
754 3737 975 3827 gratia
1024 3737 1695 3827 periculosissimum
1749 3737 1977 3808 locum
2031 3737 2286 3828 populo
2328 3739 2444 3807 Dei
2492 3738 2646 3806 fecit
2678 3721 2916 3818 tranqffll·

474 3825 646 3907 lum,
683 3826 775 3894 ita
809 3838 883 3894 ut
928 3826 1118 3896 omni
1161 3826 1492 3915 spurcitia
1530 3825 1913 3896 diabolicae
1946 3847 2024 3895 ac
2058 3826 2461 3898 barbaricae
2503 3824 2752 3894 fraudis
2773 3820 2913 3909 etimi-

475 3927 659 3994 nata,
719 3913 943 3983 locum
1002 3914 1275 3986 hostilis
1336 3915 1781 3996 incursionis,
1839 3914 2089 3984 faceret
2138 3914 2365 3985 locum
2429 3913 2761 3990 orationis,
2800 3919 2932 3996 etl&

471 4004 846 4073 oratorium
871 4007 1023 4103 ‚Deo
1053 4015 1485 4075 consecraret
1527 4003 1592 4072 in
1646 4004 1974 4073 honorem
2028 4004 2248 4088 sancti
2297 4002 2630 4074 Lamberti
2661 3993 2909 4091 pontificis

471 4114 551 4162 ac
601 4106 947 4181 martyris.
1608 4171 1611 4175 Δ
2876 4162 2884 4170 ,

559 4184 596 4267 ξ
642 4184 718 4251 ⁸2.
777 4186 849 4250 1n
958 4179 1208 4251 raediis
1241 4193 1470 4250 autem
1519 4181 1862 4251 Ecclesiae
1910 4202 2075 4250 suae
2124 4191 2310 4250 tanta
2359 4177 2705 4270 congessit,
2741 4184 2799 4241 ut
2834 4179 2932 4231 tri-2

523 4268 663 4337 inta
713 4269 811 4337 vel
866 4202 1101 4358 plures
1161 4270 1572 4359 praecipuas
1625 4269 1896 4339 chortes
1944 4291 2104 4339 cum
2162 4269 2438 4339 litorum
2485 4290 2560 4336 ac
2603 4264 2900 4347 colonorum

505 4356 807 4435 aminis,
865 4357 1271 4427 clarissimis
1334 4358 1668 4427 aedificiis
1733 4358 2194 4448 praenitentes
2243 4356 2660 4446 compararit.
2701 4366 2821 4418 cum
2859 4356 2897 4402 ΞΠ
