2993 4837
58 316 196 383 Nov.
239 317 273 379 4
828 334 901 379 na
948 334 1000 379 s,
1055 333 1296 381 εΑιιοιο
1346 332 1676 380 Βοιιιιοιιιιο
2311 319 2433 381 ’177

56 417 322 496 moribus,
371 429 433 485 et
480 417 608 486 hac
666 417 1054 485 remissiore
1100 422 1458 487 Pastorum
1510 439 1719 497 cura,
1781 439 2031 507 magna
2083 420 2368 499 meritc,
2422 432 2525 489 at-

36 517 140 570 ·÷-·÷.··
187 504 335 575 adeo
398 507 700 575 maxima
750 504 1289 594 judicabantur:
1359 505 1491 574 sibi
1555 518 1777 575 tamen
1850 527 2092 595 parum
2157 506 2377 576 facere
2426 510 2525 577 vi-

46 573 304 675 batur,
339 595 499 680 quia
549 608 849 684 tangere,
901 604 1326 681 tractareque
1375 594 1802 683 pestilentiae
1835 596 2110 701 ιιοιψιθ
2144 610 2522 684 suspectos,

78 695 146 751 ut
172 684 342 752 etiam
385 683 695 764 infectos„
751 683 880 752 sibi
919 704 1192 770 quoque
1235 705 1357 772 pro
1404 706 1531 753 suo
1583 705 1867 752 munere
1907 704 2041 752 non
2078 686 2523 775 contingeret.

96 772 292 860 pudse
322 772 529 861 igitur
562 773 789 861 primo
829 772 1169 862 cogitavit,
1223 793 1370 843 esse
1419 772 1487 839 in
1542 771 1734 852 urbe,
1789 785 1989 858 atque
2037 772 2104 840 in
2167 785 2298 842 tota
2349 773 2530 845 dioe-

46 880 165 927 ιιι-,.ιι
200 859 535 949 plurimos),
588 861 711 948 qui
745 861 1291 930 confirmationis
1325 873 1755 929 sacramento
1798 860 2047 929 muniti
2083 883 2214 931 non
2259 875 2523 932 essent:

50 991 77 1030 μ
106 976 141 1007 =·:
184 969 250 1016 ex
294 949 416 1017 vita
470 951 611 1039 pati
664 949 810 1019 sine
859 949 974 1018 tali
1024 962 1450 1018 sacramento
1499 948 1864 1036 decedere,
1917 970 2053 1036 quo
2111 950 2351 1022 salutis
2398 953 2530 1020 im-

70 1035 295 1105 inente
336 1039 733 1117 certamine,
787 1037 1016 1106 divina
1068 1037 1382 1116 firmitaS,
1439 1051 1503 1108 et
1554 1037 1763 1107 robur
1815 1039 2067 1107 animis
2115 1039 2524 1119 adderetur,

70 1147 226 1194 :tue
264 1127 418 1195 satis
458 1127 855 1196 animarum
889 1126 1205 1196 charitati
1258 1139 1792 1197 consentaneum
1823 1180 1841 1205 ,
1898 1139 1962 1196 et
1994 1128 2126 1196 sibi
2175 1130 2294 1214 qui
2343 1128 2532 1198 solus

54 1223 110 1272 ἰ
235 1269 249 1294 ,
279 1214 474 1284 etiam
513 1214 1026 1302 quodammodo
1075 1228 1274 1303 turpe
1308 1270 1323 1295 ,
1376 1215 1659 1284 omnino
1716 1215 1847 1284 sibi
1908 1216 2187 1284 minime
2219 1217 2532 1287 commit—

58 1302 274 1372 ..ndum
307 1303 764 1384 existimabat;
805 1303 872 1372 id
907 1326 986 1373 eo
1022 1305 1265 1394 magis,
1301 1304 1482 1390 quod
1516 1304 1603 1374 ab
1639 1302 1997 1373 haereticis
2024 1318 2530 1375 sacramentum

72 1389 191 1459 ud
222 1392 334 1461 hoc
368 1406 497 1462 tem
513 1415 676 1482 pore
763 1393 1008 1462 raviter
1041 1393 1298 1462 sciebat
1331 1393 1755 1481 impugnari.
1794 1398 2028 1479 ltaque
2068 1393 2322 1462 indicta
2353 1394 2534 1464 chri-

28 1524 29 1529 ι
100 1480 242 1550 atis
268 1483 435 1551 sacri
480 1504 604 1570 per
637 1504 723 1551 ur
772 1504 878 1550 em
915 1481 1536 1561 administratione,
1575 1503 1780 1567 quam
1838 1482 2055 1571 potuit
2097 1480 2360 1564 decore,
2417 1504 2536 1572 per

194 1570 562 1661 Episcopali
613 1570 733 1639 illo
769 1592 1050 1639 munere
1079 1569 1203 1639 diu
1238 1570 1402 1639 satis
1436 1568 1715 1640 functus
1763 1583 1884 1650 est,
1934 1569 2090 1639 licet
2121 1573 2303 1640 enim
2337 1583 2536 1659 quot-

84 1655 228 1737 --nis,
263 1670 425 1728 stato
461 1671 770 1748 tempore
804 1680 925 1748 per
956 1659 1151 1728 urbis
1181 1658 1505 1728 ecclesias
1533 1658 1714 1727 idem
1749 1658 2017 1739 faceret,
2060 1660 2275 1729 multa
2303 1674 2533 1730 tamen

88 1743 231 1813 :huc
265 1747 622 1816 hominum
662 1747 879 1816 millia
930 1747 1212 1827 invenit,
1267 1748 1387 1834 qui
1443 1747 1752 1817 nondum
1807 1760 2309 1817 sacramentum
2363 1747 2539 1818 illud

128 1848 415 1923 perant,
449 1849 660 1923 atque
694 1836 841 1924 ipso
872 1836 1091 1918 initio,
1127 1836 1281 1905 licet
1306 1834 1390 1905 de
1416 1836 1654 1905 morbo
1690 1849 2066 1925 suspectos,
2104 1850 2166 1906 et
2191 1860 2230 1905 a
2259 1836 2541 1924 reliquis

28 2006 31 2009 ,
106 1951 132 2002 :2
184 1937 380 1994 atos
429 1925 725 1993 minime
761 1937 1084 2004 vocasset,
1124 1924 1416 1994 dubium
1464 1937 1688 1993 tamen
1726 1946 1861 1993 non
1895 1937 2017 2004 est,
2065 1926 2231 2011 quin
2269 1926 2544 1995 affectos

104 2022 199 2080 :ue
231 2034 424 2099 quam
471 2013 814 2103 plurimos
866 2013 1042 2082 inter
1093 2035 1207 2082 eos
1247 2012 1802 2094 confirmaverit3
1861 2012 2005 2081 fieri
2058 2035 2353 2100 namque
2409 2035 2539 2084 non

30 2150 37 2155 -
328 2116 401 2171 ut
447 2123 694 2171 omnes
741 2101 949 2171 simul
985 2115 1188 2189 atque
1235 2101 1645 2191 contagione
1696 2099 1922 2170 infecti
1973 2117 2188 2182 erant,
2240 2126 2276 2170 a
2338 2103 2543 2170 mini-

118 2187 168 2250 J.-
218 2189 930 2281 deprehenderentur,
983 2204 1049 2258 et
1096 2213 1135 2258 a
1192 2191 1433 2260 ceteris
1482 2201 2011 2277 separarentur3
2075 2211 2305 2258 verum
2364 2191 2546 2279 ipsos

98 2301 273 2347 mue
318 2279 541 2368 palam
583 2278 893 2356 infectos,
936 2293 1382 2368 aegrotosque
1418 2292 1650 2366 postea
1694 2276 1928 2356 libere,
1970 2278 2171 2347 sicuti
2204 2277 2539 2359 dicemus,

100 2366 303 2437 misit.
336 2368 534 2438 Urbis
565 2389 725 2438 cum
762 2368 1233 2437 tantummodo
1270 2368 1598 2438 rationem
1641 2367 1773 2437 sibi
1810 2389 1943 2437 non
1976 2388 2124 2436 esse
2158 2365 2544 2437 habendam

28 2507 35 2512 «
72 2466 345 2534 meret,
391 2458 578 2527 vicos
629 2457 860 2536 etiam,
899 2456 1313 2543 castellaque
1364 2458 1574 2525 totius
1620 2456 1990 2538 dioecesis,
2038 2478 2213 2543 quae
2266 2457 2547 2525 morbus

82 2557 447 2632 presserat,
508 2546 686 2614 mira
736 2544 1077 2614 celeritate
1124 2546 1356 2615 omnia
1404 2545 1594 2625 adiit,
1649 2560 1713 2615 et
1761 2547 1827 2614 in
1879 2546 1964 2615 iis
2013 2546 2319 2635 ejusdem
2364 2546 2548 2613 chri-

34 2699 39 2702 .
101 2632 248 2701 atis
284 2647 799 2704 sacrosanctum
857 2633 1233 2702 remedium
1276 2635 1529 2722 passim
1582 2633 1919 2704 adhibuit.
1961 2640 2193 2705 Postea
2245 2656 2421 2715 vero,
2475 2644 2551 2718 ut
2627 2699 2630 2703 ,

32 2805 39 2810 ¹
94 2740 343 2807 nemque
391 2724 622 2792 locum
677 2744 914 2791 recens
961 2720 1287 2790 infectum
1340 2721 1685 2803 audiebat,
1735 2723 1824 2791 ita
1879 2745 1956 2792 eo
2014 2724 2238 2792 statim
2293 2723 2552 2793 solebat

86 2807 318 2879 .volare
352 2866 366 2890 ,
421 2835 502 2881 ac
551 2812 791 2880 eadem
838 2811 1106 2879 'ratione
1154 2809 1577 2880 calamitosis
1635 2811 2012 2880 consulere.
2087 2812 2334 2881 Eadem
2400 2834 2552 2882 vero

130 2946 134 2952 ·-
204 2901 687 2986 occasioneque
736 2899 819 2968 ad
871 2900 1005 2968 alia
1055 2921 1328 2986 quoque
1377 2902 1698 2969 utebatur
1745 2900 2069 2991 gregibus
2110 2902 2254 2971 suis
2303 2902 2554 2971 saluta-

70 3005 353 3057 ·:.nam
433 2989 777 3078 parochos
840 2987 1147 3074 aliosque
1205 2988 1591 3058 sacerdotes
1661 2988 1742 3057 ad
1805 3002 2235 3079 aegrotorum
2315 3012 2549 3060 curam

94 3072 376 3168 4’osius
454 3077 974 3166 suscipiendam
1049 3076 1432 3158 excitabat,
1507 3077 2143 3164 confirmabatque3
2219 3080 2550 3164 quosdam

106 3166 722 3258 '-3mcompellebat;
777 3177 1087 3255 aegrotos
1118 3166 1305 3254 ipsos
1339 3167 1868 3244 consolabatur;
1916 3167 2382 3256 precationum
2433 3190 2555 3256 pu-

104 3250 340 3323 icarum
410 3256 748 3325 rationem
819 3254 1366 3343 praescribebat;
1434 3276 1707 3323 omnem
1778 3254 2010 3344 populi
2121 3254 2550 3333 uber-nandi,

30 3341 35 3346 ’
95 3341 460 3424 ··todiendi,
513 3343 968 3431 eleemosynis
992 3341 1285 3431 juvandi
1323 3343 1648 3411 rationem
1686 3365 2092 3432 recognosce
2146 3354 2252 3421 at;
2292 3364 2555 3411 coeme-

98 3453 118 3487 τι
145 3448 197 3495 ia
237 3433 694 3511 consecrabat,
746 3453 883 3518 quo
924 3432 1048 3499 rite
1090 3429 1458 3501 multitudo
1489 3430 1896 3500 cadaverum
1938 3430 2326 3500 inferretur.
2363 3435 2559 3498 Prae-

28 3575 31 3580 .
96 3541 112 3571 ι
147 3526 232 3585 tos
278 3519 431 3590 item
470 3576 488 3602 ,
552 3520 1041 3607 ministrosque
1093 3519 1327 3590 civiles
1365 3520 1610 3609 juvare
1659 3519 1996 3600 studebat,
2061 3517 2425 3599 monend0‚
2472 3518 2558 3588 ad

80 3614 120 3663 ·:i
155 3606 248 3676 cia
296 3609 664 3679 commissa
713 3608 1256 3689 inflammando,
1318 3608 1697 3679 mercedem
1766 3606 2271 3699 promittend03
2332 3628 2562 3676 sacros

82 3692 370 3768 inistros
420 3698 743 3788 pluribus
793 3697 960 3766 locis
1007 3698 1094 3766 ab
1143 3719 1376 3766 eorum
1419 3698 1503 3778 vi,
1545 3710 1746 3783 atque
1789 3697 2040 3787 injuria
2082 3694 2407 3776 defendit,
2442 3696 2564 3782 qui

90 3803 372 3878 ⁵‘ci-orum
424 3809 794 3857 munerum
849 3786 1136 3855 liberam
1188 3786 1636 3866 functionem,
1691 3786 2309 3855 ecclesiasticamve
2343 3783 2567 3852 admi-

86 3874 492 3966 {strationem
534 3929 549 3954 ,
604 3875 745 3943 sive
797 3874 860 3942 in
916 3874 1268 3964 sepultura
1317 3896 1685 3963 corporum
1717 3928 1735 3953 ,
1785 3876 1924 3943 sive
1965 3875 2031 3941 in
2088 3872 2568 3942 distributione

68 3972 94 4013 ἰ
127 3979 301 4030 orum
360 3964 1013 4042 emolumentorum,
1067 3963 1482 4049 quandoque
1533 3963 1600 4031 in
1652 3963 2064 4063 oppidorum
2120 3962 2439 4050 ingressu
2508 3972 2574 4032 et

70 4066 333 4144 ·,·ressu,
388 4052 486 4121 vel
538 4053 606 4120 in
662 4052 1128 4142 segregatione
1178 4073 1529 4121 sacrorum
1585 4052 1997 4130 hominum,
2053 4062 2116 4117 et
2172 4051 2604 4141 hujusmodi

127 4135 216 4219 tis,
246 4139 732 4230 ‘impediebanu
791 4140 1081 4230 populos
1113 4140 1195 4208 ad
1246 4140 1692 4209 ecclesiarum
1746 4138 2317 4220 aedificationem,
2362 4140 2447 4208 ad
2483 4140 2575 4210 fe-

90 4245 291 4295 ¹nrum
340 4229 611 4299 dierum
663 4230 1003 4318 integrum
1058 4227 1345 4308 cultum,
1385 4228 1933 4312 chorearumque
1975 4224 2474 4308 refutationem,
2512 4241 2578 4298 et

72 4307 176 4380 lia
212 4315 313 4403 pia
341 4340 546 4418 opera
599 4317 873 4406 publice
923 4316 1245 4398 vovenda,
1304 4315 1643 4406 perduxit.
1700 4321 2004 4400 Cumque
2040 4313 2131 4380 ita
2165 4316 2571 4404 frequenter,

96 4412 503 4477 tnecessitas
551 4406 834 4486 ferebat,
876 4406 1020 4496 ipse
1054 4406 1201 4476 loca
1250 4403 1483 4473 omnia
1517 4405 1706 4475 obire
1750 4424 1881 4470 non
1939 4413 2188 4491 posset,
2228 4428 2387 4475 suos
2417 4425 2578 4475 cum

206 4522 429 4582 surius
458 4557 480 4569 -
523 4522 693 4584 Vitae
725 4520 829 4583 SS.
860 4556 879 4567 -
908 4521 1045 4584 Vol.
1079 4522 1177 4583 xl.
2352 4525 2426 4580 12
