2993 4837
55 316 199 381 NOV.
253 316 333 380 42
924 336 1003 380 nii
1050 336 1106 381 s.
1158 333 1436 381 marino
1485 336 1643 381 ΡΑΡΑ
2323 320 2450 385 423

111 420 245 504 ξεί.
275 417 574 487 Nimium
602 416 764 487 felix
799 417 1080 487 domina
1107 418 1349 487 mundi
1371 442 1578 489 aurea
1618 425 1855 500 Roma,
1889 441 2065 506 quae
2098 422 2274 491 sicut
2299 442 2540 491 omnes

55 505 368 605 praecellis
413 507 623 576 urbes
654 506 985 597 dignitate
1035 508 1484 590 moeniorum,
1548 509 2035 578 numerositate
2088 510 2532 599 sapientium,

25 602 116 685 [tta
163 596 356 663 etiam
413 594 724 684 praedita
786 595 1061 665 haberis
1117 595 1399 686 speciali
1448 597 1780 687 probitate
1830 596 2250 687 praesulum.
2305 598 2544 667 Induit

25 682 285 769 ‘iquidem
321 682 629 753 Pontifex
665 682 1080 765 favorabilis,
1120 684 1501 754 secundum
1547 686 1950 774 Prophetam
1995 685 2279 775 pallium
2315 686 2543 757 laudis

25 776 28 829 j
45 791 145 860 pro
189 772 431 860 spiritu
473 773 824 842 moeroris.
876 772 1245 843 Ordinatus
1270 786 1496 842 autem
1549 772 1929 844 secundum
1979 773 2373 843 electionem
2420 780 2544 844 Do-

47 859 212 935 mini.
261 872 323 929 et
369 860 824 933 confirmatus
871 861 939 930 in
991 861 1151 931 sede
1196 861 1610 950 Apostolica,
1664 861 2043 931 secundum
2107 862 2537 932 Psalmistam

45 948 243 1018 emisit
285 949 832 1018 coruscationem
884 950 1150 1019 Domini
1195 951 1394 1039 juxta
1441 950 1568 1019 lioc
1614 950 1795 1037 quod
1862 950 2156 1038 abyssus
2210 951 2538 1039 abyssum

48 1034 303 1118 invocat,
345 1050 410 1107 et
439 1036 1058 1128 dissipavitomnes
1109 1038 1443 1109 malorum
1495 1040 1902 1108 inventores.
1941 1044 2080 1108 Non
2122 1040 2305 1107 enim
2358 1040 2541 1129 igno·

47 1125 192 1194 ravit
215 1147 365 1194 cum
396 1125 612 1195 Paulo
637 1126 950 1216 Apostolo
992 1128 1325 1197 versutias
1360 1126 1812 1197 multiformes
1849 1128 2113 1214 antiqui
2146 1127 2534 1217 praedoniS,

45 1214 146 1297 qui
184 1213 686 1285 dormientibus
735 1215 1133 1285 hominibus
1179 1216 1730 1304 superseminare
1777 1215 1945 1285 solet
1992 1237 2205 1285 manu
2256 1217 2541 1285 inimica

47 1300 104 1368 in
145 1323 371 1391 agrum
419 1303 853 1372 Dominicum
903 1303 1199 1372 zizania:
1252 1304 1429 1372 sicut
1462 1305 1723 1373 nardus
1761 1303 1947 1373 dedit
1994 1303 2269 1373 odorem
2303 1327 2535 1386 suum,

47 1401 100 1457 et
137 1389 342 1459 sactus
397 1403 505 1459 est
551 1390 964 1477 quibusdam
1032 1391 1200 1460 odor
1255 1392 1426 1460 vitae
1472 1392 1541 1460 in
1605 1393 1836 1472 vitam,
1890 1392 2307 1479 quibusdam
2371 1391 2538 1462 odor

49 1479 253 1547 mortis
300 1479 366 1547 in
421 1492 752 1549 mortem:
794 1480 860 1548 in
903 1479 1012 1550 his
1056 1480 1177 1567 qui
1225 1479 1534 1549 salvandi
1568 1494 1783 1559 erant,
1816 1493 1882 1550 et
1929 1482 1997 1549 in
2048 1481 2157 1550 his
2192 1481 2311 1568 qui
2362 1482 2542 1571 peri·

49 1568 178 1634 turi.
227 1568 505 1637 Videres
553 1589 848 1655 namque
897 1589 1146 1637 novum
1197 1568 1594 1637 Silvestrum
1654 1570 1720 1637 in
1758 1570 2077 1639 Martino:
2129 1571 2386 1659 quippe
2422 1570 2543 1656 qui

45 1656 320 1725 omnium
357 1657 692 1726 virtutum
744 1655 934 1725 illius
965 1657 1266 1725 imitator
1297 1656 1511 1726 extitit
1554 1656 1916 1747 gloriosus.
1970 1663 2227 1748 Largus
2287 1658 2545 1748 quippe

49 1744 436 1833 pauperibus
489 1757 655 1824 erat,
717 1755 783 1813 et
818 1766 982 1834 opes
1029 1744 1366 1815 Ecclesiae
1395 1799 1411 1826 ‚
1453 1767 1627 1832 quas
1677 1745 1775 1814 illi
1827 1751 2000 1816 Deus
2048 1746 2337 1837 largitus
2398 1758 2539 1825 est,

47 1850 148 1918 per
181 1853 419 1902 manus
487 1832 833 1923 egentium
892 1833 1197 1920 quotidie
1243 1832 1624 1903 transmisit
1686 1835 1752 1902 in
1811 1835 2103 1904 coelum.
2173 1835 2540 1904 Monachos

47 1918 367 2009 religiosos
401 1921 683 2001 amavit,
730 1921 1031 2010 hospites
1077 1935 1142 1991 et
1187 1922 1583 2022 peregrinos
1635 1921 1804 1992 colle
1859 1923 1946 2004 it,
2002 1934 2067 1991 et
2107 1923 2298 2009 juxta
2353 1944 2543 1992 man-

49 2005 249 2076 datum
299 2010 619 2089 Domini,
673 2009 879 2098 pedes
924 2031 1156 2079 eorum
1208 2009 1647 2099 geniculatim
1700 2031 1816 2079 acc
1848 2011 2006 2080 inus
2064 2010 2247 2079 lavit.
2300 2011 2543 2081 Crebro

61 2094 334 2166 videlicet
383 2098 452 2165 in
506 2097 954 2178 orationibu5‚
1000 2097 1458 2186 laudibusque
1509 2097 1761 2168 divinis
1813 2119 2062 2188 pernox
2112 2100 2535 2200 permansit,

53 2181 201 2252 diem
235 2187 363 2255 sibi
397 2206 814 2255 consecrans
833 2185 1126 2273 jejunio,
1180 2200 1440 2256 noctem
1477 2209 1634 2257 vero
1683 2187 1933 2278 vigiliis
1967 2209 2202 2258 sacris.
2256 2192 2541 2257 Moestos

56 2282 400 2371 etopeccata
451 2295 581 2343 sua
617 2272 952 2363 lugentes,
1006 2274 1266 2345 salubri
1302 2277 1749 2366 temperantia
1799 2275 2063 2345 studuit
2113 2297 2231 2366 per
2284 2275 2544 2346 satisfa-

55 2370 307 2432 ctionem
357 2362 445 2433 ad
489 2363 947 2434 innocentiam
992 2363 1399 2434 reformare:
1449 2366 1847 2455 promittens
1880 2364 1977 2434 eis
2005 2386 2085 2435 ex
2117 2364 2542 2435 abundantia

49 2469 352 2538 supernae
405 2452 810 2521 clementiae
858 2473 1047 2541 spem
1097 2454 1583 2524 consolationis
1628 2467 1693 2523 et
1747 2455 2231 2544 reparationis,
2283 2453 2542 2525 faciens

51 2540 460 2630 semetipsum
511 2539 868 2609 infirmum
903 2540 1222 2622 infirmis,
1269 2555 1346 2611 ut
1391 2542 1702 2614 infirmos
1749 2543 2198 2613 lucrifaceret.
2253 2541 2543 2612 Clericos

51 2645 114 2694 ac
153 2629 578 2783 presbyteros
624 2641 700 2697 ut
737 2628 977 2698 fratres
1021 2629 1388 2720 diligebat,
1444 2632 1812 2721 Episcopos
1872 2630 2278 2701 orthodoxos
2340 2644 2543 2717 atque

49 2715 155 2783 Ecc
182 2719 476 2786 esiarum
516 2717 876 2792 Praelatos.
929 2740 1086 2786 cum
1133 2732 1340 2807 caput
1385 2733 1561 2788 esset
1605 2720 1943 2800 omnium,
1984 2720 2114 2788 sibi
2163 2720 2359 2806 quasi
2420 2719 2542 2788 do-

53 2803 242 2898 tninos
287 2805 736 2896 praeferebat.
790 2811 1008 2876 Bonos
1067 2829 1145 2876 ac
1195 2808 1363 2875 bene
1411 2821 1708 2877 moratos
1762 2808 1972 2878 laicos
2024 2808 2538 2891 honorificavit,

50 2893 366 2979 improbos
416 2916 576 2962 vero
607 2915 686 2963 ac
719 2893 1037 2984 dyscolos
1066 2894 1354 2964 discreta
1389 2897 1837 2986 correptione,
1875 2909 1952 2966 ut
1998 2918 2070 2965 se
2098 2897 2537 2987 corrigerent,

53 2976 402 3051 admonuit.
455 2982 792 3053 Ecclesias
843 3004 995 3052 vero
1041 3004 1217 3070 quae
1253 2985 1494 3073 partim
1542 2997 1865 3054 vetustate
1912 2985 2257 3073 temporiS,
2296 2985 2542 3074 partim

53 3067 433 3164 negligentia
484 3070 1079 3159 praedecessorum
1115 3073 1481 3142 offuscatae
1513 3094 1592 3142 ac
1628 3074 1919 3141 rimosae
1951 3072 2381 3154 videbantur,
2413 3095 2545 3142 ma·

51 3173 202 3225 xima
232 3159 496 3229 curavit
522 3159 984 3229 sollicitudine
1015 3162 1407 3230 restaurari.
1439 3160 1655 3230 Hilari
1681 3182 1950 3248 semper
1974 3159 2166 3230 vultu
2189 3175 2546 3248 menteque

53 3246 389 3338 tranquilla
439 3247 759 3330 existens,
801 3246 1259 3338 indefatigatis
1308 3250 1616 3319 humeris
1679 3247 2040 3338 Apostolici
2099 3248 2360 3317 ordinis
2406 3271 2547 3319 cae·

50 3327 305 3404 libatum
349 3335 599 3418 ferens,
630 3348 695 3404 et
725 3348 801 3406 ut
845 3334 1147 3407 familiae
1179 3338 1443 3406 Domini
1477 3359 1893 3408 oeconomus
1929 3335 2540 3419 moderatissimuS,

51 3437 419 3495 mensuram
472 3425 678 3493 tritici
724 3438 905 3494 certo
944 3426 1014 3493 in
1066 3439 1367 3516 tempore
1413 3448 1537 3516 pro
1587 3425 2136 3512 uniuscu'usque
2175 3425 2548 3513 capacitate

49 3502 300 3605 largiter
328 3513 656 3583 omnibus
692 3524 966 3583 noverat
1009 3535 1312 3604 erogare.
1365 3520 1615 3585 Omnes
1663 3536 1837 3601 quos
1915 3512 2337 3583 iscordantes
2375 3514 2550 3583 inve·

50 3607 154 3676 nit,
189 3599 267 3667 ad
304 3601 742 3671 concordiam
777 3623 1087 3671 revocare
1130 3623 1372 3692 magna
1405 3604 1745 3673 celeritate
1779 3603 2064 3672 studuit.
2092 3601 2264 3685 Quid
2304 3601 2550 3691 plura?

49 3687 331 3757 omnium
372 3689 650 3776 quidem
701 3688 939 3759 artifex
989 3689 1341 3773 virtutum,
1395 3692 1568 3762 nulli
1623 3714 1694 3764 se
1742 3714 1986 3781 passus
2016 3703 2117 3761 est
2175 3703 2324 3778 post
2377 3695 2551 3779 Apo—

50 3772 232 3870 stolos
278 3776 664 3848 inferiorem
735 3779 1020 3848 existere
1066 3782 1380 3868 patrum.
1434 3785 1514 3850 Et
1559 3781 1619 3849 si
1679 3779 1996 3850 volumus
2038 3790 2341 3849 cunctas
2402 3780 2552 3869 ejus

51 3874 306 3933 virtutes
369 3865 635 3936 calamo
702 3879 995 3937 retexere
1027 3922 1042 3948 ‚
1097 3878 1172 3937 ut
1220 3889 1453 3938 verum
1532 3868 1913 3948 fateamur,
1981 3867 2128 3938 dies
2183 3878 2552 3954 antequam

54 3949 230 4019 verba
282 3956 596 4025 cessabit.
653 3955 777 4023 Sed
832 3955 957 4025 hoc
1008 3955 1352 4025 tantillum
1403 3955 1488 4025 de
1548 3955 1935 4026 innumeris
1989 3956 2138 4045 ejus
2186 3954 2554 4025 virtutibus

56 4040 467 4123 praelibasse,
503 4046 833 4112 hactenus
868 4043 1187 4114 sufficiat.
1225 4048 1302 4112 In
1337 4044 1783 4131 sequentibus
1816 4065 1973 4113 vero
1994 4065 2169 4131 quae
2202 4053 2265 4110 et
2297 4055 2557 4129 quanta

56 4140 157 4218 pro
201 4130 493 4210 veritate,
547 4153 723 4218 quae
785 4131 1093 4202 Christus
1138 4145 1261 4214 est,
1325 4153 1690 4233 perpessus
1762 4132 1890 4212 sit,
1958 4129 2334 4222 praesentis
2386 4131 2557 4201 vitae

57 4217 481 4298 incommoda,
527 4241 605 4288 ac
648 4220 1138 4309 persecutionis
1173 4221 1599 4291 vastissimae
1626 4219 1955 4309 pericula,
1995 4217 2282 4288 Domino
2322 4232 2555 4288 aucto-

60 4313 224 4370 rante
270 4327 404 4375 non
444 4307 627 4398 piget
670 4329 985 4378 caraxare
1030 4309 1084 4373 ⁸.

102 4423 126 4448 ⁸
148 4426 265 4468 Iden
281 4431 420 4472 ocum
434 4432 657 4481 abiicere.
678 4438 900 4485 tamquam
918 4436 960 4473 in
979 4435 1144 4485 «ἰαχήσω
1164 4435 1331 4474 tabella.
