2993 4837
546 343 667 410 174
1304 364 1381 409 oe
1428 364 1485 409 s.
1537 362 1778 410 emoto
1827 362 2163 410 noanoneo
2718 342 2874 409 NOV.
2913 344 2942 409 l

450 447 687 518 funem
723 445 922 527 collo,
961 460 1035 515 ut
1069 444 1414 515 damnatis
1455 468 1604 516 mos
1643 459 1766 525 est,
1820 443 2412 527 circumdederat3
2462 467 2770 534 magnam
2813 449 2944 514 Cru—

452 534 638 606 cifixi
688 534 1064 625 imaginem
1116 534 1395 615 ferebat,
1449 556 1657 621 quarn
1713 535 1867 603 fixis
1916 534 2140 604 oculis
2190 532 2637 625 progrediens
2677 546 2946 624 perpet»-¹

453 624 877 705 intuebatur,
947 624 1233 693 omnino
1280 623 1491 693 veluti
1537 645 1696 693 reus
1744 623 2168 704 sordidatus,
2223 623 2516 713 supplex
2564 624 2818 691 veniam
2858 644 2949 722 ps·

452 716 599 783 suis
650 712 1033 783 carissimis
1077 711 1243 782 filiis
1291 713 1602 803 petebat;
1645 733 1866 799 neque
1918 712 2162 782 dubito
2214 713 2382 799 quin
2430 713 2577 802 Jam
2630 723 2767 780 tum
2800 710 2953 786 initi

450 825 577 893 pro
608 823 846 871 eorum
885 800 1124 880 salute,
1160 801 1362 870 vitam
1397 824 1594 871 suam
1631 801 1989 881 obtulerit;
2028 801 2148 887 qui
2178 814 2408 889 postea
2463 799 2732 890 publice
2775 800 2949 874 νει·ιῖ

449 904 513 961 et
553 891 750 960 factis
799 889 1171 959 declaravit
1207 911 1329 979 pro
1376 890 1476 958 eis
1526 912 1672 959 sese
1707 888 2102 959 devovisse:
2158 903 2235 959 ut
2275 888 2464 959 illius
2502 888 2665 959 boni
2708 894 2884 958 Pasto
2920 895 2947 940 -‘·

447 979 853 1081 fungeretur
889 977 1136 1060 offici0‚
1189 979 1312 1065 qui
1360 978 1665 1047 animam
1720 1001 1916 1048 suam
1970 978 2087 1047 dat
2135 1000 2258 1067 pro
2305 978 2551 1048 ovibus
2588 977 2754 1059 suis;
2786 977 2951 1046 sim'

447 1069 692 1139 habitu
725 1066 1006 1137 fuerunt
1051 1067 1409 1147 canonici;
1455 1067 1671 1137 immo
1703 1066 2016 1157 plerique
2063 1068 2240 1137 sacri
2281 1067 2433 1150 viri,
2472 1065 2759 1157 plurimi
2793 1066 2945 1134 etia

449 1157 634 1236 laici,
689 1178 848 1226 cum
901 1155 985 1225 de
1032 1178 1134 1237 eo,
1175 1155 1358 1243 quod
1395 1155 1677 1226 Carolus
1717 1156 2025 1226 facturus
2057 1172 2224 1236 erat,
2260 1156 2444 1225 fama
2483 1155 2831 1245 percrebui
2896 1183 2941 1214 ιιι

451 1246 661 1316 nudis
695 1243 989 1336 pedibus
1019 1257 1371 1325 venerunt,
1407 1266 1568 1314 curn
1605 1244 1893 1314 funibus
1922 1246 2080 1314 item
2119 1244 2296 1314 collo
2344 1245 2596 1334 aptatis
2648 1244 2937 1334 parvisqr-

448 1335 775 1404 crucibus
808 1356 983 1420 quas
1031 1356 1242 1403 manu
1275 1334 1617 1404 tenebant.
1667 1339 1741 1402 In
1787 1334 2234 1403 Ambrosiana
2268 1334 2560 1403 Basilica
2602 1333 2953 1406 concionu

450 1424 536 1493 de
588 1435 917 1513 suggestu
974 1422 1261 1502 habuit,
1316 1423 1385 1491 in
1435 1444 1575 1509 qua
1624 1422 1918 1492 themate
1984 1422 2099 1491 illo
2145 1445 2224 1492 ex
2271 1423 2565 1492 teremia
2614 1421 2917 1511 proposito

452 1514 782 1596 Quomodo
827 1512 1008 1581 sedet
1052 1515 1199 1581 sola
1247 1513 1485 1581 civitas
1532 1514 1738 1612 plena
1780 1516 2055 1612 populo,
2109 1534 2189 1580 ex
2266 1524 2493 1591 tanta,
2551 1523 2825 1598 tamque
2900 1539 2925 1569 ·÷

451 1600 733 1692 pentina
782 1599 1255 1689 amplissimae
1290 1600 1587 1670 civitatis
1637 1613 2035 1680 mutatione,
2098 1622 2329 1669 rerum
2381 1600 2843 1669 humanarum
2880 1620 2937 1666 ist

447 1688 930 1768 constantiam,
983 1689 1519 1776 coelestiumque
1568 1689 1829 1758 irarum
1865 1691 1999 1758 vim
2046 1702 2201 1758 ante
2241 1688 2477 1758 oculos
2529 1710 2828 1779 ponere,
2884 1709 2941 1749 uz.

449 1779 836 1870 pulumque
892 1776 978 1846 ad
1041 1790 1261 1848 errata
1347 1777 1741 1864 sceleraque
1789 1800 1915 1848 sua
1977 1776 2339 1857 deflenda,
2419 1791 2484 1848 et
2538 1776 2919 1847 calamitate

448 1867 839 1937 salutariter
876 1865 1253 1949 ferendam,
1294 1878 1437 1935 tum
1475 1888 1631 1936 vero
1663 1868 1838 1936 vitae
1875 1867 2171 1936 rationes
2215 1866 2462 1936 melius
2511 1864 2929 1937 instituend

449 1956 735 2026 incitare
782 1955 1066 2025 curavit.
1122 1962 1329 2025 Antea
1385 1976 1588 2045 saepe
1637 1954 1752 2024 ille
1798 1955 2078 2042 quidem
2130 1955 2214 2024 ad
2270 1954 2612 2045 populum
2660 1955 2848 2025 verba
2896 1955 2935 2036 [3

445 2067 597 2115 cere
630 2045 875 2115 solitus
922 2043 1165 2125 fuerat,
1227 2043 1343 2115 sed
1401 2043 1560 2114 licet
1600 2044 1903 2133 religiosi
1955 2044 2082 2113 viri
2111 2044 2530 2132 quandoque
2573 2044 2929 2114 suasisset}

449 2146 850 2225 suggestum
901 2133 1393 2204 conscenderat
1440 2154 1798 2220 nunquam
1835 2188 1850 2214 ,
1914 2133 2458 2221 concionemque
2516 2132 2850 2203 habuerat
2901 2179 2919 2186 -›

446 2223 659 2292 altare
690 2223 960 2302 sedens;
1007 2234 1074 2291 at
1108 2221 1226 2291 tali
1263 2235 1568 2311 tempore
1601 2222 1759 2291 fecit
1806 2222 2220 2291 calamitatis
2266 2220 2706 2311 periculique
2740 2240 2933 2310 rnnagt.

449 2310 635 2393 tud0,
673 2324 816 2382 tum
854 2311 989 2400 pia,
1022 2332 1199 2398 quae
1229 2312 1485 2380 animis
1516 2311 1830 2380 omnium
1867 2311 2106 2391 inerat,
2144 2310 2433 2390 affectio,
2472 2311 2914 2394 communisq·

445 2400 681 2482 dolor,
738 2400 858 2489 qui
909 2399 1194 2490 propius
1242 2413 1307 2470 et
1352 2398 1611 2470 clarius
1657 2422 1737 2470 ex
1787 2399 2140 2490 superiore
2191 2398 2338 2470 loco
2397 2398 2860 2469 consolatione
2891 2396 2933 2465 l÷'

445 2489 746 2560 niendus
793 2500 982 2570 erat,
1036 2501 1114 2560 ut
1157 2512 1238 2559 eo
1288 2502 1452 2559 tunc
1499 2489 1949 2569 ascenderet,
2018 2513 2098 2559 ac
2146 2488 2489 2577 ejusmodi
2558 2488 2718 2558 loca
2777 2509 2914 2578 pos

444 2591 758 2670 pergeret
804 2599 1076 2667 semper
1121 2578 1542 2648 concionari.
1598 2583 1833 2664 Itaque
1889 2591 2053 2647 tunc
2103 2578 2565 2648 moestissimo
2610 2577 2846 2647 habitu
2893 2602 2933 2634 ιε

444 2690 631 2747 cenS,
679 2667 793 2737 Dei
843 2667 1092 2756 spiritu
1143 2667 1212 2736 in
1264 2667 1510 2756 primis
1543 2666 1896 2746 incitante,
1953 2667 2354 2736 concionem
2397 2666 2568 2736 adeo
2605 2687 2889 2737 commo
2928 2694 2939 2713 ι·

446 2768 518 2825 ut
551 2778 790 2825 omnes
830 2753 967 2824 fere
1015 2755 1085 2823 in
1134 2756 1371 2825 fletum
1423 2754 1818 2836 adduceret,
1873 2767 1938 2825 et
1984 2777 2142 2824 cum
2199 2755 2393 2825 initio
2444 2753 2765 2844 plerique
2808 2774 2937 2841 sep

443 2845 595 2925 rati,
641 2844 727 2913 ab
759 2842 915 2912 aliis
962 2844 1325 2934 tangendis
1373 2857 1712 2924 caverent,
1769 2857 2002 2934 postea
2053 2843 2246 2913 nulla
2298 2843 2590 2933 periculi
2628 2844 2852 2914 habita
2910 2866 2935 2899 ι·

444 2934 648 3012 tione,
688 2932 1046 3003 confertim
1095 2931 1178 3002 ad
1231 2945 1635 3023 suggestum
1678 2934 1964 3023 propius
1999 2932 2347 3013 accedere,
2395 2931 2735 3002 audiendi
2776 2927 2935 3001 stud

442 3023 921 3092 conabantur..
940 3074 1013 3091 ...

528 3113 738 3199 §44
779 3110 868 3179 Ad
909 3110 1212 3180 inclusos
1246 3111 1634 3181 redeamus,
1672 3110 1978 3191 Carolus,
2023 3133 2180 3179 cum
2215 3123 2278 3179 et
2309 3110 2457 3200 ipse
2483 3109 2754 3180 clerum
2794 3129 2926 3203 suu·

439 3200 625 3269 domi
677 3222 747 3271 se
795 3200 1142 3285 continere
1180 3200 1527 3290 jussisset,
1568 3201 1653 3269 iis
1697 3213 1922 3269 tamen
1973 3199 2295 3288 exceptiS,
2349 3220 2523 3286 quos
2572 3199 2666 3268 ob
2709 3200 2817 3289 pia
2861 3216 2908 3264 m

438 3289 717 3359 nisteria
767 3288 1136 3376 divinaque
1182 3287 1432 3371 officia,
1475 3288 1643 3359 foris
1691 3300 1754 3357 et
1802 3289 1872 3357 in
1921 3289 2231 3359 ecclesiis
2283 3287 2538 3356 versari
2589 3286 2916 3377 oportebat

439 3378 849 3448 inclusionis
895 3379 1256 3448 universae
1303 3377 1483 3448 diem
1537 3377 1780 3447 litteris
1827 3376 2030 3447 editis
2081 3377 2474 3467 praevenit:
2528 3377 2793 3463 quibus
2826 3395 2916 3460 qu

344 3473 347 3476 ’
439 3467 940 3558 dragenarium
1000 3467 1198 3536 illum
1259 3488 1627 3537 numerum
1690 3467 1800 3557 pie
1855 3467 2157 3554 sciteque
2205 3466 2287 3535 ad
2341 3487 2610 3535 sacram
2663 3465 2949 3534 rationev·

439 3572 890 3636 convertens,
944 3576 1184 3625 omnes
1236 3556 1551 3636 monuit,
1621 3567 1698 3625 ut
1745 3577 1904 3624 cum
1971 3556 2028 3625 is
2079 3576 2412 3626 numerus
2451 3553 2727 3642 jejunio
2790 3563 2883 3636 atq
2931 3576 2954 3604 ···

439 3645 929 3715 afflictionibus
968 3644 1112 3735 jam
1167 3644 1327 3714 inde
1376 3645 1459 3714 ab
1510 3644 2017 3731 antiquissimis
2066 3643 2492 3734 temporibus
2550 3652 2884 3738 consecrat
2931 3664 2947 3677 “

435 3748 652 3815 esset;
708 3733 1248 3804 Mediolanenses
1294 3755 1570 3821 quoque
1617 3755 1697 3803 eo
1744 3746 2086 3823 tempore,
2140 3755 2275 3820 quo
2328 3754 2447 3822 per
2498 3732 2892 3821 poenitentia

437 3829 647 3893 Deum
696 3823 966 3913 placare
1000 3822 1364 3900 debebant,
1404 3833 1790 3912 opportune
1824 3821 1993 3891 illud
2034 3821 2360 3911 temporis
2402 3821 2703 3910 spatium
2749 3819 2813 3886 in
2857 3836 2946 3883 cu·

436 3913 655 3983 stodia
706 3912 1205 3982 traducendum
1259 3911 1575 4001 religiose
1622 3912 2032 4001 acciperent,
2088 3924 2152 3979 et
2200 3910 2283 3978 ad
2348 3909 2948 4003 poenitentiam-sa·

436 4000 723 4071 lutarem
762 3999 1362 4070 accommodarent
1393 4024 1407 4081 ;
1463 4013 1809 4091 praeterea
1845 4000 2156 4069 hortatus
2189 4012 2313 4079 est,
2362 4011 2437 4067 ut
2466 4013 2619 4067 ante
2651 4005 2948 4092 constitu·

433 4102 567 4157 tam
606 4090 784 4158 diem
826 4103 1096 4180 peccata
1124 4091 1416 4176 quisque
1443 4089 1778 4171 confiteri,
1806 4089 2453 4174 sanctissimamque
2482 4086 2937 4156 Eucharisttam

432 4179 742 4266 accipere
768 4180 1091 4259 studeret,
1133 4190 1584 4269 prompteque
1610 4178 1859 4248 deinde
1885 4179 2408 4269 Magistratuum
2438 4175 2658 4244 edicto
2693 4179 2934 4264 pareret.

434 4268 703 4336 Curavit
740 4269 923 4347 item,
965 4280 1043 4336 ut
1075 4267 1351 4349 inclusi,
1393 4291 1551 4337 cum
1590 4268 1780 4337 adire
1822 4290 2017 4336 sacra
2059 4267 2229 4346 loca,
2274 4286 2585 4334 rerumve
2626 4274 2935 4334 sacrarum

433 4354 733 4423 fructum
792 4356 1138 4445 percipere
1191 4356 1592 4442 nequirent,
1646 4357 1898 4425 divinis
1956 4370 2180 4425 tamen
2234 4353 2588 4434 subsidiiS,
2640 4360 2934 4438 quantum

435 4444 582 4512 fieri
624 4455 871 4533 posset,
920 4467 1003 4511 ne
1039 4457 1367 4525 carerent,
1406 4445 1856 4532 custodiaque
1902 4444 2018 4514 illa
2069 4458 2271 4532 atque
2304 4444 2439 4514 otio
2473 4440 2825 4512 domestico
2863 4427 2927 4499 ad
