2993 4837
541 331 668 394 602
993 347 1070 392 nr.
1118 346 1172 393 s.
1228 346 1591 403 ausuum,
1647 344 1826 392 ansts
1875 344 2245 393 numanus
2293 346 2458 392 1²·1L1A
2638 326 2773 392 sot.
2807 327 2868 392 49

448 430 879 517 fortunisque
919 430 1262 519 privares:
1304 450 1524 517 neque
1561 429 1667 498 his
1700 440 2086 510 contentus,
2125 430 2333 499 etiam
2369 430 2601 499 liberos
2623 429 2744 514 ejus
2770 429 2874 515 pari

452 519 766 589 miseriae
812 539 1206 607 exponeres:
1248 540 1547 606 quorum
1599 518 1723 588 etsi
1761 519 1993 587 minus
2022 518 2460 609 sanguinem,
2496 530 2698 605 quote
2736 517 2877 585 attin-

450 620 666 710 gunt,
724 607 1207 686 miserabaris,
1275 607 1376 676 vel
1449 620 1736 676 aetatem
1804 620 2106 677 teneram
2156 629 2238 677 ac
2307 608 2621 698 imparem
2663 604 2883 674 ferendis

452 696 729 787 injuriis
779 696 1102 766 debuisti.
1162 700 1409 765 Verum
1476 697 1618 765 scio
1670 717 1795 785 ego
1852 708 2122 765 tantum
2182 696 2409 767 scelus
2457 717 2582 765 non
2626 707 2740 764 tam
2777 693 2879 771 tibi,

452 787 660 873 cujus
696 784 1098 854 clementiae
1128 785 1549 874 exploratam
1587 786 1805 854 habeo
1838 784 2168 866 indolem,
2206 807 2416 872 quam
2448 785 2641 873 quite
2666 784 2884 852 circum·

454 887 667 955 stant,
721 873 1136 943 consiliariis
1170 874 1330 944 ·tuis
1378 873 1681 942 adscribi
1743 872 2036 943 debere:
2097 874 2269 960 qui,
2323 886 2399 943 ut
2445 887 2503 942 te
2545 872 2888 961 adigerenta

454 964 798 1053 sanguine
860 975 975 1032 tuo
1026 961 1462 1052 denegerare,
1519 962 1652 1052 ipsi
1705 961 2201 1031 humanitatem
2238 982 2509 1031 omnem
2548 962 2717 1051 prius
2754 978 2894 1027 exue-

459 1068 640 1122 runt.
696 1051 901 1122 Dabis
950 1050 1216 1119 veniam
1267 1050 1461 1131 mihi,
1504 1052 1826 1152 princeps
1862 1053 2177 1131 maxime,
2214 1052 2274 1120 si
2312 1049 2742 1120 vehementior
2765 1048 2894 1137 justo

457 1162 614 1210 sum
671 1139 740 1209 in
791 1139 1098 1223 orando;
1152 1139 1271 1226 qui
1335 1152 1409 1208 ut
1468 1140 1899 1229 principibus
1948 1140 2280 1209 assentari
2323 1140 2572 1220 nescio,
2607 1139 2690 1207 ita
2729 1155 2896 1227 eoi-unt¹

458 1230 622 1299 vitia
672 1250 794 1316 pro
844 1239 1147 1316 tempore
1199 1249 1571 1318 coarguere
1621 1250 1755 1296 non
1822 1228 2212 1319 reformido.
2259 1230 2656 1318 Impositum
2699 1220 2894 1295 esttibi

459 1317 811 1386 venenatis
864 1315 1350 1386 malevolorum
1390 1317 1996 1406 persuasionibus;
2049 1330 2238 1386 utere
2299 1339 2484 1387 nunc
2534 1314 2795 1386 consilio
2825 1317 2900 1380 Bt-

458 1406 699 1495 dolphi
725 1405 847 1486 tui;
871 1405 1210 1474 Elisabeth
1244 1404 1328 1473 de
1363 1405 1627 1495 integro
1660 1406 1977 1506 dignitati
2011 1427 2176 1475 suae
2212 1407 2665 1485 restituta,me
2688 1414 2894 1476 auctum

463 1495 583 1564 tibi
620 1493 1201 1573 reconciliabitur,
1238 1492 1523 1563 facesset
1558 1494 1839 1575 invidia,
1882 1496 1950 1562 in
1985 1494 2399 1563 oblivionem
2434 1495 2629 1564 ibunt
2662 1493 2890 1563 offensas,

461 1583 782 1670 denique,
821 1582 997 1652 facta
1034 1603 1220 1671 pace,
1259 1604 1335 1650 ea
1372 1582 1704 1652 ferientur
1736 1583 2078 1652 amicitiae
2123 1582 2420 1662 foedera,
2455 1604 2630 1670 quae
2660 1595 2782 1650 tam
2807 1578 2890 1652 tibi,

461 1694 670 1759 quam
722 1670 856 1740 tuis
904 1671 1229 1739 omnibus
1278 1671 1415 1739 sint
1459 1683 1525 1739 et
1576 1671 1816 1740 honori
1868 1670 2124 1752 futura,
2162 1684 2227 1740 et
2265 1671 2648 1741 commodo.
2696 1694 2729 1735 »
2773 1668 2896 1763 His}

464 1759 823 1849 Rodolpho
895 1758 1272 1849 peroratiS,
1346 1759 1411 1826 in
1467 1781 1590 1828 ens
1649 1760 2013 1839 omnium,
2068 1761 2187 1846 qui
2251 1759 2584 1840 aderant,
2635 1757 2904 1826 admirans

469 1862 741 1938 propter
772 1848 1094 1917 eximiam
1145 1847 1385 1917 orandi
1453 1849 1800 1917 ibertatem
1836 1861 1938 1918 est
1970 1861 2362 1927 consecuta,
2401 1861 2464 1917 et
2504 1850 2797 1937 princeps
2820 1844 2906 1930 ips

468 1950 648 2007 totus
698 1937 763 2005 in
818 1936 1160 2026 lacrymas
1210 1936 1574 2017 resolutus,
1617 1936 1789 2005 nihil
1843 1937 2074 2005 minus
2127 1936 2317 2017 velle,
2365 1950 2514 2007 tum
2567 1936 2902 2012 verbi5,tun

466 2025 663 2096 vultu
711 2036 812 2094 est
857 2025 1247 2105 adnotatuS‚
1286 2047 1493 2112 quam
1540 2037 1723 2094 tanto
1759 2027 1900 2093 viro
1933 2046 2189 2094 morem
2228 2047 2361 2094 non
2404 2047 2658 2117 gerere,
2688 2036 2908 2093 assertas

466 2136 539 2184 se
586 2127 724 2184 tarn
779 2135 1132 2204 perperam
1191 2127 1419 2204 gestae
1468 2115 1561 2181 rei
1620 2114 2052 2183 vehementer
2102 2115 2468 2204 poenitere,
2524 2113 2904 2195 facturumqoe

476 2203 708 2273 omnia
743 2224 918 2290 quae
968 2203 1111 2292 ipse
1146 2201 1454 2270 facienda
1487 2202 1826 2271 suaderet.

557 2294 593 2379 ξ
640 2294 777 2363 18.
832 2290 1098 2373 Quibus
1147 2290 1489 2361 Elisabeth
1552 2291 1871 2379 acceptis,
1928 2289 2280 2379 respondit
2331 2290 2513 2361 nolle
2569 2314 2639 2361 se
2685 2307 2837 2358 arces
2869 2290 2906 2380 ‘et

467 2380 724 2471 oppida
773 2379 1168 2470 possidere,
1229 2380 1553 2467 curisque
1594 2380 1841 2450 terreni
1900 2380 2255 2469 regiminis
2332 2380 2564 2450 denuo
2636 2381 2904 2462 immergi:

475 2482 699 2628 petere
747 2491 826 2537 ea
861 2469 992 2538 sibi
1027 2489 1158 2536 non
1195 2482 1467 2558 gravate
1515 2469 1821 2549 concedi,
1863 2491 2040 2556 quae
2080 2470 2162 2537 ad
2201 2491 2272 2538 se
2313 2469 2494 2538 dotis
2521 2471 2674 2559 jure
2705 2464 2912 2568 pertine-

518 2571 677 2641 ant;
731 2558 815 2627 iis
864 2578 934 2627 se
983 2556 1194 2625 libere
1241 2580 1527 2627 usuram
1578 2580 1748 2638 esse,
1787 2570 1851 2627 et
1899 2557 1982 2626 ad
2020 2581 2243 2639 suam,
2280 2571 2346 2626 et
2386 2558 2472 2627 ad
2516 2556 2812 2647 principis
2847 2549 2914 2616 de·

468 2646 683 2716 functi
726 2645 1042 2716 salutem.
1088 2650 1273 2727 Quae
1315 2668 1418 2714 res
1452 2668 1610 2715 curn
1665 2669 1783 2736 per
1831 2647 2270 2735 Rodolphum
2301 2659 2366 2714 et
2396 2661 2694 2717 caeteros
2735 2641 2912 2736 amicat

469 2736 729 2812 fuisset,
774 2747 851 2803 ut
897 2733 1166 2802 effectui
1218 2734 1677 2822 mancipanda
1709 2789 1723 2814 ,
1777 2735 1954 2804 bona
2009 2735 2142 2804 fide
2194 2750 2541 2825 suscepta,
2590 2732 2808 2803 mansit
2847 2732 2908 2795 [tet

472 2823 729 2892 famula
776 2822 1206 2908 aliquantum
1271 2822 1598 2911 temporis
1646 2823 1715 2891 in
1767 2845 1924 2892 arce
1969 2823 2025 2904 *,
2085 2825 2588 2894 humanitatem
2677 2820 2912 2892 turiman

471 2910 887 2980 reconciliati
941 2911 1271 3000 principis
1311 2925 1625 2999 experta:
1664 2912 1781 2999 qui
1821 2934 1974 2980 eam
2006 2925 2070 2981 et
2106 2933 2227 3001 pro
2261 2912 2597 3001 dignitate
2677 2905 2918 3000 onorifice

471 3000 766 3079 tractari,
811 3013 875 3068 et
925 3021 1045 3089 pro
1093 3000 1578 3068 commoditate
1611 3000 1973 3090 splendide
2021 3000 2114 3070 ali
2166 3002 2535 3088 vestirique
2589 3002 2912 3090 procurant

473 3094 548 3158 At
596 3087 716 3156 illa
749 3089 981 3168 verita,
1024 3109 1107 3157 ne
1153 3088 1235 3156 ad
1280 3101 1512 3157 votum
1549 3089 1924 3158 fluentibus
1953 3090 2124 3158 vitae
2166 3090 2595 3170 necessariiS,
2635 3108 2789 3177 quae
2814 3099 2920 3151 noa·

474 3199 829 3263 nunquam
882 3177 980 3246 vel
1031 3176 1115 3245 de
1167 3177 1411 3266 rapina
1446 3178 1804 3257 viantium,
1861 3177 1957 3247 vel
2017 3178 2099 3247 de
2146 3180 2591 3267 oppressione
2631 3185 2918 3267 paupera!

473 3265 1058 3335 animadvertebat
1111 3267 1485 3354 provenire,
1518 3279 1583 3334 et
1621 3266 2079 3336 conscientiae
2114 3288 2279 3335 suae
2322 3267 2705 3337 mordacem
2736 3266 2922 3349 inquie-

479 3355 784 3425 tudinem
821 3354 1294 3434 conscisceret,
1347 3368 1411 3423 et
1459 3354 1692 3424 divina
1742 3377 1813 3424 se
1862 3356 2084 3445 gratia
2132 3355 2493 3455 indignam
2548 3355 2839 3430 redderet,
2876 3361 2920 3412 εἰ

477 3444 653 3525 dote,
707 3465 916 3531 quam
969 3464 1371 3532 recuperare
1419 3442 1735 3524 habebat,
1778 3445 2092 3513 securius
2150 3443 2563 3520 victitatura,
2618 3445 2922 3523 iterumpo·

483 3532 706 3622 pulari
753 3554 825 3601 se
862 3532 1032 3600 vitae
1078 3553 1157 3600 ac
1209 3532 1538 3621 pristinae
1597 3533 1980 3622 paupertati
2031 3554 2153 3600 sua
2204 3546 2444 3622 sponte
2484 3533 2752 3602 addicit.
2795 3517 2922 3624 Quod

481 3622 600 3691 ubi
652 3632 1004 3710 magnates
1076 3619 1173 3688 illi
1224 3620 1592 3702 viderunt,
1659 3642 1832 3708 quos
1910 3633 2108 3690 antea
2171 3621 2576 3711 Rodolpbus
2641 3622 2922 3689 invectione

484 3710 721 3778 merita
771 3720 1138 3788 notaverat,
1183 3712 1366 3778 tanta
1402 3720 1564 3779 sunt
1603 3708 2170 3778 excandescentia
2217 3711 2531 3798 permoti,
2571 3721 2645 3779 ut
2676 3728 2749 3776 ne
2771 3702 2924 3770 videre

480 3798 756 3885 quidem
809 3798 1047 3885 aequis
1084 3796 1270 3865 illam
1323 3797 1578 3866 animis
1619 3797 1946 3887 deinceps
1997 3811 2317 3888 possent:
2359 3800 2686 3876 insanam,
2715 3798 2917 3891 [acm

481 3909 559 3956 ac
619 3889 1151 3977 superstitiosam
1200 3885 1631 3956 clamitantes
1663 3941 1677 3966 ,
1745 3886 1928 3973 quod
1985 3898 2133 3976 post
2180 3885 2582 3956 defunctum
2637 3886 2918 3976 principem

480 3975 729 4045 alteras
777 3974 1218 4044 detrectando
1266 3976 1542 4064 nuptias
1589 3975 1939 4063 gauderet,
1978 3973 2161 4061 quod
2213 3974 2513 4053 divitias,
2557 3975 2922 4044 honoresve

479 4062 776 4153 luptates
819 4064 1147 4153 rejiceret,
1183 4063 1365 4149 quod
1406 4063 1805 4153 religionem
1857 4064 2145 4134 caeteris
2194 4063 2546 4133 nobilibus
2596 4054 2918 4152 inaequali-’m

486 4152 871 4241 praeferret.
919 4157 994 4221 At
1043 4173 1198 4221 vero
1256 4152 1501 4221 Christi
1554 4152 1808 4222 ancilla
1858 4153 2248 4222 testimonio
2298 4152 2521 4221 bonae
2568 4149 2916 4221 conscientiae

489 4240 816 4329 praedita,
877 4239 1358 4322 contumeliaS,
1419 4241 1754 4323 convicia,
1812 4242 2437 4322 subsannationeS‚
2490 4249 2845 4310 scommata,
2881 4236 2915 4292 el

487 4341 750 4396 caetera
792 4327 857 4397 id
901 4351 1120 4417 genus
1155 4328 1313 4405 alia,
1341 4329 1511 4399 adeo
1542 4341 1937 4400 constanter
1972 4329 2466 4416 humiliterque
2498 4325 2911 4419 perpetiebatur·

540 4453 566 4480 *
598 4453 833 4505 Warthan-a
852 4452 1053 4501 scincet.
1075 4465 1197 4497 anno
1218 4456 1443 4506 probabit.
1467 4459 1568 4497 1229
1591 4457 1803 4498 ineunte.
2701 4457 2721 4490 ⁸
