2993 4837
561 274 686 337 704
1186 291 1260 334 na
1311 291 1363 334 s.
1421 289 1744 335 srssraaNo
1793 289 2060 335 semona
2110 290 2303 336 mar.
2670 274 2812 337 Mn:
2849 277 2903 337 ἐκ

468 376 760 462 impium
791 373 1278 453 Patriarcham,
1314 374 1435 460 qui
1471 385 1616 441 tum
1657 373 1797 442 illic
1827 387 1990 453 erat,
2049 373 2265 454 illam,
2305 375 2602 461 inquam,
2639 388 2705 444 ut
2737 376 2906 444 Christi

468 463 693 531 verbis
725 475 902 542 utar,
948 460 1392 531 desolationis
1438 462 2019 531 abominationem
2053 517 2066 541 ,
2123 464 2191 531 in
2232 463 2379 531 loco
2418 477 2643 532 sancto
2678 478 2907 540 stantem,
2951 519 2952 534 i

471 551 825 641 lapidibus
872 551 1246 631 incessunt,
1303 551 1803 620 mercenarium
1860 573 1991 620 non
2031 556 2401 631 Pastorem,
2443 551 2673 641 lupum
2705 573 2808 620 non
2835 558 2913 619 Pa-

470 653 744 719 storem,
787 637 1418 708 Ecclesiasticarum
1471 639 1768 726 denique
1818 641 2251 710 sanctionum
2304 662 2384 709 ac
2418 640 2786 730 dogmatum
2814 663 2914 728 prr·-

470 728 756 797 ditorem
792 727 1240 817 appellantes,
1299 726 1419 795 Ille
1450 741 1676 797 autem
1723 728 1984 816 pudore
2018 728 2226 797 simul
2261 751 2342 797 ac
2384 743 2570 797 metu
2611 743 2915 819 correptus.

470 816 826 885 confestim
878 816 963 884 ad
1021 821 1507 906 Imperatorem
1566 817 1899 906 confugit,
1953 817 2152 903 eique
2206 817 2387 904 quod
2442 817 2686 886 factum
2732 816 2915 887 fueraz.

472 918 737 984 narrat,
792 916 995 991 atque
1035 903 1117 973 ad
1186 904 1555 974 mulierum
1607 905 1885 974 caedem
1946 928 2102 974 eum
2164 906 2545 974 extimulat.
2603 905 2920 993 Hujusmodi

469 995 652 1064 enim
714 994 875 1062 boni
916 993 1128 1073 illius,
1173 1015 1251 1062 ac
1312 993 1578 1081 pacifici
1623 995 1919 1062 Pastoris
1967 994 2274 1062 studium
2311 1009 2481 1074 erat,
2520 1009 2826 1080 tamquam
2864 996 2922 1058 vi·

475 1083 719 1152 delicet
768 1104 889 1172 per
933 1103 1035 1152 ea.
1097 1104 1271 1168 quae
1310 1082 1554 1170 agebat
1589 1137 1602 1160 ,
1663 1082 1902 1151 docere
1942 1083 2308 1171 cupientis,
2369 1082 2627 1153 malum
2669 1105 2774 1173 pro
2809 1082 2920 1150 bono

472 1170 991 1260 rependendum
1041 1192 1209 1239 esse.
1269 1175 1413 1239 Mox
1462 1171 1674 1260 igitur
1724 1171 1954 1261 gladio
2016 1185 2392 1251 necantur,
2463 1194 2541 1241 ac
2589 1194 2703 1261 pro
2741 1171 2916 1261 pietatis

475 1261 781 1350 praemio
824 1271 1106 1329 mortem
1142 1258 1391 1328 ferunt.
1991 1301 2000 1311 ·

564 1351 600 1435 ξ
647 1355 733 1420 5.
787 1352 873 1417 Ac
923 1361 1065 1417 tum
1120 1347 1344 1417 videre
1375 1361 1520 1417 erat
1558 1348 1808 1417 multos
1854 1369 2118 1428 eorum,
2156 1351 2270 1435 qui
2314 1349 2747 1418 orthodoxam
2788 1347 2908 1415 tidem

476 1450 659 1507 arcte
706 1436 1359 1525 complectebantur,
1414 1437 1711 1524 patrium
1749 1437 1975 1506 solum
2027 1450 2376 1524 tamquam
2414 1438 2757 1507 inimicum
2783 1435 2910 1504 etha

476 1525 628 1594 stile
676 1524 1039 1614 fugienteS,
1093 1537 1295 1612 atque
1342 1524 1424 1593 ad
1479 1524 1888 1594 solitudines
1936 1539 2000 1594 et
2038 1526 2303 1595 deserta
2347 1526 2640 1617 perfugii
2688 1529 2912 1594 causas

475 1613 920 1693 conferentes,
978 1614 1327 1700 tutiusque
1360 1624 1716 1683 censentes
1764 1636 1923 1682 cum
1978 1613 2139 1682 feris
2191 1615 2546 1696 habitare,
2602 1635 2786 1702 quam
2822 1633 2910 1680 cua

477 1704 642 1771 viris
692 1701 1090 1790 hujusmodi
1144 1702 1419 1771 versari.
1475 1706 1640 1770 Cum
1683 1703 1938 1788 quibus
1988 1704 2251 1773 tametsi
2287 1703 2712 1772 admirabilis
2735 1721 2914 1787 quoque

481 1790 805 1880 Stephani
865 1804 1177 1878 parentes
1230 1792 1513 1879 patriam
1570 1789 1952 1877 relinquere
1998 1793 2560 1871 constituissent,
2619 1805 2814 1859 tamen
2848 1788 2914 1855 hat

477 1902 714 1950 eorum
746 1879 1191 1968 cupiditatem
1223 1882 1642 1959 morabatur,
1665 1877 1845 1965 quod
1871 1880 2190 1965 Stephani
2219 1892 2506 1949 aetatem
2531 1889 2913 1969 exspectarent

478 1983 555 2039 ut
594 1969 1150 2058 pollicitationem
1193 1989 1382 2045 eam,
1427 1990 1634 2054 quam
1694 1967 1778 2036 de
1831 1989 1909 2036 eo
1967 1968 2286 2048 fecerant,
2334 1970 2620 2037 minime
2664 1967 2914 2036 fallerent.

480 2057 595 2127 sed
634 2080 778 2126 eam
820 2056 901 2125 ad
942 2058 1144 2125 finem
1201 2057 1674 2144 perducerent.
1732 2060 1896 2126 Cum
1930 2071 2156 2126 autem
2190 2056 2255 2126 id
2296 2079 2529 2127 secum
2562 2080 2695 2126 una
2729 2076 2915 2150 perpep-

483 2147 781 2227 dissent,
848 2144 1383 2232 haudquaquam
1437 2144 1602 2215 utile
1641 2167 1789 2214 esse
1827 2168 1984 2213 eum
2042 2147 2111 2213 in
2155 2147 2547 2236 Byzantinis
2598 2155 2916 2215 monasterii<

482 2235 872 2315 detondere,
926 2233 1011 2302 ad
1048 2234 1356 2303 Auxentii
1402 2245 1699 2302 montem
1753 2257 1823 2304 se
1855 2233 2239 2304 conferunt.
2295 2236 2478 2305 Situs
2517 2249 2619 2324 est
2668 2255 2829 2325 porro
2859 2230 2916 2296 hir

484 2346 683 2393 mons
730 2346 766 2391 e
808 2323 1083 2412 regione
1130 2323 1458 2408 Byzantii,
1504 2323 1684 2391 circa
1734 2323 2090 2411 Bithyniae
2126 2325 2547 2413 provinciam
2584 2348 2599 2390 τ
2634 2324 2918 2402 vicinosque

482 2435 723 2481 omnes
775 2425 1038 2482 montes
1086 2411 1448 2482 altitudine
1496 2410 1698 2501 longe
1745 2425 2066 2501 superat:
2125 2435 2510 2500 nomenque
2571 2414 2656 2483 ab
2704 2433 2764 2481 eo
2795 2413 2918 2476 Patre

485 2503 729 2581 traxit,
775 2501 894 2588 qui
952 2502 1215 2590 primus
1268 2502 1333 2568 in
1384 2523 1462 2569 eo
1511 2501 1940 2570 domicilium
1994 2502 2126 2570 sibi
2176 2502 2342 2570 fixit.
2397 2504 2523 2571 Hic
2573 2514 2768 2571 autem
2798 2496 2920 2592 locus

485 2590 568 2658 ad
610 2592 779 2659 vitae
826 2589 1388 2676 tranquillitatem
1429 2610 1562 2659 non
1604 2611 1844 2678 parum
1885 2590 1969 2660 iis
2017 2590 2398 2679 adjumenti
2433 2591 2660 2667 affert.
2706 2587 2798 2675 qui
2832 2602 2919 2679 eja-³

484 2679 860 2768 cupiditate
912 2690 1268 2747 tenentur:
1315 2691 1391 2747 ut
1437 2679 1555 2764 qui
1606 2679 1691 2747 ab
1740 2678 1931 2747 omni
1982 2681 2182 2749 turba
2228 2702 2305 2748 ac
2359 2680 2660 2749 tumultu
2689 2678 2916 2745 immums

486 2768 594 2835 sit.
655 2773 767 2835 Est
797 2767 982 2835 enim
1020 2768 1084 2835 in
1125 2766 1345 2856 ipsius
1394 2765 1664 2856 fastigio
1713 2780 1990 2835 antrum
2040 2766 2416 2854 quoddam,
2475 2769 2545 2836 in
2600 2789 2722 2854 quo
2759 2770 2914 2832 Patres

488 2856 645 2923 sede
684 2878 801 2943 per
848 2856 1348 2924 successionem
1403 2855 1531 2924 sibi
1569 2854 1960 2934 constituta,
2011 2856 2283 2925 tandem
2321 2856 2484 2924 hinc
2519 2858 2585 2925 in
2673 2852 2915 2923 aradisum

490 2945 902 3033 migrarunt.
958 2943 1306 3031 Siquidem
1406 2956 1511 3012 ost
1559 2942 1774 3012 divini
1813 2944 1937 3012 viri
1984 2945 2294 3014 Auxentii
2342 2966 2381 3013 e
2432 2945 2562 3013 vita
2668 2946 2914 3033 iscessun.

490 3033 767 3121 Sergius
818 3033 1037 3121 ipsius
1085 3030 1359 3120 discipu
1393 3054 1495 3112 us,
1553 3043 1698 3100 tum
1743 3034 1915 3101 vitae
1963 3035 2220 3123 generi,
2259 3046 2403 3101 tum
2442 3046 2634 3102 antro
2672 3036 2904 3101 successi

489 3126 687 3190 Hunc
715 3134 988 3190 secutus
1016 3133 1116 3189 est
1144 3121 1243 3189 vir
1272 3120 1680 3188 admiranda
1712 3121 1953 3189 virtute
1983 3135 2266 3191 ornatus
2299 3122 2709 3191 Bendianus.
2731 3124 2918 3208 Damam

490 3224 771 3279 sanctus
819 3210 1207 3294 Gregorius.
1261 3213 1348 3278 Ac
1396 3208 1695 3295 denique
1744 3209 1858 3278 ille
1909 3210 2232 3299 Stephani
2283 3223 2687 3287 antecessor,
2741 3228 2802 3275 ac
2841 3220 2921 3269 su]-

491 3298 714 3386 gulari
764 3300 1013 3367 mentis
1058 3298 1477 3387 perspicacia
1530 3297 1881 3387 praeditus
1926 3304 2250 3368 Joannes.
2303 3298 2394 3367 Ad
2439 3322 2638 3385 quem
2674 3294 2818 3367 beati
2851 3290 2924 3357 hu·

483 3388 683 3472 jusce
733 3388 856 3453 viri
901 3400 1214 3476 parentes
1263 3386 1511 3466 filium,
1566 3408 1768 3473 quem
1821 3409 1898 3455 ex
1952 3387 2406 3476 promissione
2441 3376 2924 3476 acceperantdu·

492 3476 769 3555 xissent‚
810 3498 965 3542 cum
1008 3475 1325 3563 precibus
1374 3476 1460 3545 ab
1490 3496 1568 3544 eo
1617 3476 2143 3554 contendebant,
2182 3487 2257 3544 ut
2290 3476 2521 3566 ipsum
2562 3475 2922 3563 exciperet&>¹

494 3565 871 3632 monastica
907 3576 1085 3633 veste
1132 3563 1439 3632 donaret.
1493 3568 1706 3646 Quem
1752 3577 1825 3633 ut
1856 3586 2062 3634 senex
2096 3564 2386 3634 intuitus
2416 3578 2540 3645 est,
2576 3587 2650 3632 ac
2685 3570 2923 3662 perspica-

495 3653 797 3723 cissimis
862 3653 1135 3721 animae
1200 3652 1421 3721 oculis
1490 3652 1794 3720 divinam
1869 3654 2141 3723 animae
2204 3654 2429 3744 ipsius
2499 3646 2922 3742 pulcritudinem

493 3741 852 3831 cognovit,
916 3763 1328 3827 morumque
1385 3742 1455 3808 in
1516 3753 1648 3810 tam
1711 3754 1941 3810 tenera
1989 3755 2203 3811 aetate
2250 3743 2759 3831 gravitatemque
2795 3743 2922 3814 atqu?

493 3830 947 3899 constantiam
1000 3830 1525 3909 animadvertit,
1591 3843 1904 3919 prompte
1949 3852 2107 3899 eum
2160 3830 2479 3920 suscipit,
2534 3830 2845 3909 leniterque
2875 3832 2918 3879 as

496 3919 767 4009 placide
813 3918 897 3986 ad
949 3919 1171 4007 ipsius
1240 3933 1553 4006 parentes
1587 3973 1601 3999 ‚
1672 3923 1877 4000 Vere,
1934 3919 2204 4006 inquit,
2278 3920 2393 3988 Dei
2441 3920 2702 4009 spiritus
2747 3915 2799 3980 in
2840 3906 2915 3972 hot*

497 4029 710 4098 puero
760 4008 1148 4094 requiescit.
1203 4008 1533 4090 Quocirca
1594 4029 1753 4077 cum
1815 4020 2187 4077 nocturnae
2247 4008 2360 4077 Dei
2423 4007 2645 4077 laudes
2685 4002 2753 4070 de
2799 4007 2911 4062 most*

497 4110 810 4186 peractae
856 4110 1103 4176 essent,
1146 4098 1439 4165 accitum
1498 4118 1786 4185 puerum
1842 4118 1961 4187 pro
2011 4096 2270 4166 foribus
2300 4099 2478 4165 antri
2519 4097 2692 4169 sistit,
2728 4109 2788 4186 ac
2817 4080 2909 4170 plu·

497 4186 695 4254 rimis
747 4185 966 4255 verbis
998 4206 1153 4254 eum
1189 4185 1437 4265 erudit,
1489 4197 1694 4272 atque
1741 4184 1826 4253 ad
1877 4186 2218 4274 spiritales
2252 4185 2609 4275 palaestras
2634 4186 2794 4277 acuit.
2824 4186 2907 4265 tw

499 4286 750 4360 netque
800 4295 881 4342 ne
920 4287 1278 4362 parentum
1322 4295 1622 4343 amorem
1661 4273 1880 4362 pluris
1910 4296 2116 4361 quam
2155 4279 2364 4343 Deum
2411 4274 2618 4343 faciat.
2649 4272 2903 4336 Hice-¹⁰1⁰]-

500 4361 749 4448 inquit,
787 4374 850 4431 et
881 4362 1097 4442 finxit,
1143 4377 1206 4432 et
1237 4362 1570 4442 servavit;
1626 4362 1740 4432 ille
1773 4375 2000 4434 autern
2037 4385 2360 4454 persaepe
2393 4385 2556 4451 quos
2588 4350 2902 4428 adamarunt·
