2993 4837
65 319 202 386 ΜΝ.
248 320 284 385 t
836 339 913 384 nr,
961 339 1015 385 s.
1071 337 1311 386 canoro
1358 337 1693 385 noaaousso
2323 321 2459 385 203

66 421 129 488 de
166 442 328 489 more
387 420 909 499 continuanda,
988 423 1056 489 in
1132 422 1345 492 sacris
1407 423 1861 492 concionibus
1927 421 2012 491 ab
2078 420 2247 511 ipsis
2313 422 2548 492 Cardi-

66 510 325 588 nalibus‚
377 509 464 578 ab
513 510 910 599 Episcopi3‚
979 511 1097 597 qui
1166 525 1670 590 convenerant,
1725 534 1762 579 a
1812 510 2283 582 sacerdotibus
2348 510 2542 589 aliis,

63 614 173 667 tum
216 620 321 687 per
349 599 665 688 singulas
714 600 1065 680 stationeS,
1126 614 1265 669 tum
1326 599 1500 669 alias
1546 621 1842 687 quoque,
1897 599 1981 668 ad
2032 621 2269 669 eorum
2325 622 2545 688 popu-

61 686 236 756 lorum
266 687 547 757 salutem
589 687 970 768 habendis,
1027 690 1092 756 in
1151 689 1412 758 Domini
1450 710 1758 779 corpore,
1814 709 1969 778 pom
2026 711 2064 757 a
2102 710 2208 758 ma
2266 688 2547 757 nificen-

65 776 271 845 tissima
301 799 412 863 per
445 776 687 846 urbem
729 778 853 846 rite
881 776 1190 856 ferendo,
1227 778 1512 864 ejusque
1545 777 1713 847 festo
1751 777 1861 846 die
1894 711 2341 857 cessbranffm
2378 777 2546 846 haec

63 864 240 933 omia
278 886 350 933 ex
402 865 483 932 iis
530 887 715 951 quae
744 864 935 935 'alias
983 867 1049 934 in
1096 866 1222 935 hoc
1260 888 1508 955 genere
1578 866 1749 935 facta
1806 867 2258 943 narravimus,
2312 867 2544 934 existi-

67 953 193 1022 mari
216 968 510 1043 possunt.
544 953 717 1023 Inde
750 976 904 1024 vero
948 976 1065 1042 per
1086 954 1344 1024 Padum
1375 955 1751 1024 discessere
1783 954 2199 1024 cardinales.
2234 954 2547 1023 Paleotus

38 1038 287 1130 {longius
325 1041 597 1113 delatus
642 1056 771 1124 est,
810 1044 1184 1112 Bononiam
1238 1065 1495 1113 versus.
1541 1043 1822 1114 Carolus
1871 1044 1937 1111 in
1975 1043 2314 1114 Casalensi
2365 1043 2549 1112 dioe-

38 1132 164 1207 foesi
205 1132 337 1199 navi
384 1154 418 1199 e
475 1153 736 1211 ressuS‚
778 1132 1158 1220 paroeciam
1197 1153 1392 1201 suam
1430 1132 1687 1221 oppido
1729 1132 2180 1221 propinquam
2229 1154 2549 1221 recogno-

38 1218 166 1313 {viu
208 1219 350 1287 inde
381 1155 468 1288 ag
506 1234 834 1290 montana
886 1221 1028 1289 loca
1069 1220 1431 1308 profectus,
1468 1243 1688 1307 usque
1719 1220 1800 1290 ad
1840 1220 2304 1308 Septembrem
2345 1220 2548 1289 rebus

40 1307 228 1377 tueris
268 1308 673 1378 ordinandis
754 1310 1161 1398 populisque
1207 1309 1290 1377 ad
1335 1309 1622 1379 salutem
1661 1309 1992 1396 juvandis
2023 1331 2299 1398 operam
2334 1309 2542 1378 dedit.

38 1396 287 1473 iRomam
329 1397 451 1466 hoc
481 1398 726 1467 eodem
763 1420 945 1466 anno
981 1398 1201 1467 redire
1248 1399 1529 1468 Carolus
1576 1399 1972 1468 constituit:
2019 1412 2163 1467 tum
2201 1398 2360 1485 quia
2394 1399 2545 1485 ejus

40 1483 137 1581 grei
175 1498 418 1574 tempus
464 1507 545 1555 ex
608 1487 1070 1556 ecclesiastica
1129 1509 1364 1555 norma
1405 1543 1419 1565 ‚
1495 1499 1645 1577 post
1694 1488 2063 1556 triennium
2120 1502 2498 1556 recurrerat
2529 1541 2543 1562 ,

42 1580 171 1667 ttum
210 1574 395 1643 etiam
467 1574 656 1661 quod
728 1575 1098 1645 multarum
1169 1597 1398 1645 rerum
1462 1579 1755 1651 caussa,
1824 1598 2001 1663 quae
2057 1575 2144 1645 ad
2209 1574 2549 1645 Ecclesiae

38 1672 256 1747 {statum
306 1663 787 1751 pertinebant,
848 1665 999 1751 ejus
1051 1665 1262 1734 virtus
1311 1688 1348 1733 a
1401 1665 1637 1734 multis
1699 1666 1790 1735 ibi
1855 1663 2420 1743 desiderabatur;
2488 1676 2552 1732 et

53 1777 94 1806 τω
126 1765 207 1817 nt
230 1752 543 1836 quotidie,
580 1752 704 1839 qui
747 1753 1112 1824 instarent:
1157 1754 1493 1822 maturius
1523 1767 1748 1822 autem
1799 1753 2141 1843 profectus
2167 1767 2290 1834 est,
2336 1775 2544 1841 quam

55 1850 316 1919 mearat,
368 1843 457 1911 ob
495 1842 986 1930 gravissimum
1035 1842 1348 1911 morbum
1388 1842 1710 1911 Camillae
1743 1843 2044 1922 sororis3
2095 1842 2182 1911 de
2213 1863 2349 1928 quo
2388 1865 2547 1911 cum

150 1929 372 2015 episset
420 1930 649 2018 pridie
700 1929 944 2000 natalis
995 1932 1289 2020 Virginis
1340 1930 1536 2011 festi,
1591 1954 1668 1999 ea
1719 1931 1864 2020 ipsa
1915 1945 2145 2012 nocte,
2192 1930 2547 2020 dispositis

38 2047 62 2061 .
105 2043 112 2072 ι
161 2039 412 2087 cursum
464 2020 691 2105 equis,
745 2018 1107 2087 Vastallam
1159 2019 1552 2098 contendit;
1608 2019 1722 2088 sed
1774 2040 1853 2088 eo
1900 2041 2059 2087 cum
2102 2020 2542 2109 pervenisset,

63 2107 288 2201 ¹rendit
334 2121 675 2177 mortuam
711 2130 724 2173 z
779 2129 936 2175 cum
992 2130 1243 2197 paucos
1277 2125 1434 2177 ante
1471 2129 1743 2178 menses
1782 2113 1970 2177 Anna
2004 2128 2276 2194 quoque
2305 2130 2384 2176 ex
2418 2109 2546 2176 hac

57 2207 84 2232 '··>
116 2207 162 2259 ta
202 2196 572 2285 migrasset.
614 2195 1061 2265 Commodum
1102 2197 1310 2286 igitur
1360 2197 1446 2265 ita
1484 2198 1881 2275 arbitratus,
1922 2195 2081 2264 inde
2118 2201 2400 2265 Romam
2437 2218 2550 2284 pe·

59 2301 165 2350 are
204 2286 458 2354 statuit:
513 2307 677 2354 curn
735 2284 1171 2374 profectionis
1220 2308 1538 2355 caussam
1580 2287 1773 2374 prius
1816 2300 2039 2354 tamen
2081 2284 2168 2353 ab
2219 2286 2550 2374 Episcopo

83 2374 421 2453 monensi,
472 2385 716 2464 utpote.
763 2376 1045 2444 caeteris
1098 2375 1483 2462 provinciae
1536 2376 1890 2466 Episcopis
1939 2373 2348 2461 antiquiore,
2396 2395 2551 2463 pro-

83 2460 175 2527 ri
214 2462 287 2529 ad
339 2464 839 2552 praescriptum
876 2464 1301 2532 decretorum
1396 2463 1866 2533 rovincialium
1920 2476 2250 2532 curasset.
2297 2468 2550 2532 Romae

61 2547 433 2631 ejnvandis
485 2554 668 2621 inter
712 2551 847 2621 alia
881 2553 1125 2621 vicinis
1163 2573 1344 2642 popu
1384 2553 1439 2623 is
1489 2552 1748 2622 haeresi
1800 2552 2308 2628 contaminatis,
2362 2552 2542 2640 egit;

78 2660 117 2690 2¹
160 2658 274 2723 quo
321 2639 519 2711 latius
573 2656 803 2731 postea
837 2664 917 2711 ex
973 2640 1386 2721 licabimus;
1441 2664 1672 2711 sacras
1722 2641 2057 2710 Ecclesiae
2093 2657 2366 2711 sanctae
2403 2663 2550 2708 raa-

50 2728 367 2808 monins,
422 2748 456 2798 a
509 2731 719 2800 certis
775 2735 898 2799 Car
951 2728 1256 2800 inalibus
1289 2785 1304 2810 ‚
1371 2730 1535 2800 viris
1575 2731 1793 2801 doctis
1831 2731 1914 2799 ad
1974 2729 2547 2800 consultationem

50 2803 374 2910 ἰρᾱὴίῢίιὶε,
416 2818 831 2888 auctoritate
881 2819 1237 2888 Pontificia
1301 2820 1817 2889 constituendas
1870 2820 2177 2887 curavit:
2237 2841 2550 2908 opusque

48 2907 171 2988 anm
206 2921 500 2994 coeptum
570 2906 783 2986 vidit,
838 2920 1206 2994 antequam
1267 2907 1690 2988 discederet,
1747 2908 1880 2977 alia
1939 2907 2315 2996 permulta.
2372 2932 2548 2993 quae

52 3003 283 3062 ‘neeesse
330 3018 458 3064 non
510 3011 612 3065 est
669 3016 1096 3065 enumerare.
1172 2998 1554 3065 Seminario
1610 3019 1733 3067 suo
1791 2998 1967 3066 duas
2023 2998 2550 3085 Caravagienses

62 3074 536 3170 :lfffflevosituras
590 3106 766 3172 quae
798 3085 1153 3154 Humiliati
1191 3085 1457 3154 ordinis
1493 3085 1787 3164 fuerant,
1847 3087 2228 3174 impetravit
2262 3110 2273 3152 :
2331 3087 2550 3154 Abba-

82 3169 197 3232 ttam
235 3190 370 3241 vero
422 3174 837 3242 Secedanam
893 3175 959 3242 in
1003 3196 1169 3264 agro
1226 3172 1680 3243 Alexandrino
1719 3175 2228 3263 congregationi
2275 3175 2546 3242 oblato-

50 3279 69 3330 !
140 3261 497 3355 mglneunte
532 3283 716 3330 anno
750 3285 1069 3332 nonxxxm
1106 3268 1317 3332 Roma
1357 3264 1623 3334 rediens
1657 3263 1738 3331 ad
1779 3263 2254 3351 gravissimam
2285 3279 2551 3330 contro·

48 3347 300 3441 'versiam
341 3351 513 3420 inter
568 3351 746 3420 duos
802 3351 1006 3430 Italos
1065 3356 1279 3421 Duces
1337 3350 1911 3441 componendam,
1948 3351 2152 3438 jussu
2207 3350 2551 3417 Pontificis

70 3443 253 3517 τθοιις
296 3458 492 3522 quam
551 3462 691 3508 rem
742 3441 1142 3529 complexus
1177 3495 1192 3520 ‚
1251 3441 1338 3509 ita
1388 3440 1635 3510 deinde
1670 3496 1685 3520 ‚
1742 3456 2015 3527 tamque
2081 3437 2364 3507 feliciter
2416 3460 2546 3506 non

38 3518 244 3613 >multo
287 3539 581 3613 tempore
628 3528 939 3606 confecit,
993 3541 1070 3599 ut
1116 3542 1179 3598 et
1229 3530 1539 3599 Pontifici
1584 3530 1737 3618 ipsi,
1791 3543 1856 3597 et
1905 3528 2177 3615 utrique
2230 3528 2400 3616 parti
2446 3551 2551 3595 sa—

110 3605 367 3682 sfaccret.
423 3616 882 3687 Mediolanum
918 3641 1076 3688 cum
1117 3618 1447 3688 rediisset.
1490 3620 1709 3687 tribus
1743 3618 1989 3686 diebus
2021 3631 2347 3687 consueto
2392 3617 2547 3688 ritu.

70 3710 188 3764 eum
225 3705 548 3799 universis
598 3706 962 3776 ordinibus
1010 3707 1550 3797 supplicationes
1597 3707 1764 3775 obiit
1811 3706 1895 3774 ad
1940 3722 2147 3776 statas
2195 3703 2545 3774 ecclesias.

64 3778 133 3848 -ob
185 3788 387 3860 Didaci
449 3796 938 3885 Hispaniarum
1007 3797 1337 3885 principis
1397 3796 1713 3864 obitum:
1790 3795 1875 3862 ita
1942 3794 2124 3862 enim
2195 3793 2555 3880 Philippus

72 3885 254 3954 pater.
308 3883 576 3952 omissis
638 3884 1030 3954 funebrium
1088 3906 1363 3973 precum
1414 3883 1694 3962 officiiS‚
1754 3905 1875 3971 pro
1921 3883 2154 3950 decem
2207 3902 2548 3949 annorum

76 3973 241 4040 puero
269 3965 639 4040 faciendum
697 3974 804 4059 pie
826 3973 1185 4062 ‚judicavih

82 4129 91 4140 ,
139 4055 169 4127 ἓ
207 4058 335 4124 5⁷.
389 4061 556 4128 Hinc
606 4061 687 4129 ad
731 4063 986 4132 vicinas
1035 4076 1293 4152 gentes,
1336 4061 1622 4138 haeresi,
1666 4057 2003 4144 malisque
2038 4056 2195 4124 aliis
2238 4057 2548 4136 afflictas,

76 4141 373 4223 iuvandas,
412 4149 689 4218 Carolus
715 4150 1020 4219 animum
1052 4149 1322 4236 adjecit.
1357 4148 1657 4217 Plurima
1689 4147 1939 4215 fecerat
1964 4145 2050 4215 ob
2085 4166 2232 4212 eam
2270 4169 2549 4216 causam

82 4236 266 4324 Ῥῑὶξὸ,
313 4235 884 4317 quemadmodum
949 4237 1490 4308 demonstratum
1544 4250 1666 4303 est.
1732 4234 1962 4304 Multis
2022 4233 2294 4322 populis
2333 4291 2347 4313 ‚
2408 4236 2556 4324 plu-

85 4323 230 4384 rimis
270 4322 458 4390 ctiam
498 4324 897 4394 hominibus
946 4326 1336 4413 separatim,
1394 4328 1574 4392 varia
1620 4326 1878 4393 ratione
1917 4320 2197 4408 saepius
2245 4324 2326 4391 ad
2375 4324 2557 4392 salu-

86 4401 179 4468 tem
209 4407 613 4482 subvenerat.
672 4417 936 4482 Fecerat
985 4414 1262 4483 Carolus
1298 4434 1430 4483 non
1469 4411 1719 4491 solum,
1774 4425 1849 4482 ut
1898 4410 2036 4480 illis
2077 4429 2272 4498 opem
2318 4412 2553 4482 ferret.

40 3121 137 3344 ,Γ

2671 4471 2742 4514 ‘A‘
