2993 4837
338 335 501 405 956*

1030 351 1557 400 nAnTYROLOGIUu

1617 353 2048 399 lctusraucu
2562 332 2719 398 OCT.
2753 335 2818 395 26

249 437 551 514 religione
604 437 880 517 vitaeque
931 434 1233 512 proposito
1275 433 1344 494 ad
1377 434 1515 494 obe·
1575 435 1813 495 visione
1845 433 2123 512 pertulit,
2173 430 2292 493 sub
2341 431 2686 495 felicissimo
2723 438 2816 494 isa·

247 517 540 579 dientiam
569 514 894 576 salutarem
924 514 1394 587 adhortabatur,
1427 528 1517 573 se-
1574 521 1848 591 peratore
1901 513 2173 574 Henrico
2234 510 2284 571 lt

2337 512 2503 590 (qus
2567 510 2645 570 αι)
2696 513 2815 574 rm

250 598 445 673 ipsum
476 596 729 656 formam
764 593 1019 654 vivendi
1051 593 1367 673 praebens.
1399 590 1516 653 Sti·
1570 593 1921 672 fallacum
1971 590 2147 667 1002,
2190 590 2426 651 electus
2455 598 2521 651 et
2547 600 2794 652 wmarus

249 676 466 753 pendia
524 673 784 735 fratrum
840 674 1176 752 plurimum
1233 672 1514 745 adauxit,
1570 674 1767 751 suita
1813 671 2096 751 Williyt'so
2142 672 2452 733 Antae'stite
2483 672 2779 750 Maesulios.

248 753 560 815 ecclesiam
610 752 804 829 palliis
832 753 1013 815 sacris
1041 800 1056 827 ,
1090 752 1383 825 vestibuS,
1415 768 1518 813 au·

248 835 367 894 reis
422 840 482 893 et
534 833 845 908 argenteis
900 832 1184 893 calicibus
1240 833 1517 908 vasisque

246 911 525 982 diversiS‚
553 928 708 988 quae
741 912 1004 990 propriis
1034 911 1313 973 manibus
1336 911 1517 971 sabri-

248 995 440 1064 cavit,
497 998 557 1052 et
616 992 805 1065 tibris,
863 991 1083 1053 ditavit
1136 998 1198 1053 et
1250 991 1516 1052 ornavit.

249 1070 516 1132 Plurima
546 1073 728 1131 etiam
763 1087 835 1132 ex
867 1072 1238 1133 haereditate
1271 1076 1516 1146 paterna

249 1150 522 1225 contulit,
538 1150 826 1229 Episcopo
842 1150 1078 1229 praedia
1102 1150 1314 1223 multa,
1336 1151 1518 1210 etiam

248 1230 323 1289 de
352 1231 492 1290 fisco
525 1231 851 1307 imperiali,
882 1246 956 1291 ex
985 1231 1301 1308 largitione
1330 1230 1516 1305 impe-

249 1318 519 1371 ratorum
570 1310 916 1387 acquisivit.
950 1309 1014 1370 ln
1065 1310 1337 1372 oratione
1379 1311 1522 1368 assi-

250 1390 405 1449 duus
431 1437 446 1461 ,
491 1392 551 1449 in
583 1389 1105 1467 eleemosynarum
1135 1388 1521 1450 exhibitione

251 1470 546 1544 profusus,
604 1468 875 1541 bumiliS,
926 1468 1198 1541 affabiliS,
1244 1483 1520 1528 mansue-

255 1555 366 1607 tus.
399 1548 642 1609 Praeter
673 1549 909 1625 pietatis
937 1550 1067 1625 ejus
1115 1563 1291 1625 opera
1322 1593 1337 1619 ,
1369 1562 1519 1624 quae

250 1627 478 1688 referre
529 1626 781 1703 longum
833 1635 943 1693 est.
994 1630 1054 1688 in
1105 1629 1369 1697 civitate,
1419 1628 1516 1687 cui

252 1706 540 1783 praefuit,
572 1708 644 1767 ad
676 1707 1212 1781 septentrionalem
1243 1706 1371 1782 ejus
1403 1705 1520 1781 pla-

252 1801 388 1857 gam
422 1788 858 1847 monasterium
894 1787 954 1847 in
997 1786 1295 1847 honorem
1326 1785 1384 1846 S.
1413 1785 1521 1846 Mi·

251 1866 473 1926 chaelis
508 1867 913 1944 omniumque
942 1866 1294 1927 caelestium
1326 1867 1521 1926 virtu-

224 1953 385 2004 -tum
415 1993 430 2019 ,
468 1947 749 2022 miroque
781 1961 961 2022 opere
990 1946 1337 2006 decoratum
1370 1960 1516 2006 con-

250 2028 491 2095 struxit,
548 2023 846 2087 dedicavit
899 2033 959 2087 et
1009 2025 1261 2097 dotavit,
1318 2025 1519 2102 ibique

253 2105 578 2166 monachos
608 2105 920 2179 religiosos
939 2106 1362 2181 congregavit,
1388 2106 1520 2182 qui-

254 2182 363 2242 bus
431 2183 591 2261 larga
667 2185 1002 2261 stipendia,
1061 2193 1130 2244 ut
1203 2186 1324 2246 Deo
1388 2186 1520 2244 sine

252 2263 662 2324 sollicitudine
717 2265 981 2326 militare
1039 2273 1314 2342 possent,
1371 2279 1518 2324 con-

255 2343 414 2403 tulit.
465 2344 757 2405 Defuncto
812 2342 1029 2405 Ottone
1090 2345 1265 2420 buJ'us
1322 2344 1521 2404 nomi-

256 2425 348 2482 nis
400 2426 707 2496 secunde,
760 2425 883 2501 ipse
940 2425 995 2485 ei
1071 2424 1268 2484 filium
1337 2439 1515 2484 suum

253 2503 449 2563 adhuc
494 2504 831 2580 parvulum,
865 2503 1096 2565 scilicet
1137 2501 1415 2564 Ottonem
1447 2502 1520 2563 lll

252 2597 391 2670 cum
426 2583 1024 2661 matreTheopbana,
1055 2582 1254 2644 adbuc
1285 2583 1519 2654 vivens,

256 2665 711 2739 imperiumque
767 2671 964 2723 totum
1014 2678 1310 2723 consensu
1359 2663 1520 2738 prin-

254 2741 458 2819 cipum
504 2742 974 2817 commendavit,
1029 2748 1095 2802 ut
1142 2742 1335 2803 fllium
1368 2741 1522 2802 edu-

254 2827 417 2881 caret
463 2828 521 2880 et
572 2837 832 2896 regnum
862 2839 964 2883 sua
996 2820 1377 2899 providentia
1412 2838 1522 2896 gu-

256 2899 561 2962 bernaret.
618 2899 783 2971 Quod
847 2902 967 2977 ipse
1027 2916 1145 2960 non
1206 2903 1520 2977 segniter,

256 2977 397 3038 licet
446 2994 584 3040 cum
636 2979 850 3041 insidia
905 2996 1270 3054 magnorum
1321 2981 1520 3056 ponti-

259 3059 461 3129 ficum,
496 3059 842 3135 Moguntini
870 3061 1171 3121 scilicet‘et
1202 3059 1523 3120 Colonien-

254 3139 376 3211 εἰς,
434 3138 814 3216 adimplevit.
874 3138 1524 3214 (Animadvertendum

255 3224 367 3286 est,
400 3222 466 3280 S.
513 3219 956 3281 Bernwardum
994 3219 1229 3280 Ottom's
1260 3218 1361 3279 ΙΙΙ
1406 3220 1519 3279 mi-

258 3300 542 3359 norenm‘s
590 3299 952 3376 mapz‘strum
999 3305 1053 3360 et
1081 3303 1524 3376 praeceptorem

256 3379 545 3446 extitisse,
588 3385 912 3457 antequam
955 3379 1282 3456 Episcopus
1329 3376 1523 3438 Hilde-

256 3459 469 3518 siensis
490 3465 882 3520 consecratus
906 3457 1175 3536 fuisset.)
1196 3457 1213 3517 l
1222 3473 1321 3534 pse
1339 3460 1520 3519 etiam

260 3536 750 3600 Herkenbaldum
794 3538 1185 3613 Mogontinae
1216 3537 1376 3598 sedis
1406 3537 1525 3598 ele·

258 3626 448 3690 ctum,
506 3633 679 3679 suum
738 3618 1073 3678 secundum
1130 3632 1373 3678 carnem
1429 3633 1526 3677 co-

259 3707 537 3772 gnatum,
571 3699 630 3758 in
666 3697 1195 3773 Arcliiepiscopum
1226 3712 1528 3758 consecra·

258 3779 363 3838 vit.
418 3777 549 3838 Post
595 3785 1083 3838 consummatum
1130 3776 1191 3836 S.
1224 3775 1527 3836 Michaelis

258 3858 620 3918 coenobium
702 3855 1171 3934 (splendidum,
1238 3855 1529 3934 planeque

256 3936 654 4015 maqm'ficum
702 3937 808 3996 hoc
857 3933 1224 4005 coenobium,
1267 3935 1423 4013 quod
1452 3933 1528 3995 ab

256 4015 431 4077 inicio
476 4017 580 4077 sui
617 4017 991 4094 episcopa-tus
1035 4014 1385 4094 eriqendum
1413 4032 1527 4075 cu-

258 4098 443 4166 rarit,
474 4113 547 4157 ac
576 4095 818 4157 tandem
846 4098 1035 4156 ‘morti
1054 4097 1369 4172 proximus
1395 4111 1527 4175 per-

257 4175 441 4251 fecie,
491 4175 807 4237 Monacln's
864 4174 1106 4236 Ordinis
1162 4178 1223 4235 S.
1283 4172 1530 4235 Benedi-

1575 756 1662 815 De
1712 756 1780 814 S.
1843 752 2100 813 Henrico
2158 751 2230 812 ΙΙ
2277 752 2644 829 imperatore
2687 751 2776 812 *ih

1575 832 2081 912 Martyroloqium
2115 829 2566 900 Illa-stratum,
2597 831 2775 893 vom

1578 929 1709 990 pag.
1762 911 1998 987 623)....
2029 910 2335 971 diuturno
2382 909 2675 987 languore
2708 913 2782 971 ta».-

1575 1000 1785 1068 gatuS,
1847 995 1908 1052 in
1967 1006 2078 1051 suo
2136 996 2535 1052 monasterio
2600 991 2790 1052 baham

1576 1072 1863 1133 monachi
1906 1071 2203 1148 suscepit,
2236 1079 2302 1130 et
2334 1072 2798 1148 appropinquans

1579 1153 1720 1212 bora
1754 1151 1965 1211 mortis
1992 1197 2007 1224 ,
2035 1167 2100 1211 se
2127 1150 2192 1211 in
2236 1151 2594 1211 oratorium
2623 1149 2683 1209 B.
2709 1150 2810 1210 Ea-

1579 1232 1690 1292 tini
1719 1279 1734 1303 ,
1789 1230 1947 1309 quod
2003 1230 2131 1305 ipse
2183 1238 2660 1301 construxerat,
2709 1230 2817 1291 fem

1578 1312 1878 1390 praecepit
1910 1332 1925 1383 ;
1983 1309 2187 1386 ibique
2244 1308 2495 1379 cilicio,
2555 1310 2746 1370 cinere
2783 1326 2824 1369 a·

1576 1406 1780 1467 sperso
1806 1438 1820 1465 ,
1863 1391 2300 1466 superposituS,
2335 1397 2591 1466 sumpto
2631 1391 2824 1453 viati-313.

1581 1471 1742 1530 inter
1771 1470 2181 1530 assistentium
2217 1483 2443 1528 manus
2477 1468 2830 1529 transivitad

1580 1548 1956 1621 Angelorum
2036 1548 2342 1625 requiem.
2426 1546 2711 1624 Sepultus
2758 1558 2830 1607 est

1579 1629 1646 1690 B.
1665 1628 1986 1689 Bernward
1997 1644 2067 1687 us
2090 1629 2152 1686 in
2176 1626 2431 1688 ecclesia
2447 1626 2515 1688 S.
2534 1627 2828 1699 michaeus,

1580 1710 1640 1769 in
1674 1708 1948 1782 sepulcro
1977 1755 1991 1779 ,
2023 1707 2186 1784 quod
2211 1705 2329 1767 sibi
2362 1714 2554 1768 antea
2590 1707 2831 1775 foderat,

1582 1788 1681 1849 ubi
1715 1794 1847 1865 post
1875 1791 2007 1860 ejus
2033 1785 2274 1847 obitum
2299 1832 2314 1857 ,
2351 1786 2426 1846 ad
2458 1786 2596 1863 ejus
2637 1802 2838 1847 sacram

1582 1868 1848 1929 tumbam
1879 1866 2037 1928 coeci
2076 1865 2447 1940 illuminati,
2485 1867 2837 1927 daemoniaci

1579 1949 1814 2019 curati,
1852 1946 2079 2006 infirmi
2110 1945 2303 2005 sanati
2337 1952 2508 2004 sunt.
2541 1944 2741 2019 Hujus
2765 1961 2839 2005 re·

1581 2025 1910 2087 nerabilem
1945 2025 2303 2085 memoriam
2336 2025 2638 2086 exaltavit
2661 2024 2843 2087 Coele-

1576 2108 1774 2166 stinus
1804 2106 1966 2182 Papa‘
1987 2101 2060 2163 ΙΙΙ
2090 2104 2285 2180 (armo
2333 2102 2518 2174 1192)
2540 2151 2557 2176 ,
2586 2119 2837 2181 eumque

1579 2186 1893 2247 transferri
1927 2185 2272 2262 praecepit,
2306 2190 2714 2285 promovente
2752 2187 2844 2246 hoe

1576 2265 1948 2326 Theodorico
2003 2264 2237 2325 abbate.
2293 2264 2483 2339 Lujns
2544 2264 2846 2324 translatio

1577 2344 1870 2405 celebrata
1902 2352 1992 2403 est
2019 2343 2256 2404 decimo
2277 2346 2546 2420 septimo
2573 2344 2844 2403 kalendas

1577 2428 1818 2501 augusti
1860 2425 2052 2500 (anno
2084 2421 2298 2499 1194),
2334 2425 2701 2499 praesidente
2730 2422 2837 2482 Ro-

1581 2521 1796 2565 manae
1820 2503 2118 2565 Ecclesiae
2137 2500 2508 2576 Coelestino,
2527 2504 2842 2578 imperante

1578 2584 1865 2658 Henrico,
1911 2582 2090 2659 hujus
2133 2583 2409 2642 nominis
2437 2591 2636 2655 sext03
2667 2582 2840 2642 admi·

1582 2666 1880 2725 nistrante
1990 2662 2308 2723 ontificatu
2387 2661 2836 2722 Hildesemensis

1581 2742 1879 2804 Ecclesiae
1985 2756 2260 2806 ernone,
2320 2741 2659 2802 venerabili
2718 2741 2841 2818 Epi-

1579 2837 1778 2901 scop0,
1818 2840 1846 2882 a
1924 2837 2000 2881 uo
2051 2820 2211 2881 idem
2244 2819 2504 2881 Sanctus
2533 2820 2840 2882 translatus

1579 2908 1690 2963 est.
1757 2921 1784 2959 ι
1839 2904 1858 2976 (
1967 2899 2193 2961 lebrata
2248 2907 2454 2960 autem
2515 2899 2840 2961 elevatione

1578 2979 1638 3041 S.
1692 2980 2037 3040 Bernwardi
2091 2981 2383 3055 eorporis,
2433 2980 2692 3040 Ecclesia
2731 2980 2841 3040 Hil-

1579 3061 1870 3122 desiensis
1928 3062 2051 3121 ritu
2115 3059 2374 3121 solemni
2436 3061 2571 3137 eius
2625 3062 2840 3122 festum

1580 3155 1867 3218 peragere
1896 3139 2141 3216 coepit).

1607 3299 1669 3362 S.
1701 3296 2340 3371 QUADRAGESIMUS
2381 3297 2818 3361 Suculacoars.

1745 3401 1898 3467 Obiit
1927 3403 2267 3466 inclinante
2293 3403 2536 3466 saeculo
2583 3406 2680 3469 VI.

1659 3537 2024 3599 Manu-aot.
2056 3570 2130 3582 --
2173 3537 2324 3600 Item
2355 3540 2544 3600 sancti
2575 3538 2842 3611 Quanas·

1579 3633 1784 3680 oasim
1831 3616 2227 3690 Subdiaconi,
2277 3621 2380 3696 qui
2431 3626 2493 3679 et
2542 3627 2839 3680 mortuum

1584 3698 1980 3759 resuscitavit.

1662 3775 1901 3838 Primus
1951 3777 2056 3852 qui
2108 3775 2275 3844 hunc
2324 3777 2619 3839 Sanctum
2648 3777 2842 3838 memi-

1585 3858 1771 3930 nerit,
1825 3865 1915 3917 est
1971 3855 2034 3924 S.
2085 3856 2428 3930 Gregorius
2475 3856 2730 3934 Magnus
2787 3859 2838 3915 in

1587 3935 1980 4015 Dialoyorum
2009 3932 2160 3997 libro
2189 3935 2313 4005 III,
2336 3952 2470 4014 cap.
2505 3937 2602 3998 17.
2626 3937 2711 3997 Ex
2741 3936 2841 3996 boc

1584 4016 1775 4090 fonte,
1828 4031 1948 4076 non
1999 4032 2150 4076 vero
2208 4031 2284 4076 ex
2337 4017 2556 4080 tabulis
2596 4015 2843 4090 cujusvis

1585 4095 1912 4163 ecclesiae.
1963 4108 2068 4156 aut
2112 4094 2233 4156 alio
2281 4103 2677 4158 monumento
2711 4111 2845 4184 quo-

1585 4190 1871 4252 cumque,
1907 4175 2228 4248 Bai-onius,
2276 4182 2347 4236 ut
2397 4176 2526 4255 ipse
2578 4179 2638 4236 in
2682 4174 2842 4236 &otis

260 4256 365 4328 cti,
414 4256 474 4318 S.
510 4253 925 4317 Bernwardus
972 4255 1281 4316 concessit.
1326 4253 1533 4316 Extra
1592 4261 1845 4315 testatur
1872 4302 1887 4328 ,
1917 4254 1979 4317 S.
2011 4254 2466 4333 Quadragesimi
2501 4269 2720 4316 nomen
2748 4269 2842 4314 ex·

256 4350 436 4407 porro
503 4333 674 4396 urbis
730 4333 1086 4396 Hildeslzee'm
1138 4332 1288 4395 illud
1345 4334 1533 4393 situm
1591 4336 1904 4412 prompsit.
1951 4335 2040 4396 En
2086 4349 2262 4412 porro
2290 4335 2442 4413 quid
2472 4335 2545 4396 de
2576 4335 2680 4395 hoc
2719 4350 2838 4394 san-

258 4415 446 4487 ciet),
467 4413 863 4490 postlabores,
885 4430 1034 4492 quos
1056 4415 1375 4492 inimperii
1396 4430 1533 4492 pro·
1588 4419 1683 4476 cto
1722 4413 1978 4492 Magnus
2006 4411 2345 4491 Gregorius
2371 4423 2652 4477 enarret:
2688 4436 2712 4466 ι
2739 4411 2840 4474 No-
