2993 4837
545 334 673 396 210
1304 350 1381 396 nn
1431 352 1485 396 s.
1543 348 1782 396 cAnom
1832 348 2165 396 nonnonno
2703 329 2910 394 novt

456 435 960 504 observationes
994 434 1059 501 in
1091 433 1263 502 vitae
1297 455 1462 503 suae
1498 434 1759 503 ratione
1801 434 2087 502 minime
2119 445 2452 503 servaret:
2500 433 2655 501 haec
2687 433 2762 500 ita
2793 453 2910 499 cum

455 546 525 593 se
581 524 929 605 haberent,
988 521 1109 609 qui
1161 522 1511 611 pontificio
1573 523 1781 612 jussu
1846 521 2271 591 medicorum
2323 520 2627 592 consiliis
2668 519 2920 589 addictus

452 625 651 694 esset,
706 633 863 681 eum
914 621 1092 681 certe
1128 610 1476 700 perpetuis
1516 610 1976 680 conscientiae
2025 609 2350 692 stimulis,
2386 623 2586 697 atque
2615 608 2920 699 angoribus

454 701 838 772 necessario
886 699 1369 770 cruciandum.
1409 699 1600 782 Quod
1643 700 2149 769 existimaretur
2179 721 2259 768 ea
2291 699 2597 789 corporis
2627 698 2924 788 asperitate

450 790 574 871 uti,
619 810 795 877 quae
843 789 1019 858 vires
1049 802 1425 877 superaret,
1463 788 1592 858 boc
1626 809 1778 857 vere
1809 787 2153 857 affirmare
2186 810 2406 877 posse;
2448 808 2662 877 neque
2688 809 2753 855 se
2785 808 2920 859 eam.

451 899 787 966 quaecum
842 899 927 946 ue
973 890 1170 959 esset,
1225 876 1600 947 valetudini
1649 876 1946 946 sensisse
1993 877 2528 957 contrariam,et
2573 875 2656 946 ad
2693 894 2926 943 munera

453 966 802 1038 sacerdota
838 966 902 1035 ia
972 965 1244 1035 facilius
1305 965 1627 1035 obeunda
1687 965 2319 1045 accommodatam;
2372 966 2652 1035 omnino
2707 985 2844 1033 euin
2881 982 2930 1029 se

451 1056 731 1126 modum
783 1055 1070 1125 minime
1102 1055 1416 1135 transire,
1470 1076 1675 1142 quem
1727 1076 1811 1123 su
1864 1055 2081 1124 eriore
2127 1076 2334 1135 anno,
2378 1076 2540 1124 cum
2576 1053 2658 1123 ad
2704 1053 2834 1153 ejus
2849 1052 2928 1137 ju-

450 1145 710 1214 dicium
761 1144 993 1213 omnia
1034 1166 1157 1215 sua
1189 1143 1566 1225 detulisset,
1605 1143 1798 1213 Ponti
1828 1165 1905 1213 ex
1948 1143 2095 1232 ipse
2126 1144 2660 1233 comprobasset;
2697 1164 2749 1211 st
2775 1141 2928 1209 etiam

452 1233 913 1315 continentia,
974 1244 1039 1302 et
1086 1232 1394 1389 corporis
1450 1231 1817 1301 afflictione
1874 1231 2082 1321 paulo
2133 1232 2353 1322 magis
2422 1230 2926 1321 progrederetur,

449 1343 654 1409 quam
691 1321 799 1390 vul
855 1344 894 1391 o
940 1320 1058 1390 alii
1094 1343 1211 1389 mu
1248 1321 1292 1389 ti
1320 1319 1637 1400 solerent,
1673 1320 1958 1390 minime
1990 1320 2204 1389 videri
2240 1320 2794 1409 improbandum,
2823 1332 2930 1385 tum

450 1410 534 1480 ad
586 1409 781 1479 delen
838 1432 876 1479 a
928 1420 1226 1498 peccata,
1263 1421 1407 1479 turn
1436 1409 1522 1478 ad
1560 1422 1953 1479 sanctorum
1983 1409 2312 1487 virorum,
2352 1409 2567 1478 immo
2613 1408 2698 1477 ad
2739 1407 2928 1497 ipsius,

446 1499 571 1586 qui
618 1510 1009 1568 sanctorum
1061 1510 1162 1568 est
1210 1510 1469 1579 auctor,
1513 1498 1814 1568 actiones
1840 1496 2074 1585 aliquo
2103 1497 2302 1566 modo
2343 1497 2748 1567 imitandas:
2781 1495 2927 1581 idqu

449 1586 747 1657 maxime
797 1586 979 1673 quod
1031 1586 1184 1674 ejus
1232 1587 1379 1676 ipse
1430 1586 1720 1669 ordinis,
1767 1586 1894 1655 hoc
1941 1599 2043 1655 est
2075 1587 2569 1688 Episcoporum
2611 1597 2861 1669 esset;q
2902 1581 2912 1591 ”

448 1677 582 1746 bus
631 1697 763 1744 non
801 1675 1012 1745 animi
1056 1676 1302 1745 virtute
1341 1675 1592 1756 solum,
1650 1675 1765 1744 sed
1802 1675 2280 1745 exercitatione
2327 1687 2486 1745 rtem
2537 1674 2850 1765 corporis,
2891 1701 2933 1730 a*

448 1764 752 1854 Gregorii
801 1764 1226 1849 Nazianzeni,
1263 1763 1697 1851 aliorumque
1725 1769 2000 1833 Patrum
2052 1764 2386 1845 doctrina,
2429 1765 2731 1852 reliquos
2756 1783 2931 1833 omn

445 1852 648 1943 longe
730 1866 835 1922 ost
882 1875 953 1922 se
993 1852 1380 1939 relinquere
1426 1853 1848 1922 studendum
1898 1867 2098 1922 esset.
2154 1852 2347 1936 Quod
2408 1866 2640 1923 autem
2692 1875 2769 1923 ea
2813 1851 2862 1918 vi

448 1943 618 2012 ratio
696 1941 917 2011 uturis
969 1941 1415 2031 temporibuS,
1469 1940 1863 2029 conjectura
1911 1941 2208 2028 quadam
2261 1941 2392 2011 sibi
2444 1963 2693 2012 nocere
2742 1959 2900 2031 posse

443 2030 741 2101 incertae
788 2030 1186 2100 offensionis
1223 2043 1431 2110 metu,
1486 2042 1707 2100 certos
1756 2028 2165 2100 salutarium
2217 2053 2505 2120 operum
2554 2030 2820 2101 fructus
2898 2057 2913 2085 -..

444 2119 804 2210 gligendos
854 2140 988 2189 non
1032 2119 1289 2200 videri3
1342 2140 1564 2204 neque
1624 2132 1759 2188 tam
1815 2120 2011 2208 longe
2061 2119 2489 2200 cavendum;
2540 2119 2884 2208 alioquic·

443 2209 628 2298 poris
677 2208 1138 2289 afflictionem,
1196 2207 1786 2297 poenitentiaeque
1834 2207 2055 2278 officia
2116 2209 2377 2277 homini
2440 2208 2817 2278 christiano
2859 2226 2904 2271 n·

440 2297 760 2377 cessaria,
816 2296 974 2384 quis
1008 2318 1313 2384 unquam
1357 2296 1827 2386 suscepisset?
1861 2297 1928 2366 Si
1975 2297 2177 2365 etiam
2230 2298 2462 2366 animo
2521 2298 2592 2365 in
2646 2320 2754 2367 res
2799 2295 2918 2366 salu

442 2397 620 2456 tares
668 2387 949 2465 intento,
990 2386 1368 2476 Episcopus
1418 2384 1484 2454 in
1538 2384 1875 2476 ejusmodi
1919 2386 2397 2456 exercitatione
2433 2399 2709 2475 praeter
2756 2383 2936 2455 volu·

442 2486 643 2545 tatem
679 2474 938 2562 aliquid
969 2475 1237 2564 corpori
1270 2496 1393 2544 suo
1432 2480 1723 2559 noceret}
1757 2475 1939 2561 quod
1969 2476 2222 2545 sanctis
2254 2474 2604 2566 plerisque
2657 2476 2884 2567 legeret
2912 2494 2917 2523 1

437 2564 766 2643 evenisse,
792 2584 925 2631 non
958 2585 1107 2634 esse
1128 2563 1193 2632 id
1223 2576 1444 2632 tamen
1465 2563 1970 2643 damnandutm
2007 2564 2246 2633 merito
2273 2576 2496 2653 patres
2521 2565 2936 2636 existimas*

440 2652 825 2721 sacerdotes
873 2651 958 2720 ab
994 2652 1144 2752 ipso
1192 2652 1454 2721 Christo
1509 2654 1790 2722 Domino
1830 2652 1981 2734 sali,
2043 2665 2108 2722 et
2163 2653 2411 2722 lumini
2451 2653 2537 2722 ob
2591 2653 2661 2722 id
2719 2672 2936 2741 quoq

440 2752 1087 2840 comparatOS,qu1a
1130 2740 1297 2809 iltud
1329 2740 1493 2809 dum
1537 2741 1769 2810 condit
1812 2742 2026 2822 cibos,
2070 2741 2355 2829 liquefit;
2396 2742 2524 2812 hoc
2553 2742 2730 2812 dum
2773 2740 2894 2811 ard

437 2843 501 2897 et
542 2828 977 2909 drfl'unditur,
1011 2828 1235 2899 oleum
1267 2829 1397 2898 sibi
1433 2830 1801 2910 consumit3
1834 2830 2178 2900 confidere
2210 2853 2302 2912 se,
2329 2853 2408 2899 ea
2439 2831 2683 2900 omnia
2717 2852 2859 2902 sum
2894 2856 2929 2887 ·=

437 2918 616 2986 Patri
675 2917 1051 3006 probanda,
1105 2931 1173 2986 at
1250 2938 1403 2987 vero
1474 2917 1816 3007 quidquid
1889 2919 2379 3008 significasset,
2446 2920 2507 2987 ei
2557 2942 2637 2989 se
2709 2917 2927 2990 omnin·

438 3018 755 3096 prompto
801 3006 1034 3076 animo
1097 3006 1509 3096 pariturum.
1567 3007 1905 3076 cardinali
1949 3019 2175 3077 autem
2231 3009 2583 3088 Comensi,
2644 3010 2770 3097 qui
2819 3013 2889 3076 Po

440 3094 639 3165 tificis
672 3107 815 3165 erat
864 3096 1289 3185 negotiorum
1344 3097 1760 3195 praecipuus
1808 3096 2236 3177 administer,
2277 3097 2800 3186 Pontificiisque
2836 3095 2918 3184 epi

435 3183 626 3256 stolis
677 3184 1078 3274 praefectus,
1132 3198 1196 3254 et
1245 3182 1504 3254 litteras
1572 3206 1717 3273 ipse
1791 3207 2066 3272 quoque
2131 3185 2215 3254 ad
2269 3185 2583 3255 Carolum
2638 3209 2723 3256 ea
2771 3185 2847 3254 de
2922 3224 2936 3233 «

436 3272 734 3352 dederat,
775 3273 1220 3363 respondens,
1259 3272 1548 3354 addidit,
1597 3273 1655 3343 si
1689 3273 1991 3343 Pontifex
2020 3273 2085 3342 in
2128 3296 2203 3343 ea
2250 3287 2580 3363 perstaret
2614 3273 2920 3345 sententia

432 3381 640 3450 quam
692 3362 953 3432 litterae
1002 3383 1163 3452 prae
1221 3383 1292 3432 se
1356 3360 1609 3430 ferrent
1676 3360 1865 3430 nulla
1926 3362 2058 3432 alia
2119 3363 2376 3433 ratione
2430 3385 2502 3432 se
2565 3386 2777 3452 posse
2820 3380 2918 3430 con

432 3451 804 3537 quiescere,
837 3474 992 3521 cum
1031 3450 1218 3520 illius
1243 3450 1423 3540 jussi
1464 3450 1549 3531 vi,
1588 3464 1652 3519 et
1686 3451 1929 3521 timore
1954 3451 2306 3521 sollicitari
2341 3465 2676 3542 perpetuo
2710 3473 2931 3522 neces

431 3551 631 3621 esset,
686 3539 820 3609 nisi
853 3553 927 3610 ut
966 3539 1253 3609 dimisso
1292 3539 1900 3629 Arcbiepiscopatu
1935 3545 2219 3610 Romam
2270 3540 2717 3630 demigraret,
2749 3541 2877 3624 ibiq
2906 3625 2916 3635 ⁸

428 3628 500 3698 in
550 3638 923 3719 conspectu
972 3627 1321 3698 Pontificis
1370 3628 1640 3708 viveret,
1693 3628 1814 3715 qui
1861 3629 2012 3719 ejus
2060 3629 2234 3698 vitae
2285 3629 2615 3699 rationem
2676 3626 2935 3719 quotidt

428 3739 873 3809 cognoscens,
928 3739 1083 3786 eum
1138 3717 1224 3786 ab
1263 3717 1722 3787 conscientiae
1787 3716 2069 3799 aculeis,
2115 3717 2684 3807 quotidianisque
2735 3713 2926 3789 morsi

424 3805 555 3877 hus
595 3807 889 3878 liberare
940 3806 1290 3896 potuisset.
1354 3805 1478 3875 Sed
1525 3806 1584 3875 is
1634 3806 2009 3896 rescripsit,
2065 3806 2247 3876 nolle
2294 3807 2698 3877 Pontificem
2747 3801 2936 3876 Carol

424 3895 774 3966 vinculum
814 3895 1115 3986 injicere,
1169 3895 1285 3964 sed
1338 3896 1488 3985 ejus
1524 3895 1808 3965 arbitrio
1859 3896 2286 3985 permittere,
2343 3894 2627 3984 quando
2681 3895 2939 3964 medicea

426 4007 579 4054 rum
615 3984 903 4056 consilio
950 3984 1081 4054 sibi
1134 3983 1465 4054 utendum
1527 3995 1726 4055 esset.
1793 3989 2072 4055 Factum
2115 3983 2515 4075 hujusmodi
2562 3984 2750 4064 fecit,
2803 4002 2939 4070 quo*

425 4074 609 4142 niam
667 4075 733 4142 in
769 4074 853 4143 iis
887 4071 1194 4164 epistolis
1233 4073 1619 4144 scribendis
1652 4084 1884 4143 nostra
1932 4095 2140 4164 opera
2179 4074 2279 4142 uti
2312 4072 2546 4155 voluit,
2582 4085 2666 4142 ut
2705 4073 2790 4141 de
2817 4072 2939 4159 ejus

427 4162 581 4244 vita,
638 4184 983 4249 sensuque
1033 4162 1304 4251 plenius
1349 4184 1969 4253 cognosceremuS,
2039 4162 2430 4250 certiusque
2477 4161 2939 4231 scriberemus.

427 4250 818 4340 Optandum
869 4264 1011 4320 erat
1039 4251 1344 4333 fortasse,
1380 4265 1457 4322 ut
1490 4251 1726 4322 saltem
1758 4251 2135 4320 durissima
2174 4251 2511 4338 quaedam
2556 4250 2621 4318 in
2663 4261 2939 4345 tempora

431 4338 834 4408 nominatim
888 4340 1477 4421 interdicerentur,
1521 4342 1577 4412 si
1615 4340 1881 4411 virtutis
1922 4338 2136 4421 illius,
2170 4340 2478 4429 vitaeque
2518 4338 2817 4408 fructum
2867 4345 2939 4432 ito

430 4426 597 4497 lorte
648 4426 1108 4516 potuissemus
1140 4427 1402 4498 diutius
1452 4430 1836 4518 percipere:
1892 4450 2054 4498 nam
2106 4428 2529 4500 medicorum
2578 4429 2939 4518 praeceptis
