2993 4837
300 4316 311 4363 l

481 277 608 339 650
1077 290 1153 335 ns
1201 290 1255 333 s.
1301 286 1588 335 cat-:eima
1636 288 1927 335 numme
1972 289 2045 334 m
2093 289 2261 337 Anus
2604 268 2753 334 NOV.
2789 270 2844 331 23

391 377 878 446 didicissemus
900 373 1104 443 aliam
1133 395 1282 442 esse
1309 374 1515 441 vitam
1545 385 1918 454 aeternam,
1939 393 2116 460 quae
2138 374 2344 443 vitam
2376 385 2761 461 praesentem
2780 392 2851 438 se·

390 466 647 552 quitur,
704 485 837 532 non
872 462 1335 552 gauderemus
1366 484 1516 530 eam
1548 463 1881 531 amittere.
1921 485 1956 527 »
2006 462 2180 531 Dicit
2210 463 2313 530 eis
2360 463 2717 530 Maximus:
2758 463 2861 528 «Et
2931 491 2932 526 ς

390 573 731 640 quaenam
804 565 1020 641 potest
1066 573 1215 621 esse
1263 551 1399 620 alia
1449 551 1638 620 vita?
1688 575 1724 617 »
1753 551 2132 652 Respondit
2176 551 2552 630 Tiburtius,
2593 563 2657 619 et
2695 547 2863 617 dixit:
2931 557 2932 594 ³

391 666 426 708 «
456 640 811 724 Quomodo
851 662 1102 731 corpus
1138 640 1452 709 induitur
1507 640 1957 720 indumentis,
2000 641 2094 709 ita
2125 641 2334 709 etiam
2369 640 2598 709 anima
2622 636 2870 706 induitur

389 751 695 820 corpore.
743 735 821 798 Et
855 751 1115 819 corpus
1157 729 1435 816 quidem
1491 742 1843 816 tamquam
1896 733 2128 798 semen
2172 741 2512 808 terrestre,
2551 749 2664 817 per
2697 725 2875 794 libidi-

392 842 547 889 nem
586 820 650 886 in
679 832 1015 888 terrenam
1045 818 1395 901 matricem
1436 819 1858 888 immittitur:
1886 819 2198 908 genitum
2219 831 2454 887 autem
2484 829 2547 886 et
2569 817 2875 890 nutritum,

310 943 313 944 f
388 922 454 978 et
494 909 766 997 lapsum
806 908 871 975 in
935 907 1175 978 mortis
1212 907 1591 987 interitum,
1643 907 1808 976 etin
1867 907 2214 995 pulverem
2271 927 2700 985 conversum,
2748 916 2879 972 tam-

390 1019 598 1084 quam
642 996 942 1066 Phoenix
980 994 1253 1066 futurae
1286 995 1461 1065 lucis
1493 996 1721 1085 specie
1758 996 2187 1066 excitabitur.
2242 997 2493 1064 Anima
2540 1015 2710 1072 vero,
2745 993 2793 1060 si
2825 991 2884 1058 sit

392 1099 652 1166 sancta,
691 1084 946 1154 feretur
981 1085 1047 1153 in
1093 1084 1393 1173 paradisi
1427 1084 1736 1165 delicias,
1772 1098 1849 1153 ut
1883 1085 2135 1154 florens
2163 1087 2230 1154 in
2266 1083 2563 1163 deliciis,
2602 1094 2881 1172 exspectet

391 1188 663 1266 tempus
711 1196 879 1244 suae
926 1174 1471 1244 resurrectionis.
1531 1197 1565 1240 »
1621 1174 1789 1243 Dicit
1827 1174 1926 1243 eis
1982 1175 2367 1243 Maximus:
2423 1197 2460 1239 «
2515 1172 2752 1241 Vellem
2793 1191 2880 1262 ego

390 1286 665 1352 quoque
730 1264 909 1332 hanc
967 1263 1171 1332 vitam
1239 1284 1582 1351 respuere,
1637 1263 1694 1331 si
1745 1263 1829 1330 de
1879 1263 1965 1331 iis
2003 1285 2178 1349 quae
2230 1262 2434 1338 dicis,
2478 1282 2737 1351 possem
2781 1259 2879 1327 fier:

390 1354 729 1423 certior.»
786 1353 955 1421 Dicit
993 1352 1055 1420 ei
1090 1352 1529 1422 Valerianus:
1594 1378 1618 1414 ι(
1661 1353 2000 1434 Quoniam
2037 1352 2214 1422 dicis
2277 1352 2404 1421 tibi
2472 1350 2647 1420 nihil
2703 1369 2881 1436 super-

391 1465 561 1521 esse,
619 1442 749 1510 nisi
809 1458 883 1509 ut
920 1441 1163 1529 probes
1204 1463 1357 1510 vera
1390 1461 1563 1519 esse,
1609 1462 1785 1526 quae
1843 1441 1965 1511 tibi
2025 1441 2375 1520 diximus;
2428 1441 2510 1509 ea
2553 1440 2738 1516 hore,
2791 1457 2880 1523 qua

392 1531 593 1599 saciet
630 1530 957 1599 Dominus
1000 1551 1123 1598 nos
1162 1530 1470 1618 corporis
1521 1530 1826 1599 tunicam
1876 1551 2122 1598 exuere
2169 1530 2239 1598 in
2292 1528 2598 1619 gloriosa
2646 1526 2884 1596 nominis

391 1621 542 1708 ejus
571 1619 1023 1697 confessione,
1065 1620 1322 1707 aperiet
1376 1618 1706 1687 Dominus
1753 1619 1992 1688 oculos
2040 1631 2220 1696 tuos,
2256 1634 2322 1687 et
2364 1617 2567 1688 faciet
2624 1630 2680 1685 te
2710 1614 2884 1702 adspi-

391 1732 589 1787 cere,
643 1731 802 1777 cum
853 1720 1110 1793 quanta
1173 1707 1389 1796 gloria
1444 1706 1560 1775 illa
1611 1708 1743 1776 vita
1788 1707 2139 1787 redditur,
2198 1709 2258 1775 si
2310 1720 2540 1776 tamen
2597 1704 2886 1794 promittaae

394 1798 617 1875 nobis,
663 1796 846 1882 quod
880 1819 958 1865 ex
997 1810 1129 1865 toto
1163 1798 1396 1865 animo
1435 1797 1664 1866 venies
1712 1797 1799 1864 ad
1833 1797 1928 1866 tui
1971 1797 2225 1865 erroris
2269 1797 2770 1885 poenitentiam.
2803 1813 2828 1854 ι

480 1890 516 1972 ξ
568 1890 735 1957 2⁰.
782 1892 971 1953 Tunc
1036 1887 1370 1955 Maximus
1416 1886 1852 1954 anathemate
1913 1885 2217 1972 seipsum
2283 1885 2579 1963 devovit,
2646 1884 2881 1952 dicens<

397 1975 788 2044 «Flammis
829 1975 1011 2064 ignis
1058 1996 1454 2053 consumar,
1513 1975 1642 2042 nisi
1697 1976 1783 2043 ab
1827 1975 1954 2043 hac
2008 1974 2174 2043 bora
2214 1974 2414 2043 illum
2459 1974 2682 2043 solum
2734 1977 2887 2039 Deum

399 2064 797 2144 confitebor,
835 2065 952 2150 qui
991 2062 1171 2141 facit,
1212 2077 1286 2131 ut
1342 2077 1491 2151 post
1544 2063 1719 2131 lianc
1769 2063 1974 2131 vitam
2024 2064 2157 2130 alia
2204 2065 2336 2131 vita
2391 2074 2756 2149 sequatur:
2800 2058 2886 2124 hoc

398 2154 565 2221 mihi
606 2153 826 2220 solum
863 2153 1199 2221 ostendite
1232 2152 1411 2237 quod
1451 2152 1613 2221 estis
1654 2151 1961 2239 polliciti.
2003 2175 2038 2217 »
2089 2157 2165 2220 Et
2212 2152 2461 2221 dicunt
2509 2151 2723 2220 sancti
2766 2152 2888 2215 Mar·

399 2256 581 2331 tyres
612 2242 961 2309 Tiburtius
994 2253 1059 2308 et
1094 2241 1493 2309 Valerianus
1522 2263 1535 2303 ε
1592 2263 1626 2305 «
1662 2241 1840 2309 Jube
1874 2240 2231 2309 lictoribus
2265 2254 2339 2309 ut
2382 2263 2507 2310 nos
2557 2243 2626 2308 in
2661 2238 2882 2326 domum

406 2346 591 2398 tuam
631 2330 999 2409 abducant,
1036 2343 1099 2398 et
1134 2330 1489 2406 faciemus,
1528 2341 1604 2398 ut
1640 2329 1804 2398 illuc
1843 2329 1925 2396 ad
1965 2344 2026 2398 te
2065 2329 2289 2398 veniat
2351 2329 2764 2418 purificator3
2800 2343 2884 2406 qut

401 2423 523 2488 linc
577 2433 793 2498 nocte,
844 2433 1199 2508 postquam
1246 2418 1456 2487 fueris
1513 2418 1940 2507 purificatus,
1999 2417 2198 2487 faciet
2247 2433 2323 2489 ut
2375 2418 2605 2488 videas
2655 2415 2713 2485 id
2754 2408 2884 2499 quod

402 2513 516 2577 tibi
567 2510 1037 2596 promisimus,
1062 2532 1096 2573 »
1132 2514 1295 2577 Cum
1334 2521 1564 2577 autem
1605 2508 2282 2595 Maximus-jussisset
2315 2506 2693 2587 lictoribus,
2728 2500 2884 2572 abdu-

398 2612 643 2667 imunt
682 2621 796 2667 eos
842 2599 907 2665 in
942 2597 1226 2667 domum
1282 2598 1453 2685 ejus.
1512 2602 1815 2679 Quorum
1865 2596 2371 2685 praedicatione
2422 2597 2569 2686 ipse
2621 2594 2885 2664 Maximus

400 2710 555 2755 cum
596 2700 731 2755 tota
787 2708 914 2754 sua
945 2686 1207 2754 familia
1237 2698 1300 2754 et
1351 2686 1522 2773 ipsis
1559 2685 1915 2755 lictoribus
1975 2685 2422 2756 crediderunt
2474 2686 2539 2754 in
2583 2682 2880 2754 Dominum

404 2790 710 2844 nostrum
743 2780 978 2843 Jesum
1019 2776 1387 2844 Christum.
1443 2781 1633 2843 Tunc
1675 2785 1912 2843 sancta
1945 2774 2229 2843 Caecilia
2280 2775 2466 2844 venit
2498 2773 2580 2842 ad
2612 2775 2779 2863 ipsos
2804 2787 2883 2861 no·

398 2877 513 2933 ctu
545 2886 703 2932 cum
743 2864 1237 2943 sacerdotibuS,
1278 2878 1342 2931 et
1376 2864 1654 2932 suerunt
1687 2884 1928 2932 omnes
1958 2863 2277 2952 baptizati
2319 2864 2384 2931 in
2429 2864 2698 2933 nomine
2725 2866 2881 2947 Patris

399 2968 463 3021 et
495 2952 642 3021 Filii
672 2968 738 3020 et
786 2952 1080 3039 Spiritus
1118 2952 1368 3021 Sancti.
1426 2956 1592 3021 Cum
1627 2965 1866 3020 autem.
1906 2953 2219 3021 exoriens
2271 2953 2706 3030 matutinum,
2755 2955 2880 3015 nocti

404 3042 610 3110 finem
645 3041 967 3119 dedisset,
1008 3063 1257 3129 magno
1298 3041 1570 3110 silentio
1602 3040 1801 3121 lactc,
1846 3040 2017 3109 dixit
2047 3055 2284 3111 sancta
2311 3040 2634 3111 Caecilia:
2671 3070 2690 3099 ε
2723 3042 2881 3106 Estote

402 3132 554 3201 forti
591 3143 657 3199 et
692 3153 942 3218 magno
977 3131 1232 3209 animo,
1288 3151 1327 3199 o
1378 3130 1490 3198 Dei
1536 3129 1786 3198 milites
1826 3153 1841 3209 ;
1896 3130 2172 3219 abjicite
2219 3152 2428 3218 opera
2488 3131 2876 3198 tenebrarum.

399 3234 463 3290 et
501 3220 875 3289 induimini
924 3242 1116 3288 arma
1181 3217 1379 3287 lucis.
1438 3218 1762 3288 Pulcrum
1814 3231 2160 3288 certamen
2211 3219 2615 3299 certavistis,
2663 3228 2880 3286 cursum

405 3309 785 3399 peregistis,
828 3308 1030 3377 fidem
1069 3309 1621 3378 conservavistis.
1663 3312 1749 3377 De
1789 3320 2055 3377 caetero
2081 3309 2602 3397 proficiscimini
2634 3306 2708 3375 ad
2749 3320 2882 3370 cort}

404 3420 560 3466 nam
590 3398 924 3486 justitiae,
980 3419 1184 3484 quam
1218 3396 1453 3465 reddet
1505 3396 1695 3465 vobis
1716 3397 1953 3483 justus
1978 3397 2237 3465 Judex:
2296 3418 2426 3466 non
2466 3395 2682 3467 solum
2713 3402 2879 3461 autem

404 3488 618 3567 vobis,
659 3487 773 3555 sed
819 3487 1023 3554 etiam
1059 3486 1389 3554 omnibus
1427 3485 1548 3571 qui
1590 3485 1892 3575 diligunt
1940 3486 2305 3554 adventum
2358 3487 2530 3554 e’us.
2587 3490 2773 3554 Locus
2793 3496 2879 3544 au-

406 3590 535 3645 tem
588 3576 709 3663 qui
760 3575 1015 3645 dicitur
1062 3580 1309 3663 PaguS,
1364 3588 1509 3643 erat
1557 3575 1732 3643 situs
1779 3588 2024 3660 quarto
2063 3574 2291 3663 lapide
2352 3598 2390 3643 a
2472 3574 2642 3644 urbe
2683 3576 2873 3639 Roma:

401 3666 485 3733 ad
528 3688 730 3751 quem
766 3678 911 3732 erat
971 3663 1471 3732 transeundum
1529 3685 1739 3751 prope
1796 3676 2062 3753 portam
2115 3663 2380 3752 templi,
2433 3676 2509 3734 ut
2540 3663 2874 3750 quicumque

403 3754 561 3822 illac
614 3753 1166 3834 transibat,'nisi
1216 3753 1398 3822 lovis
1450 3752 1826 3822 simulacro
1885 3752 2045 3821 thus
2102 3753 2411 3832 offerret,
2485 3752 2813 3842 puniretur·
2853 3761 2872 3793 ὓ

401 3848 567 3912 Cum
605 3843 671 3910 in
702 3864 859 3911 eum
898 3853 1127 3911 autem
1160 3840 1387 3911 locum
1422 3841 1768 3910 venissent
1798 3841 2020 3911 sancti
2052 3842 2409 3911 Tiburtius
2437 3855 2502 3910 et
2533 3838 2867 3910 Valerianus.

403 3931 778 4021 pretiosum
851 3932 1010 4000 thus
1058 3929 1504 4011 obtulerunt,
1553 3935 1681 3999 Deo
1730 3930 2100 3999 offerentes
2149 3952 2314 4000 suos
2369 3942 2795 4000 accusatores:
2830 3924 2869 3979 ὃ(

400 4021 499 4090 sic
545 4021 738 4089 flexis
788 4019 1105 4109 genibus,
1154 4018 1343 4089 fuere
1403 4018 1588 4088 caesi
1650 4018 1929 4108 gladio:
1999 4032 2063 4087 et
2101 4020 2362 4088 amisso
2413 4019 2536 4088 hoc
2587 4012 2868 4098 caducos}

403 4108 672 4179 mortali
712 4131 1019 4197 corpore,
1067 4120 1414 4178 aeternam
1450 4120 1516 4177 et
1546 4130 1724 4195 quae
1759 4130 1893 4176 non
1934 4119 2148 4197 potest
2177 4128 2608 4185 marcescere,
2642 4109 2863 4182 martyrn

405 4220 727 4268 coronam
758 4219 1081 4286 accepere
1106 4197 1163 4265 *.

434 4356 670 4445 1⁸⁸'T2ntini
703 4354 790 4395 sic:
827 4356 1097 4395 1⁷fnietafibus
1128 4357 1310 4406 sanctis,
1343 4360 1593 4405 offa-untur
1620 4360 1768 4401 thura,
1802 4363 1841 4395 et
1873 4363 2084 4396 recusant.
2113 4346 2855 4409 &summumve-atgreum-scffffl'

404 4420 432 4457 q
451 4418 569 4446 anzo.
