2993 4837
13 335 112 396 ΞΤ.
172 333 262 396 <24

161 512 230 574 S.
289 508 664 573 PROCLUS
709 511 1047 573 EmscothS.

330 614 511 679 Obiit
562 633 725 678 anno
768 617 905 680 446.

17 752 409 814 MAR‘rYnot..
448 786 537 797 -—-
570 750 1095 831 Constantinopoli
1134 769 1267 813 san-

13 839 20 893 i
68 834 299 894 Panem
352 832 675 909 Episcopi.

24 911 88 975 S.
161 911 428 972 Procius
483 910 1026 988 Constantinopoli
1096 920 1268 973 natus

15 993 228 1065 detur,
285 991 477 1066 cujus
527 990 830 1051 Ecclesiae
874 1009 903 1052 a
956 992 1263 1068 primaeva

15 1079 150 1133 date
213 1071 528 1132 servivit.
586 1071 646 1132 S.
708 1068 954 1131 Joannis
1012 1069 1264 1149 Chryso-

13 1153 163 1224 omi,
210 1152 321 1229 qui
374 1152 599 1211 sedem
666 1147 1264 1227 Constantinopolita-

13 1248 100 1293 am
146 1232 221 1291 ab
268 1246 445 1292 anno
481 1230 607 1291 398
633 1231 705 1290 ad
752 1227 866 1289 404
910 1231 1154 1304 pacifice
1188 1238 1263 1290 te·

13 1312 121 1381 uit,
155 1327 377 1371 amore
408 1319 479 1370 et
521 1311 873 1385 magisterio
904 1311 1125 1370 fruitus
1153 1316 1263 1370 est.

16 1391 285 1463 resbyter
322 1390 560 1462 sactuS,
607 1405 747 1449 cum
779 1390 1100 1465 sapientia,
1145 1394 1268 1468 pie-

13 1478 93 1528 ite
151 1477 211 1531 et
256 1476 507 1530 virtute
573 1484 714 1545 prae
778 1469 1034 1539 caeteris
1095 1485 1268 1530 coru·

17 1559 182 1609 aret.
210 1566 238 1606 a
274 1549 592 1616 sisinnio,
621 1548 956 1626 patriarcba
985 1546 1270 1611 Constan-

15 1631 379 1703 tnopolnano
403 1675 420 1699 ,
451 1628 663 1705 Cyzici
701 1629 930 1704 (nunc,
964 1628 1138 1707 hujus
1170 1646 1270 1691 ur-

20 1710 65 1766 is
125 1710 348 1768 ruinae
396 1708 677 1769 Bal-Kiz
720 1725 749 1769 a
798 1707 1009 1769 Tui-cis
1053 1724 1270 1770 vocan-

13 1792 122 1861 ur),
145 1787 539 1865 Hellesponti
572 1788 941 1863 metropolis,
965 1788 1271 1865 episcopus

13 1877 357 1927 onsecratus
408 1876 531 1928 est.
591 1866 705 1928 Sed
748 1884 778 1928 a
830 1866 1059 1927 clericis
1106 1866 1267 1944 Cyzi-

13 1947 162 2017 enis,
194 1949 422 2023 quippe
460 1947 572 2026 qui
609 1947 893 2009 baeretici
926 1955 1124 2021 erant,
1157 1949 1269 2009 mi-

13 2024 146 2084 iime
191 2034 502 2103 receptus,
556 2025 803 2089 Proclus
850 2024 1270 2088 Constantino-

13 2104 160 2164 ³olim
220 2107 438 2177 rediit,
490 2107 706 2185 ibique
753 2108 881 2168 dies
952 2108 1268 2184 transegit,

15 2183 95 2241 »ibi
115 2186 216 2259 ipsi
247 2193 312 2245 et
344 2184 608 2247 lectioni
638 2203 872 2248 vacans.
899 2185 1033 2247 Vita
1067 2187 1271 2247 functo

13 2260 374 2337 llaximianO,
434 2265 1113 2344 Constantinopolitano
1164 2282 1268 2344 pa·

15 2342 401 2422 l1·iarcba,qui
423 2345 713 2407 Nestorio
729 2356 1117 2418 successerat,
1148 2346 1272 2425 ipse

24 2418 145 2482 llam
189 2426 401 2486 sedem
454 2428 750 2490 obtinuit.
795 2444 861 2488 ac
931 2427 993 2487 in
1054 2428 1273 2487 throno

13 2503 215 2562 insitus
275 2514 372 2564 est
438 2508 504 2566 in
577 2505 955 2568 Hebdomada
1019 2508 1271 2584 Majori,

13 2579 137 2640 ieria
180 2585 420 2658 quinta.
472 2585 696 2646 Mirum
727 2596 949 2663 quanta
997 2603 1276 2648 mansue-

13 2661 203 2722 tudine
246 2679 394 2740 erga
445 2681 671 2726 omnes
712 2681 774 2726 se
809 2665 1094 2742 gesserit!
1144 2667 1272 2727 Tri·

13 2740 225 2813 sagium
258 2742 410 2804 illud
445 2745 719 2806 celebre:
770 2750 1041 2806 Sanctus
1086 2747 1270 2816 Deus,

13 2816 259 2904 Sanctus
299 2820 515 2898 fortis,
568 2827 842 2886 Sanctus
892 2826 1272 2896 immortalia,

13 2912 275 2961 miserere
314 2901 517 2978 bobia,
574 2904 815 2982 publice
877 2905 951 2967 ab
994 2905 1277 2966 omnibus

13 2981 225 3068 cantari
292 2986 629 3062 praecepit.
674 2983 882 3047 Sacras
924 2985 985 3047 S.
1032 2985 1278 3046 Joannis

17 3053 417 3133 etii-ysostomi
482 3067 729 3126 exuvias
790 3081 823 3126 e
872 3065 1119 3127 barbara
1173 3062 1277 3124 Co-

20 3147 327 3201 manorum
386 3147 646 3222 regione
690 3143 1273 3222 Constantinopolim

24 3217 450 3282 transferendas
522 3226 784 3285 curavit.
853 3224 1042 3300 (Vide
1104 3225 1285 3284 Su-rt‘e'

22 3287 139 3380 Vol.
187 3313 227 3368 ι,
273 3314 407 3376 pag.
444 3302 608 3379 774).
646 3303 925 3376 Demum,
969 3305 1189 3364 exactis
1219 3305 1277 3364 in

23 3384 350 3452 episcopatu
393 3385 578 3443 annis
621 3383 933 3444 duodecim
976 3399 1044 3444 ac
1090 3384 1281 3444 tribus

24 3457 343 3529 mensibuS,
391 3472 601 3523 sancto
662 3463 784 3523 fine
824 3465 1059 3542 quievit
1121 3479 1281 3525 anno

28 3526 154 3601 44ss,
196 3552 401 3600 mense
442 3542 607 3618 julii.

101 3723 171 3735 —-
202 3692 264 3754 In
308 3697 622 3764 Britannia
655 3703 868 3764 Minori
914 3704 1101 3764 sancti
1148 3702 1281 3763 MA-

35 3782 216 3859 ctoan
250 3774 736 3858 Episcopi,cujus
766 3797 977 3860 corpus
1010 3783 1286 3844 Lutetiae

37 3843 384 4013 ξὲἓιεξῖἓῖη
438 3865 762 3942 requiescit
794 3864 969 3935 (Vide
1000 3864 1282 3937 Surium,

262 4093 322 4155 S.
368 4098 768 4164 MARTINUS
816 4104 1043 4165 Annas.

68 4189 305 4260 Ineunte
330 4206 568 4270 saeculo
608 4209 971 4272 VIL—-Nat,
1023 4208 1256 4273 Gallus,

87 4324 457 4409 ,Manrxnou
491 4375 568 4386 —-
597 4342 664 4405 In
689 4344 958 4407 Vertano
985 4353 1286 4407 monaste-

52 4415 134 4463 ΠΟ
158 4421 337 4479 Sancti
363 4417 626 4484 Manum
657 4424 924 4486 Abbatis.

200 4530 507 4615 Martyrol.
554 4542 781 4603 illustr.

795 349 1320 404 MARTYROLOGHJM
1368 351 1798 398 1LLUSTRATU1

2339 335 2502 402 947*

1405 434 1492 493 Ex
1550 431 1607 493 S.
1659 433 1903 493 Martini
1964 433 2096 493 Vita
2148 439 2590 511 antiquissima.

1325 529 1478 589 quae
1543 512 1604 571 in
1676 512 2182 575 Bollandistarum
2254 517 2386 578 Vol.
2452 535 2594 581 Lvin

1329 592 1619 662 babetur,
1656 593 1969 671 sequentia
2016 592 2114 654 bic
2156 598 2590 659 exscribimus:

1417 671 1764 733 «Martinus
1811 687 1884 732 ex
1938 672 2338 735 nobilissimis
2387 693 2595 753 paren·

1327 751 1488 811 tibus
1531 750 1699 811 urbis
1723 750 2039 812 Neustriae
2065 754 2116 822 *,
2153 759 2408 817 nomine
2436 754 2592 818 Nan·

1329 834 1506 902 netiS,
1567 839 1736 892 ortus
1764 831 1893 890 fuit.
1951 832 2063 904 Qui
2108 849 2138 893 a
2184 837 2442 910 pueritia
2478 845 2596 897 tam

1326 910 1514 971 bonae
1546 909 1765 970 indolis
1793 914 2088 987 apparuit,
2121 915 2280 989 quod
2319 924 2597 992 parentes

1324 1007 1466 1050 eum
1525 992 2012 1067 praeceptoribus
2063 992 2442 1055 tradiderunt
2475 1000 2592 1057 irn-

1328 1070 1641 1130 buendum
1697 1070 1828 1145 lege
1876 1070 2104 1133 divina.
2161 1070 2224 1133 ln
2288 1074 2450 1136 brevi
2491 1092 2594 1136 au·

1330 1158 1446 1210 tem
1475 1151 1552 1210 ita
1579 1149 1830 1226 profecit
1849 1150 2009 1225 quod
2034 1159 2382 1213 coaetaneos
2404 1154 2596 1215 scien·

1328 1229 1405 1289 tia
1455 1241 1516 1290 et
1563 1230 1836 1290 moribus
1885 1232 2160 1303 excessit,
2203 1231 2440 1309 fulgens
2471 1249 2596 1295 ma-

1308 1312 1492 1371 ·xime
1541 1308 1860 1370 facundiae
1906 1307 2203 1372 claritate.
2245 1311 2487 1374 Etcum
2521 1313 2595 1376 de

1326 1390 1423 1448 die
1452 1391 1516 1449 in
1547 1388 1710 1449 diem
1742 1398 2042 1450 cresceret
2091 1391 2151 1449 in
2187 1392 2435 1466 virtute,
2468 1409 2594 1453 cor-

1328 1483 1435 1543 pus
1463 1467 1788 1543 subjiciens
1815 1469 2123 1539 servituti,
2157 1470 2257 1532 ubi
2288 1472 2409 1549 apti
2447 1480 2596 1534 tem-

1332 1548 1491 1624 poris
1540 1556 1730 1608 metas
1777 1550 1999 1624 attigit,
2040 1548 2208 1610 Felix
2255 1558 2396 1611 tunc
2437 1551 2595 1613 Nan-

1331 1626 1596 1687 netensis
1664 1629 1998 1705 episcopuS,
2061 1645 2204 1690 eum
2274 1630 2597 1693 diaconum

1329 1707 1633 1767 ordinavit
1668 1754 1682 1778 ,
1753 1709 2141 1769 committens
2223 1709 2336 1771 sibi
2421 1711 2598 1773 totius

1330 1785 1650 1865 parochiae
1699 1803 1924 1848 curam.
1957 1786 2268 1860 Quomodo
2299 1798 2503 1852 autem
2535 1791 2596 1851 in

1334 1864 1430 1926 illo
1477 1872 1633 1926 statu
1668 1876 1868 1928 sancte
1899 1870 2142 1938 vixerit,
2173 1877 2444 1947 quotque
2469 1870 2598 1930 ani-

1330 1961 1455 2006 mas
1488 1952 1608 2005 tam
1637 1945 1820 2006 verbo
1850 1962 2030 2023 quam
2061 1949 2339 2026 exemplo
2364 1948 2599 2010 Christo

1327 2041 1394 2085 ac
1442 2024 1699 2096 uisierit,
1760 2025 2004 2087 difficile
2055 2036 2208 2087 esset
2265 2029 2599 2090 ostendere.
2696 2090 2710 2097 ,

1328 2042 1514 2165 Gzfllia
1566 2105 1733 2165 enim
1781 2105 1976 2167 adbuc
2013 2122 2086 2166 ex
2120 2115 2289 2183 parte
2315 2110 2598 2187 supersti-

1332 2188 1477 2244 tioni
1517 2184 1812 2244 idolorum
1858 2186 2225 2255 intendebat.
2283 2188 2599 2264 praecipue

1329 2273 1532 2324 autem
1562 2264 1727 2325 cives
1758 2263 1925 2324 urbis
1945 2281 2097 2342 quae
2118 2266 2432 2327 dicebatur
2453 2267 2599 2327 Her·

1334 2343 1547 2404 badilla
1595 2343 1693 2403 **:
1746 2359 1901 2405 tuae
1951 2343 2092 2405 urbs
2139 2344 2434 2407 Nannetis
2463 2365 2599 2407 con·

1334 2425 1522 2499 tigna,
1568 2424 1706 2484 licet
1801 2426 2230 2486 lu'istianorum
2272 2433 2599 2489 contermi-

1335 2503 1509 2573 nalis,
1540 2502 1711 2565 nullo
1744 2513 1946 2565 tamen
1979 2505 2235 2566 foederis
2267 2516 2432 2582 pacto
2459 2508 2597 2580 jun·

1334 2583 1615 2658 gebatur.
1690 2583 2067 2645 Venerabilis
2149 2584 2343 2661 igitur
2431 2588 2595 2647 Felix

1335 2662 1673 2738 praedictus
1746 2664 2144 2725 vehementer
2213 2665 2548 2742 angebatur
2585 2715 2598 2738 ,

1333 2742 1487 2819 quod
1516 2742 1576 2802 in
1606 2749 1724 2803 tam
1753 2744 1944 2804 vicina
1969 2744 2081 2804 sibi
2119 2743 2268 2806 urbe
2301 2744 2597 2807 idolorum

1333 2820 1566 2881 cultura
1592 2822 1851 2896 vigeret.
1877 2822 2099 2884 Vocato
2123 2824 2327 2900 itaque
2348 2825 2603 2886 Martino

1333 2917 1470 2960 suo:
1519 2923 1542 2954 «ι
1572 2901 1776 2971 Vides,
1813 2903 2036 2978 inquit,
2067 2903 2601 2983 karissime,·quod

1338 2980 1557 3040 nostris
1594 2981 1790 3041 adbuc
1819 2983 2186 3059 temporibus
2217 2985 2470 3045 humani
2504 3000 2604 3061 ge-

1340 3061 1504 3120 neris
1550 3061 1734 3119 bostis
1763 3061 2115 3122 dominetur
2144 3064 2451 3140 antiquus,
2487 3063 2606 3125 Cur

1339 3155 1460 3199 non
1521 3140 1934 3201 erubescimus
1988 3143 2072 3203 sic
2117 3159 2226 3203 nos
2302 3146 2606 3220 proximas

1342 3219 1571 3296 profani
1645 3219 1840 3280 cultus
1918 3220 2189 3283 nondum
2274 3224 2604 3300 extirpasse

1338 3299 1585 3358 sordes?
1639 3298 1816 3359 Nunc
1864 3300 2052 3376 igitur
2095 3302 2244 3363 vade
2287 3304 2358 3363 ad
2393 3304 2604 3363 urbem

1342 3376 1744 3438 Herbadillam
1775 3386 1834 3439 et
1876 3379 2096 3456 populo
2127 3381 2442 3443 incredulo
2472 3399 2605 3444 ver-

1342 3457 1481 3517 bum
1516 3457 1620 3519 Dei
1671 3460 2041 3520 annuntians
2070 3477 2169 3522 eos
2212 3462 2351 3523 fidei
2386 3461 2604 3524 Christi

1344 3536 1538 3598 labora
1595 3537 1970 3614 subjicere.»
2027 3540 2344 3614 Martinus,
2391 3542 2609 3604 devote

1342 3616 1629 3677 obediens
1652 3662 1668 3690 ,
1722 3634 1957 3680 ascensa
2018 3622 2157 3682 navi
2187 3667 2203 3693 ‚
2264 3623 2335 3682 ad
2395 3621 2608 3684 urbem

1347 3697 1659 3773 pervenit3
1690 3706 1750 3758 et
1779 3699 1994 3775 populo
2021 3716 2281 3776 regnum
2305 3700 2410 3762 Dei
2441 3718 2611 3779 prae·

1344 3775 1570 3845 dicans,
1601 3779 1761 3838 vitae
1790 3788 2034 3840 eternae
2058 3780 2301 3842 delicias
2322 3781 2610 3860 erebique

1347 3863 1662 3931 perpetuas
1715 3859 1952 3919 intonat
2003 3875 2243 3936 poenas,
2278 3859 2345 3920 Et
2379 3861 2613 3923 diutius

1346 3934 1566 3996 ibidem
1588 3952 1982 4011 conversanS,
2015 3939 2411 4016 praedicando
2453 3940 2613 4002 nibil

1397 4069 1421 4096 *
1452 4069 1545 4108 Sub
1576 4069 1820 4110 Neustriae
1851 4081 2020 4111 nomen
2049 4082 2104 4112 ea
2133 4082 2245 4122 pars
2275 4073 2456 4112 Galliae
2496 4070 2613 4113 occi·

1344 4133 1552 4172 dentalis
1581 4134 1725 4178 venit,
1753 4143 1872 4182 quae
1901 4145 1926 4173 u
1947 4133 2188 4174 Britannia
2206 4132 2391 4180 Minori,
2409 4145 2435 4174 a
2458 4132 2616 4184 Ligeri

1344 4195 1511 4246 (βοὴ-ο)
1541 4197 1588 4234 et
1617 4196 1673 4234 ab
1694 4197 1876 4236 Oceano
1895 4196 2309 4238 circumscribitur.
2331 4196 2614 4245 Praecipuae

1346 4258 1593 4298 Neustriae
1622 4256 1889 4307 provinciae
1920 4261 2052 4299 erent
2085 4261 2214 4299 Paria
2243 4265 2291 4300 et
2311 4258 2541 4300 Soissons.
2561 4279 2612 4288 -

1345 4321 1597 4370 Nannetes,
1615 4322 1692 4360 vel
1713 4320 1868 4369 potius
1891 4322 2186 4366 Numnentes,
2206 4325 2280 4361 est
2298 4325 2478 4361 Nautes.

1396 4383 1449 4409 *⁸⁸¹
1479 4383 1751 4424 Her-badula
1787 4382 1970 4432 <gallice
2002 4385 2245 4432 Herbarum)
2283 4395 2374 4423 non
2413 4384 2613 4434 amplius

1345 4446 1518 4489 existit.

2351 4539 2460 4599 63*
