2993 4837
108 337 247 403 Nov.
300 339 322 400 t
455 350 539 400 nn
584 354 676 400 ss.
722 348 1026 400 caussato
1075 352 1242 399 mac.
1295 353 1369 398 nr
1415 353 1683 400 rumano
1733 354 2027 401 passaw.
2072 356 2185 401 im.
2416 340 2502 404 23

102 440 409 511 Caesarius
456 437 849 527 respondit:
886 436 1078 506 «Illa
1129 435 1342 520 salus,
1376 459 1510 506 non
1563 438 1695 506 nisi
1745 438 2025 507 exitium
2071 453 2244 509 est.»
2277 443 2598 513 Leontius

100 528 441 598 consularis
487 527 700 597 dixit:
757 550 791 592 «
822 531 896 595 Et
946 537 1168 596 tamen
1222 526 1549 597 omnibus
1589 526 1938 597 salutifera
1987 542 2110 597 est.
2153 551 2187 593 »
2238 532 2595 601 Caesarius

101 618 214 687 ait:
260 618 393 686 «Et
436 636 776 704 quaenam
827 614 945 684 illa
993 614 1183 684 salus
1230 626 1352 696 est,
1404 636 1541 703 qua
1592 615 1689 687 sic
1741 617 2084 687 intereunt
2125 617 2461 701 homineS,
2516 632 2608 689 ut·

102 708 243 775 vitae
283 719 624 795 compotes
670 725 818 774 esse
852 724 985 773 non
1036 704 1335 790 queant?

168 798 314 882 ξεί.
365 794 683 864 Leontius
732 792 1124 863 Consularis
1172 792 1376 861 dixit:
1424 815 1458 858 «
1494 798 1623 862 Fac
1670 793 1852 880 quod
1906 793 2102 874 dim,
2156 806 2220 864 et
2269 795 2587 865 sacrifica

102 883 227 963 diis,
257 884 500 970 alioqui
533 905 687 952 mox
718 881 1006 951 daturus
1058 902 1382 970 poenas.»
1424 882 1781 952 Caesarius
1814 883 2152 953 Diaconus
2189 885 2580 975 respondit:

101 995 131 1038 «
157 977 385 1043 Poenae
421 988 571 1042 tuae
601 970 774 1040 nihil
813 991 921 1039 me
952 982 1265 1039 movent:
1305 970 1419 1039 sed
1455 992 1571 1039 vos
1611 970 1730 1039 illa
1764 984 2036 1041 aeterna
2068 994 2153 1042 su
2207 973 2412 1063 plicia
2447 995 2598 1043 mo-

102 1061 333 1140 vebunt,
370 1083 545 1148 quae
592 1060 743 1130 sine
783 1059 918 1128 fine
1020 1059 1420 1127 ersentietis.
1460 1082 1495 1125 »
1546 1061 1867 1128 Leontius
1927 1065 2149 1131 Consu
2182 1062 2321 1131 aris
2369 1063 2586 1132 dixit:

102 1154 370 1221 «Eamus
417 1171 636 1238 usque
667 1147 750 1218 ad
802 1081 1135 1237 Apollinis
1166 1147 1711 1219 sacratissimum
1757 1149 2163 1240 templum.»
2202 1156 2456 1221 Ductus
2494 1162 2598 1220 est

104 1251 289 1307 autem
333 1239 685 1309 Caesarius
720 1236 1012 1317 vinctus,
1048 1248 1115 1305 et
1144 1235 1421 1322 quidem
1478 1236 1709 1306 nudus
1736 1252 1891 1307 ante
1939 1252 2342 1328 carpentum
2380 1244 2594 1309 Leon-

106 1327 185 1395 tii.
229 1332 514 1415 Cumque
577 1325 833 1416 templo
900 1325 1529 1415 appropinquaret,
1594 1325 1662 1394 in
1735 1326 1959 1395 medio
2026 1327 2319 1396 militum
2371 1328 2589 1398 dixit:

105 1440 136 1479 ε
162 1419 306 1485 Dens
342 1431 530 1506 pater
578 1413 848 1484 Domini
886 1414 1096 1482 nostri
1121 1414 1296 1482 Jesu
1329 1413 1600 1495 Christi,
1638 1415 1754 1500 qui
1791 1437 1863 1484 es
1913 1417 1980 1484 in
2032 1430 2423 1497 aeternum;
2470 1416 2596 1487 tibi

107 1504 295 1573 omnia
324 1506 594 1594 cognita
643 1516 844 1573 sunt:
886 1503 1024 1572 noli
1068 1524 1175 1571 me
1208 1502 1704 1659 derelinguerffi
1760 1504 1872 1573 sed
1916 1507 2174 1595 respice
2215 1506 2280 1574 in
2322 1526 2594 1575 servum

109 1605 268 1662 tunm
307 1605 684 1683 sperantem
737 1592 807 1660 in
862 1604 1011 1661 te.»
1061 1596 1199 1661 Hoc
1258 1614 1416 1660 cum
1521 1592 1780 1673 ixisset,
1838 1592 2065 1663 subito
2120 1594 2377 1664 corruit
2427 1609 2599 1664 tem-

105 1680 302 1769 plum,
347 1694 409 1752 et
456 1681 852 1772 pontificem
927 1681 1309 1749 Firminum
1367 1682 1729 1771 oppressit.
1783 1686 1952 1751 Tum
2007 1705 2160 1752 vero
2222 1705 2595 1753 accurrens

108 1772 399 1841 Luxurius
440 1771 716 1861 primus
762 1769 1076 1850 civitatis,
1110 1768 1481 1849 «Audione‚
1524 1769 1767 1856 inquit,
1805 1771 2196 1841 Consularis
2249 1771 2594 1862 perfidum

112 1859 263 1927 bunc
305 1860 689 1929 Caesarium
743 1858 1004 1949 magica
1043 1858 1353 1926 carmina
1407 1861 2285 1948 promentem?»Leoiitius
2334 1866 2597 1932 Consu·

110 1945 245 2017 laris
284 1949 666 2040 respondit:
724 1952 864 2015 «Et
912 1968 1036 2015 nos
1096 1946 1160 2015 id
1215 1947 1501 2025 scimus;
1541 1969 1577 2012 »
1629 1967 1999 2034 versusque
2064 1949 2147 2018 ad
2201 1950 2595 2019 Caesarium
2704 1983 2719 2000 ·

114 2036 473 2107 Diaconum:
528 2062 565 2103 «
599 2036 840 2118 Hodie,
895 2035 1141 2122 inquit,
1189 2035 1256 2103 in
1295 2049 1355 2104 te
1402 2034 1792 2105 exardescet
1832 2035 1932 2105 ira
1984 2059 2203 2107 mea.»
2241 2037 2599 2107 Caesarius

118 2124 399 2197 Dimonus
428 2127 557 2196 ait:
600 2148 637 2191 «
673 2130 810 2224 Ego
862 2146 1014 2193 vero
1050 2145 1268 2210 neque
1303 2138 1387 2203 te,
1431 2145 1651 2211 neque
1686 2124 2064 2214 principem
2119 2140 2311 2196 tuum
2366 2129 2594 2195 timeo.

124 2214 191 2281 ui
216 2216 370 2284 enirn
405 2215 672 2296 dixisti,
726 2237 827 2307 ira
866 2226 979 2283 tua
1016 2212 1216 2282 hodie
1245 2212 1660 2293 exardescet,
1697 2226 1763 2282 et
1809 2236 1961 2283 cras
1995 2228 2371 2295 evanescet:
2407 2237 2597 2283 cum-

132 2316 233 2387 que
262 2306 481 2374 mortui
522 2304 821 2384 fueritis,
877 2302 1046 2370 nihil
1087 2302 1376 2372 ulterius
1409 2302 1672 2370 eritis.»
1724 2302 2125 2372 Exclamans
2185 2315 2409 2372 autem
2473 2307 2600 2372 Lu-

136 2389 333 2473 mnus,
377 2393 585 2464 dixit:
648 2415 684 2459 «
717 2391 926 2463 Audis
959 2391 1145 2461 hunc
1175 2391 1240 2459 in
1284 2390 1674 2482 principum
1727 2391 2050 2479 injuriam
2087 2392 2287 2461 verba
2329 2393 2602 2483 jactan-

139 2487 260 2560 tem.
293 2493 346 2550 et
373 2483 604 2553 adhuc
659 2503 886 2551 cessas
917 2502 1072 2550 eum
1128 2479 1360 2550 tollere
1391 2501 1427 2548 e
1478 2480 1743 2549 medio?
1779 2507 1805 2545 ι
1844 2483 2157 2551 Leontius
2206 2480 2602 2551 Consularis

134 2569 438 2655 Wadit:
496 2596 532 2638 «
570 2577 657 2640 Et
701 2591 999 2655 quanam
1056 2590 1271 2658 poena
1323 2568 1765 2638 mulctandus
1797 2575 1946 2639 est?
1977 2593 2011 2636 »
2063 2572 2404 2640 Luxurius
2453 2569 2596 2639 ait:

131 2657 540 2731 essonvoeetur
602 2660 926 2728 universa
995 2658 1234 2728 civitas
1292 2656 1374 2726 ad
1429 2656 1809 2748 templum,
1868 2660 1986 2728 ubi
2048 2681 2242 2729 suam
2299 2659 2596 2750 magiam

120 2747 445 2818 exercuit.»
492 2749 571 2818 ld
632 2769 791 2817 cum
831 2747 1083 2817 sactum
1134 2760 1333 2827 esset,
1389 2747 1605 2833 ejecto
1653 2747 1938 2816 Firmini
1999 2749 2342 2834 pontificis
2394 2747 2601 2817 cada-

122 2849 263 2915 me,
306 2835 387 2906 ita
432 2838 515 2907 ad
568 2835 909 2926 populum
976 2835 1245 2904 locutus
1290 2848 1392 2903 est
1439 2837 1822 2904 Luxurius:
1878 2861 1910 2902 «
1945 2836 2194 2907 Videtis
2261 2836 2599 2927 perfidum

128 2916 427 3020 irminam,
459 2927 588 3014 qui
649 2947 770 2993 nec
818 2925 979 2994 deos
1010 2925 1223 3004 timet,
1272 2945 1392 2993 nec
1430 2924 1853 3014 principem:
1908 2926 2025 3011 qui
2069 2926 2458 3016 pontificem
2492 2946 2604 2994 ex-

126 3010 297 3092 unxit,
336 3027 395 3083 et
428 3013 1027 3084 incantationibus
1076 3013 1221 3081 suis
1256 3013 1685 3100 antiquitatis
1718 3013 1953 3082 evertit
2004 3013 2388 3104 templum?
2422 3037 2457 3080 »

160 3099 319 3186 5⁵.
366 3105 783 3173 Exclamans
831 3114 1054 3171 autem
1094 3102 1449 3172 Caesarius
1504 3102 1864 3183 Diaconu5‚
1911 3103 2047 3171 ait:
2087 3127 2119 3168 «
2152 3110 2456 3191 Aequum
2522 3123 2605 3170 ne

110 3193 211 3268 est;
242 3187 490 3272 fratres,
537 3191 894 3260 hominem
934 3191 1160 3280 potius
1202 3189 1460 3273 timere,
1501 3211 1707 3277 quam
1766 3211 1989 3259 rerum
2043 3193 2354 3261 omnium
2413 3213 2606 3281 prae·

110 3287 398 3363 potentem
448 3286 699 3360 Deum,
753 3278 1196 3367 humanoque
1244 3279 1582 3369 sanguine
1636 3291 1923 3348 vestram
1987 3280 2247 3370 expiari
2307 3278 2611 3349 urbem?

108 3363 402 3438 admoneo
450 3369 672 3471 igitur
722 3390 859 3448 νοε,
910 3381 986 3437 ut
1032 3367 1252 3459 agatis
1296 3367 1776 3459 poenitentiam
1819 3368 1907 3437 ob
1936 3369 2230 3438 effusum
2278 3369 2608 3437 innocen·

109 3465 231 3524 tum
266 3478 677 3548 sanguinem
712 3511 727 3537 ,
780 3456 1209 3545 credatisque
1255 3457 1326 3526 in
1389 3457 1730 3526 Christum
1798 3457 2019 3525 filium
2087 3458 2239 3538 Dei,
2308 3476 2609 3543 eumque

106 3541 454 3616 timeatis.»
506 3545 929 3616 Exclamavit
991 3547 1219 3615 omnis
1270 3546 1606 3635 populus:
1661 3568 1696 3611 «
1734 3550 1961 3616 Bonus
2013 3546 2216 3614 homo
2269 3546 2456 3631 justa
2513 3545 2610 3612 lo-

105 3630 324 3715 quitur.
356 3658 390 3701 »
423 3641 599 3705 Tum
642 3655 803 3703 vero
851 3636 1191 3704 Luxurius
1230 3657 1385 3703 eum
1437 3656 1473 3702 e
1524 3633 1780 3724 populo
1826 3634 2189 3715 eductum,
2246 3655 2487 3704 rursus
2535 3633 2607 3702 in

104 3738 403 3792 carcerem
457 3723 780 3812 conjecit,
833 3723 949 3791 nbi
1000 3723 1128 3792 fuit
1178 3745 1438 3793 annum
1509 3723 1847 3812 integrum
1902 3736 1967 3792 et
2001 3745 2304 3792 mensem
2358 3745 2603 3792 unum.

110 3807 321 3906 Deinde
347 3812 564 3901 jussit
611 3814 955 3882 Luxurius
999 3834 1158 3881 eum
1194 3833 1526 3881 ecarcere
1575 3813 1885 3902 produci,
1928 3811 2274 3898 missaque
2299 3812 2382 3880 ad
2414 3816 2616 3881 Leon-

110 3909 247 3967 tium
285 3899 649 3991 legatione,
710 3900 1109 3989 perquisivit
1136 3923 1215 3969 ex
1263 3922 1366 3981 e0,
1401 3922 1539 3986 quo
1589 3913 1782 3990 pacto
1812 3923 1967 3970 eum
2022 3900 2408 3970 necandum
2444 3922 2606 3970 cen-

108 3998 273 4056 seret.
305 3990 563 4060 Prodiit
597 4001 822 4058 autem
865 4012 903 4059 e
941 3990 1251 4059 custodia
1301 3990 1541 4059 beatus
1591 3990 1971 4071 CaesariuS,
2011 3990 2227 4058 macie
2261 3988 2614 4060 confectus

109 4084 162 4172 et
196 4077 435 4155 nudus.
474 4077 601 4148 sed
634 4077 907 4169 capillis
941 4079 1088 4148 suis
1137 4091 1374 4149 tectus.
1413 4076 1712 4168 Angelus
1744 4079 1926 4147 enim
1985 4078 2249 4147 Domini
2301 4092 2496 4147 nocte
2533 4098 2615 4146 ac

109 4159 855 4262 dieeustodiebateum.
909 4167 1399 4254 Adductusque
1434 4168 1500 4234 in
1556 4166 1860 4235 medium
1911 4166 2161 4247 forum,
2209 4168 2304 4236 ait
2349 4167 2431 4235 ad
2489 4166 2617 4234 mi·

115 4248 253 4334 lites,
299 4257 418 4342 qui
464 4276 631 4325 eum
680 4255 936 4325 catenis
966 4257 1270 4326 vinctum
1315 4258 1676 4325 tenebant:
1718 4260 2061 4337 «Quaeso,
2097 4277 2472 4345 parumper
2506 4275 2617 4322 me

116 4337 384 4425 relaxate,
437 4357 517 4414 ut
623 4343 825 4413 ratias
871 4367 1068 4436 agam
1110 4345 1397 4413 Domino
1446 4357 1598 4413 meo
1645 4349 1810 4413 Jesu
1859 4344 2146 4425 CliristO,
2186 4344 2305 4431 qui
2355 4366 2460 4410 me
2512 4342 2615 4410 di·

118 4444 323 4514 gnatus
357 4447 461 4505 est
500 4367 883 4523 agiungere
935 4434 1151 4506 servis
1213 4433 1396 4512 suis;
1445 4454 1481 4498 »
1536 4454 1824 4520 moxque
1876 4432 2072 4502 humi
2122 4455 2192 4501 se
2252 4432 2719 4545 abjiciensu„
