2993 4837
41 315 168 384 NOV.
208 319 244 383 4
787 339 865 384 ns
910 338 968 384 s.
1022 336 1262 385 canoto
1311 335 1646 385 soaaouso
2280 324 2406 387 253

41 442 85 488 aa
112 442 194 488 res
227 419 519 502 faciebat,
562 434 642 490 ut
675 422 742 490 in
778 421 1145 492 dioecesim
1183 421 1759 491 Mediolanensem
1803 422 2128 492 ordinum
2175 424 2498 513 praefecti

41 508 210 591 bonoS,
241 523 563 596 quantum
600 510 746 580 fieri
788 524 1037 601 posset,
1085 511 1454 580 mittendos
1485 524 1833 592 curarent;
1865 511 2316 581 observarunt
2348 514 2496 600 qui·

41 596 164 677 iam,
208 597 500 668 Carolum
534 653 551 678 ,
605 621 762 669 cum
814 599 1154 690 regularis
1192 599 1459 670 ordinis
1508 601 1858 690 quispiam
1919 601 1985 669 in
2032 600 2141 670 via
2189 602 2323 689 ipsi
2377 601 2497 670 ho-

41 705 204 755 torem
248 687 587 767 tribueret,
628 689 682 758 si
718 689 1038 758 comitem
1088 687 1391 767 videret,
1438 702 1518 758 ut
1569 688 1983 779 disciplinae
2030 691 2496 759 coenobiticae

42 770 163 859 kges
186 774 416 856 ferunt,
452 790 520 846 et
550 777 951 847 benedicere
986 798 1199 847 manu
1246 777 1526 848 wsolitum
1570 777 1806 859 fuisse,
1859 791 1924 846 et
1962 778 2165 847 etiam
2208 779 2495 869 paulum

41 862 259 955 »flendo
280 864 502 955 galero
537 866 822 937 honoris
849 865 1422 955 significationem
1450 866 1657 936 dare:
1694 888 1929 936 verum
1968 866 2026 937 si
2068 867 2259 938 solus
2292 880 2491 948 esset,

42 962 45 967 '
118 954 399 1035 eteriisse,
439 956 642 1042 quasi
677 954 949 1023 nullum
984 953 1310 1036 vidisset;
1364 955 1473 1024 vix
1521 977 1767 1026 caussa
1803 956 2229 1025 necessitatis
2277 956 2497 1026 addu-

82 1039 259 1123 batur,
307 1057 379 1112 ut
422 1066 539 1114 eos
588 1043 675 1113 ad
717 1044 1078 1134 parochias
1135 1066 1298 1113 suas
1345 1044 1836 1114 custodiendas
1890 1045 2328 1126 admitteret;
2383 1067 2493 1113 ve-

115 1143 240 1199 atur
285 1133 463 1202 enim
498 1188 513 1215 ,
573 1155 735 1203 cum
785 1132 1176 1202 animarum
1235 1132 1637 1203 charitatem
1690 1144 2118 1223 perspectam
2170 1156 2308 1203 non
2370 1134 2492 1203 ha·

90 1232 181 1299 ret,
225 1233 292 1290 ut
334 1221 487 1290 aliis
536 1221 867 1291 curandis
913 1233 1093 1290 esset
1137 1221 1452 1302 idoneuS,
1506 1222 1628 1309 qui
1667 1244 1739 1291 se
1776 1223 2004 1312 ipsum
2059 1222 2150 1292 ita
2186 1244 2319 1292 non
2370 1246 2490 1291 cu·

144 1309 261 1389 iret,
307 1322 381 1379 ut
426 1311 858 1400 assignatum
908 1309 1242 1379 divinitus
1290 1309 1519 1379 locum
1567 1324 1792 1400 posset
1827 1323 2078 1380 tenere.
2120 1317 2489 1381 Parvorum
2543 1390 2556 1405 ι

44 1398 459 1480 henobiorum,
499 1420 682 1486 quae
722 1399 787 1466 in
835 1398 999 1468 vicis
1036 1412 1220 1479 sunt,
1259 1398 1376 1468 ubi
1415 1399 1662 1490 exigua
1698 1399 1799 1468 vel
1838 1399 2030 1469 nulla
2066 1401 2291 1490 vigere
2325 1401 2495 1470 solet

46 1476 363 1575 fiumina,
425 1502 668 1558 contra
727 1509 884 1557 vero
949 1487 1155 1556 datur
1200 1487 1648 1574 delinquendi
1715 1488 1954 1569 locuS,
2010 1490 2099 1558 ita
2160 1491 2492 1559 rationem

48 1572 206 1657 {uberi
238 1577 571 1662 cupiebat,
610 1588 689 1645 ut
719 1590 783 1645 et
813 1575 1041 1645 ordini
1075 1577 1576 1659 consuleretur,
1629 1590 1695 1647 et
1741 1578 2019 1668 populis
2054 1601 2068 1657 ;
2121 1600 2254 1666 qua
2292 1577 2375 1646 de
2424 1600 2496 1646 re

48 1676 141 1763 pm
182 1665 481 1735 Pontifice
545 1664 869 1753 Gregorio
933 1686 1065 1734 non
1137 1664 1354 1734 multo
1402 1678 1559 1734 ante
1626 1680 1912 1735 mortem
1976 1689 2136 1737 cum
2189 1668 2485 1759 egisset,

48 1762 139 1911 Εἰ
163 1752 342 1839 jussu
389 1754 754 1824 Praefectis
800 1754 1127 1823 omnibus
1175 1754 1430 1824 vocatis
1458 1808 1477 1834 ,
1537 1756 1888 1824 numerari
1937 1757 2264 1826 coenobia
2297 1777 2495 1824 cura-

52 1914 65 1927 Ϊ
145 1853 180 1920 ι,
222 1843 388 1911 etad
424 1865 497 1913 se
532 1842 795 1923 referri,
851 1864 1055 1929 quem
1109 1864 1475 1913 numerum
1531 1843 1797 1923 soleret,
1849 1865 2085 1914 eorum
2139 1845 2496 1914 coenobio-

189 1932 488 2019 quodque
535 1932 935 2011 continere,
988 1930 1073 2000 ad
1124 1930 1261 2000 alia
1325 1953 1871 2022 progressurus,
1927 1932 1988 2000 si
2043 1934 2176 2002 vita
2228 1933 2498 2023 longior

124 2017 367 2107 tigisset.
420 2021 657 2111 Ipsam
709 2020 1070 2089 hominum
1110 2024 1240 2089 Deo
1272 2020 1547 2111 penitus
1581 2020 2011 2090 addictorum
2042 2021 2377 2111 regulam,
2416 2044 2495 2090 ac

106 2115 215 2174 tum
272 2111 431 2178 tanti
485 2109 693 2190 fecit,
749 2122 824 2179 ut
870 2108 1455 2195 quemadmodum
1515 2110 1751 2178 animo
1801 2108 2149 2198 praeclare
2196 2109 2490 2187 fecerat,

119 2196 379 2278 quotidie
426 2198 736 2269 studeret
782 2198 1113 2267 institutis
1162 2197 1558 2268 domesticis
1591 2198 1896 2277 imitari;
1949 2198 2186 2267 eadem
2221 2221 2380 2267 cum
2424 2199 2493 2267 in

110 2279 154 2349 le
194 2285 248 2353 ia
274 2286 676 2357 clericorum
731 2305 1015 2357 suorum
1066 2285 1443 2367 induceret,
1499 2286 1703 2356 fiebat
1751 2306 2272 2376 saepenumerO,
2314 2300 2387 2355 ut
2418 2309 2498 2356 ex

126 2391 153 2438 a
242 2377 696 2448 coenobiticos
764 2374 1041 2446 ordines
1110 2375 1327 2463 aliqui
1394 2375 1686 2445 transire
1734 2374 2022 2458 vellent;
2094 2375 2274 2464 quod
2330 2375 2492 2456 ille,

100 2481 147 2527 m
187 2463 549 2535 vehementi
603 2464 1026 2554 regularium
1079 2465 1390 2554 ipsorum
1439 2464 1944 2544 cohortatione,
1997 2465 2095 2535 vel
2151 2465 2331 2553 quod
2384 2487 2500 2534 eos

113 2549 319 2622 erioris
338 2554 753 2644 disciplinae
793 2553 1110 2638 taederet,
1143 2555 1419 2623 evenire
1444 2575 1646 2643 saepe
1674 2555 2164 2645 suspicaretur,
2201 2577 2500 2641 cumque

178 2639 416 2712 sitatem
491 2643 827 2713 ecclesiae
891 2663 1057 2712 suae
1115 2642 1422 2729 quotidie
1485 2665 1595 2712 ma
1651 2644 1709 2712 is
1783 2646 2241 2734 perspiceret,
2306 2646 2500 2734 prius

90 2741 93 2742 ’
155 2748 203 2793 m
246 2730 685 2816 voluntate-m,
739 2729 1249 2819 consiliumque
1295 2732 1416 2801 diu
1447 2754 1612 2801 cura
1666 2746 1757 2816 at,
1812 2755 1891 2802 ac
1940 2734 2307 2824 diligenter
2344 2756 2501 2802 exa-

140 2816 252 2896 ari,
299 2841 507 2907 quam
561 2842 640 2889 ea
680 2820 765 2889 de
814 2842 883 2889 re
931 2822 1387 2900 consentirem
1439 2819 1607 2908 quin
1660 2822 1912 2901 etiam,
1968 2822 2346 2912 Apostolica
2403 2823 2503 2890 in·

142 2905 279 2975 osita
322 2910 751 2989 auctoritate,
809 2908 1149 2998 providit,
1205 2931 1289 2978 ne
1338 2907 1423 2977 ad
1486 2930 1723 2978 eorum
1783 2910 2091 2979 ordinem
2125 2965 2145 2992 ‚
2201 2933 2501 2999 quorum

145 2995 326 3089 ,ostica
370 3020 584 3089 opera
635 2998 1052 3087 regebantur
1086 3052 1101 3078 ,
1154 3011 1217 3066 et
1267 2997 1510 3067 litteris
1555 2997 2092 3079 erudiebantur,
2148 3001 2499 3069 seminarii

161 3082 233 3151 cis
271 3086 495 3158 aditus
550 3099 828 3178 pateret,
869 3081 1003 3155 nisi
1038 3086 1499 3174 quadriennio
1545 3100 1775 3156 essent
1821 3100 2008 3156 extra
2048 3089 2497 3157 seminarium

44 3231 47 3232 f
122 3171 249 3266 tati3
294 3190 595 3247 ceterum
649 3176 702 3244 si
755 3174 989 3244 divino
1037 3175 1285 3267 spiritu
1335 3198 1488 3245 vere
1527 3177 1635 3276 agi
1685 3196 1890 3262 quem
1943 3175 2247 3254 viderat,
2301 3176 2501 3245 facile

46 3321 53 3324 .
99 3260 249 3352 .¹⁵i²·
294 3278 355 3333 et
400 3266 483 3335 ad
544 3263 1042 3355 perficiendum
1082 3265 1304 3354 juvit;
1373 3265 1430 3333 si
1493 3285 1652 3350 quis
1699 3264 1904 3332 etiam
1939 3317 1955 3343 ,
2013 3263 2309 3363 regulari
2363 3263 2502 3331 vita.

112 3350 330 3420 us·sibi
378 3353 755 3444 proposita,
798 3366 1057 3422 mutato
1086 3353 1335 3422 deinde
1368 3352 1680 3432 consilio,
1719 3351 1903 3440 quod
1935 3365 2179 3431 evenit,
2219 3352 2500 3440 saepius
2545 3435 2550 3446 ⁸

111 3429 175 3501 let
213 3441 506 3511 animum
560 3442 643 3511 ad
695 3443 844 3532 ejus
893 3440 1374 3529 disciplinam,
1430 3441 1912 3510 Oblatorumve
1961 3439 2270 3530 regulam
2323 3440 2500 3526 adji-

164 3577 176 3601 ‚
223 3528 351 3630 nisi·
388 3531 538 3613 illi,
593 3531 863 3617 sibique
893 3584 908 3612 ,
968 3529 1327 3621 Theologis
1374 3528 1749 3611 consultis,
1803 3528 2110 3599 studiose
2158 3528 2492 3610 cavisset,

102 3629 133 3677 n
160 3631 404 3705 recepit.

92 3697 270 3779 §st
318 3711 579 3777 Poterat
625 3729 777 3777 vere
829 3707 914 3777 de
962 3707 1304 3798 religiosis
1346 3706 1509 3775 viris
1555 3729 1717 3777 cum
1770 3708 2055 3777 Domino
2104 3707 2365 3775 dicere:
2427 3705 2498 3774 hi

133 3789 392 3865 tsi-atres
432 3796 595 3874 mei;
650 3817 807 3864 nam
849 3818 1008 3885 erga
1052 3796 1295 3886 propin
1349 3817 1478 3867 uos
1528 3796 1618 3865 ita
1654 3817 1725 3865 se
1775 3796 2038 3877 habuit,
2094 3808 2171 3865 ut
2224 3817 2339 3864 eos
2383 3816 2501 3884 po-

154 3878 263 3949 sibi
287 3883 640 3966 cavendoe,
674 3906 884 3972 quam
917 3885 1299 3975 amplecten
1356 3907 1431 3954 os
1472 3885 1789 3955 statuisse
1821 3885 2184 3954 videretur.
2209 3885 2503 3954 Tametsi

106 3972 203 4033 tem
233 3968 345 4052 illi,
375 3985 799 4064 quantopere
835 3996 915 4043 ex
947 3987 1130 4044 tanto
1161 3974 1305 4043 viro
1338 3986 1782 4065 augerentur,
1829 3974 1993 4043 satis
2027 3984 2499 4062 agnoscerent,

161 4065 178 4121 ι
218 4057 413 4147 aliqui
462 4075 687 4131 tamen
724 4063 844 4150 qui
891 4063 1093 4133 talem
1132 4063 1200 4130 in
1252 4083 1331 4132 eo
1380 4085 1662 4133 suorum
1705 4061 1905 4148 quasi
1954 4061 2500 4149 despicientiam,

127 4159 253 4214 sunt
294 4148 574 4220 humani
637 4172 906 4230 sensuS,
964 4174 1166 4242 aegre
1213 4153 1631 4239 quandoque
1699 4150 1994 4229 ferrent,
2052 4148 2508 4238 nonnihilque

118 4235 505 4332 ‚st-ularent:
578 4246 1011 4309 Borromeam
1088 4253 1356 4330 gentem
1417 4263 1498 4310 ex
1544 4262 1622 4309 eo
1704 4258 2017 4328 sperasse
2088 4257 2358 4325 semper
2405 4240 2508 4308 di-

92 4327 255 4391 itatis
295 4328 907 4418 amplitudinisque
939 4329 1428 4410 accessionem
1459 4344 1528 4400 at
1573 4339 1811 4396 contra
1851 4345 2135 4423 prorsus
2169 4326 2502 4406 accidere,

118 4422 271 4492 ¹⁰9³,
317 4437 483 4502 quae
533 4417 770 4487 adhuc
818 4431 1144 4498 tenuerat,
1198 4418 1349 4506 ejus
1388 4420 1657 4496 caussa,
1714 4417 1944 4504 potius
1992 4423 2351 4482 amitteret.
2393 4417 2515 4486 Ille
