2993 4837
61 307 215 371 NOV.
270 309 346 371 27
2358 307 2485 371 689

446 527 526 625 S.
580 526 961 627 mlxiii}
1037 526 1184 625 ΕΡ.
1246 488 1856 626 afllifflfflvsis
1924 527 2158 627 νιΤΑ

824 777 1106 826 AUCTORE
1154 778 1419 826 nmAuto
1469 777 1778 836 minucio,
1995 771 2034 808 0

298 888 406 943 QUI
457 887 583 932 EAM
632 885 883 932 mammo
932 883 1212 931 mosomi
1278 885 1461 931 Unms
1531 885 1841 932 Amisum
1889 885 2310 942 NUNCUPAvtT,

508 992 845 1040 mortorum
891 991 1193 1038 Noxmfflt
1264 990 1572 1038 conassxt‘r
1621 993 1807 1038 Lana.
1863 992 2109 1039 sumus.

668 1189 909 1243 Seculo
954 1189 1015 1241 V
1056 1189 1308 1244 claruit
1362 1221 1424 1228 --—
1470 1191 1629 1245 Nat.
1677 1191 1949 1246 Gallus,

112 1382 277 1478 51.
332 1383 714 1456 Beatissimi
768 1386 1039 1454 Maximi
1087 1386 1119 1420 ⁴*
1176 1385 1583 1477 Rhegiensis
1627 1384 1695 1418 *¹*
1746 1384 1938 1454 urbis
1998 1384 2328 1454 antistitis
2377 1383 2584 1454 hodie

69 1467 188 1537 dies
232 1486 508 1541 sanctae
542 1473 993 1543 solemnitatis
1026 1475 1296 1556 colitur,
1349 1475 1470 1562 qui
1518 1473 1889 1560 quotannis
1940 1472 2262 1542 redivivis
2324 1487 2587 1562 tempo—

67 1577 194 1627 rum
240 1561 609 1631 curriculis
666 1575 1068 1632 renovatur:
1121 1565 1322 1654 cujus
1363 1586 1485 1633 nos
1528 1584 1634 1632 res
1666 1573 1889 1651 gestas
1938 1561 2235 1650 pandere
2271 1562 2385 1662 pia
2434 1562 2587 1631 ani—

70 1650 141 1713 mi
180 1648 436 1719 devotio
486 1650 831 1730 admonet,
885 1664 949 1721 et
1001 1653 1222 1753 prisca
1270 1650 1698 1722 consuetudo
1768 1672 1917 1720 com
1974 1649 2140 1719 ellit.
2211 1651 2351 1720 N1si
2401 1651 2583 1719 enim

69 1755 151 1813 ea,
198 1759 367 1824 quae
418 1740 786 1829 perspicua
824 1753 889 1810 et
926 1743 1209 1810 minime
1256 1739 1807 1810 dubia·aliorum
1854 1760 1921 1808 re
1952 1740 2178 1808 atione
2239 1751 2590 1829 comperta

70 1840 223 1905 sunt,
277 1827 656 1897 litterarum
704 1830 1142 1900 monimentis
1181 1830 1696 1920 consignentur,
1736 1849 1912 1913 quae
1960 1827 2340 1914 antiquitus
2396 1841 2590 1918 gesta

71 1926 226 1994 sunt,
277 1916 752 2005 plerumquea
792 1919 985 1988 novis
1025 1919 1423 1989 auctoribus
1465 1917 1646 1986 varie
1674 1916 2085 1986 referuntur.
2122 1922 2289 1986 Nam
2320 1929 2396 1986 ut
2446 1939 2591 2006 my-

73 2002 250 2072 sticae
305 2005 600 2074 actionis
662 2007 811 2095 ejus
863 2007 1164 2097 insignia
1218 2008 1384 2077 nihil
1438 2006 1736 2075 habeant
1789 2005 2223 2095 ambiguum,
2279 2005 2592 2092 nihilque

75 2092 240 2162 exiis
272 2094 579 2183 vulgaris
615 2096 899 2164 assertio
940 2095 1336 2166 fabulosum
1391 2094 1663 2175 efficiat,
1703 2107 1822 2163 aut
1871 2093 1956 2162 de
2004 2094 2299 2163 vanitate
2347 2116 2585 2184 suspe-

80 2190 268 2247 ctum:
319 2205 501 2270 quae
549 2182 635 2251 ab
685 2183 802 2253 illo
835 2184 1013 2253 sacta
1074 2199 1234 2254 sunt
1281 2198 1345 2255 et
1399 2183 1874 2273 comprobata,
1928 2182 2228 2252 veridico
2277 2203 2592 2252 sermone

87 2271 389 2340 narranda
429 2283 616 2340 sunt.
670 2277 761 2341 Ex
809 2274 1065 2359 quibus
1100 2275 1270 2362 ipsis
1313 2285 1564 2353 tamen,
1607 2294 1692 2340 ne
1729 2271 2024 2340 auditori
2063 2271 2278 2340 nimia
2316 2270 2590 2360 prolixi-

87 2363 167 2423 tas
191 2359 450 2430 afferret
499 2359 879 2443 fastidium,
923 2362 1264 2452 permulta
1315 2361 1740 2443 reticuimus,
1780 2360 2265 2430 annotavimus
2355 2382 2551 2430 auca.

151 2446 298 2531 §2
349 2455 599 2520 Beatus
633 2452 969 2521 Maximus
1018 2453 1086 2520 in
1140 2452 1286 2520 vico
1338 2451 1637 2541 proprio,
1673 2450 1784 2518 cui
1840 2455 2202 2519 Decomeco
2241 2449 2311 2485 *²*
2393 2472 2593 2519 voca·

80 2529 287 2604 bulum
319 2552 445 2617 est,
483 2537 657 2606 vitae
688 2541 986 2641 sumpsit
1023 2540 1404 2619 exordium,
1458 2539 1863 2608 Christianis
1908 2539 2308 2628 parentibus
2341 2538 2590 2612 editus.

78 2622 359 2721 etOfactus
394 2625 582 2696 illico
618 2628 1067 2698 Christianus
1124 2629 1216 2697 Ab
1253 2629 1424 2718 ipsis
1465 2649 1620 2696 vero
1655 2626 1982 2696 infantiae
2019 2627 2430 2697 rudimentis
2479 2650 2597 2697 su-

79 2707 244 2781 blimi
294 2737 571 2804 semper
611 2715 995 2786 humilitate
1044 2739 1382 2799 crescens,
1422 2717 1516 2785 ita
1573 2728 1838 2787 teneros
1888 2718 2126 2785 aetatis
2182 2738 2403 2785 annos
2454 2738 2593 2784 mo-

76 2817 205 2897 rum
242 2804 633 2874 maturitate
664 2806 1042 2894 castigavit,
1084 2819 1156 2875 ut
1189 2806 1669 2896 proprietatem
1706 2805 2007 2874 nominis
2039 2806 2149 2876 sui
2180 2806 2400 2895 gratia
2435 2826 2592 2873 san·

76 2891 297 2962 etitatis
334 2893 473 2962 sibi
520 2892 915 2963 vindicaret.
971 2899 1333 2981 Postquam
1385 2906 1612 2963 autem
1663 2894 1951 2963 excessit
1997 2914 2077 2963 ex
2127 2894 2436 2983 ephebis,
2492 2894 2599 2963 lu-

77 2979 285 3048 xuriae
353 2981 714 3050 illecebras
774 2994 839 3052 et
885 2982 1361 3053 blandimenta
1425 2983 1645 3051 animi
1717 2983 2111 3071 magisterio
2180 2996 2244 3053 et
2303 3005 2600 3054 censura

78 3065 432 3151 edomabat,
491 3082 567 3139 ut
607 3069 1097 3160 pollicitatione
1167 3072 1601 3162 virginitatis,
1657 3071 1958 3159 palmam
2013 3072 2450 3163 incorruptae
2499 3072 2602 3141 in-

80 3157 381 3253 tegritatis
428 3159 789 3242 obtineret,
842 3174 907 3229 et
956 3161 1025 3229 in
1064 3162 1294 3249 regnis
1335 3161 1747 3230 coelestibus
1794 3182 1830 3228 e
1886 3182 2092 3229 carne
2156 3162 2288 3231 sub
2345 3163 2595 3252 jugum

77 3259 266 3314 missa
312 3247 794 3337 triumpharet.
850 3250 1002 3318 Fuit
1035 3249 1369 3319 nimirum
1422 3250 1762 3318 bonorum
1812 3249 2125 3318 omnium
2175 3249 2598 3319 ornamentis

81 3333 428 3416 praeditus,
472 3350 708 3423 estque
741 3338 980 3407 merito
1016 3337 1218 3407 laude
1244 3361 1322 3407 ac
1358 3337 1864 3427 praedicatione
1902 3338 2313 3408 efferendus:
2345 3340 2601 3428 quippe

84 3420 255 3491 vultu
300 3424 734 3506 venerabilia,
798 3425 1093 3496 blandus
1141 3428 1496 3516 adspectu,
1565 3448 1681 3495 ore
1732 3426 2081 3515 placidus,
2141 3428 2373 3497 animo
2423 3450 2601 3497 sere—

86 3526 220 3589 nus,
277 3514 601 3600 patientia
636 3513 865 3596 fortiS,
928 3516 1495 3604 magnanimitate
1542 3516 2008 3604 conspicuus,
2077 3516 2264 3605 pacis
2321 3539 2600 3597 amans,

86 3593 300 3686 largus
345 3624 512 3691 erga
560 3602 812 3683 hosteS,
869 3603 1168 3673 labentia
1216 3604 1573 3675 fastidiens
1604 3659 1618 3686 ,
1672 3604 2067 3674 coelestium
2121 3605 2370 3674 ardens
2428 3605 2608 3675 desi-

86 3682 276 3785 deri0‚
314 3692 812 3781 temporalibus
858 3706 1133 3762 aeterna
1180 3715 1616 3783 comparans,
1684 3695 2092 3782 temporaria
2148 3716 2266 3783 pro
2315 3695 2610 3763 aeternis

88 3773 496 3864 vilipendens
529 3794 731 3868 atque
777 3794 1248 3851 contemnens.
1304 3787 1383 3852 Et
1428 3794 1504 3851 ut
1553 3781 1844 3850 interius
1877 3782 2151 3850 divinae
2199 3782 2371 3873 legis
2417 3805 2611 3873 prae-

88 3878 262 3951 cepta
307 3882 767 3957 cognosceret,
841 3870 1139 3941 naturali
1200 3872 1460 3961 ingenii
1523 3870 1843 3939 acumine
1906 3883 2170 3940 tantum
2237 3871 2306 3940 in
2373 3872 2613 3942 litteris

90 3953 374 4046 profecit,
422 3968 496 4026 ut
559 3957 827 4048 legendi
880 3960 1199 4029 aviditate
1261 3973 1533 4049 pastum
1583 3972 1938 4044 quaereret
1987 3960 2259 4029 animae
2308 3984 2497 4042 suae,
2549 3973 2616 4029 et

91 4055 286 4141 insta-r
331 4067 538 4143 apum
590 4059 901 4117 aeternae
935 4050 1290 4118 suavitatis
1361 4059 1592 4116 nectar
1643 4047 1969 4116 hauriret.
2010 4050 2335 4129 Quamvis
2383 4062 2615 4119 autem

94 4146 302 4199 omnia
336 4133 653 4204 vitiorum
703 4137 1086 4206 carnalium
1140 4138 1439 4207 fomenta
1496 4147 1887 4224 protereret,
1943 4149 2007 4205 et
2045 4139 2236 4206 omni
2284 4161 2363 4207 ex
2429 4148 2617 4225 parte

142 4326 186 4402 :n
196 4326 291 4375 Qui,
309 4332 466 4395 vulgo.
489 4335 646 4397 Massa,
667 4333 903 4375 interdum
926 4337 1065 4375 Massa
1082 4338 1293 4397 vocatitr.

214 4383 415 4433 Rhemum
436 4388 482 4425 ln
504 4388 660 4428 Gallia
681 4390 988 4433 Narbonensi,
1010 4391 1150 4437 vulgo
1174 4391 1289 4428 mee.

144 4430 217 4457 ⁸¹⁸¹*
243 4436 459 4487 Deemr,
481 4442 527 4480 in
550 4440 807 4490 provincia,
827 4453 946 4491 quae
968 4443 1105 4493 Digne
1125 4443 1405 4491 appellatur.

247 4517 483 4577 surius
511 4550 536 4565 -
576 4520 741 4581 Vuae
772 4518 875 4582 SS.
908 4553 930 4565 ·
961 4520 1086 4581 Vol.
1118 4519 1214 4581 XI.
2411 4517 2486 4577 44
