<?xml version="1.0" encoding="UTF-8"?>
<!DOCTYPE html PUBLIC "-//W3C//DTD XHTML 1.0 Transitional//EN"
    "http://www.w3.org/TR/xhtml1/DTD/xhtml1-transitional.dtd">
<html xmlns="http://www.w3.org/1999/xhtml" xml:lang="en" lang="en">
 <head>
  <title>
</title>
<meta http-equiv="Content-Type" content="text/html;charset=utf-8" />
  <meta name='ocr-system' content='tesseract 3.04.00' />
  <meta name='ocr-capabilities' content='ocr_page ocr_carea ocr_par ocr_line ocrx_word'/>
</head>
<body>
  <div class='ocr_page' id='page_1' title='image "./historiaeseuvit05lippgoog_0630.png"; bbox 0 0 2993 4837; ppageno 0'>
   <div class='ocr_carea' id='block_1_1' title="bbox 550 319 2890 394">
    <p class='ocr_par' dir='ltr' id='par_1_1' title="bbox 550 319 2890 394">
     <span class='ocr_line' id='line_1_1' title="bbox 550 319 2890 394; baseline 0 -9"><span class='ocrx_word' id='word_1_1' title='bbox 550 321 681 385; x_wconf 82' lang='lat'>590</span> <span class='ocrx_word' id='word_1_2' title='bbox 1006 337 1084 383; x_wconf 74' lang='lat' dir='ltr'>nn</span> <span class='ocrx_word' id='word_1_3' title='bbox 1130 337 1187 384; x_wconf 90' lang='lat' dir='ltr'>s.</span> <span class='ocrx_word' id='word_1_4' title='bbox 1241 336 1607 394; x_wconf 59' lang='lat' dir='ltr'>susanam,</span> <span class='ocrx_word' id='word_1_5' title='bbox 1665 335 1845 384; x_wconf 75' lang='lat' dir='ltr'>ansts</span> <span class='ocrx_word' id='word_1_6' title='bbox 1893 335 2263 384; x_wconf 65' lang='lat' dir='ltr'>numanum</span> <span class='ocrx_word' id='word_1_7' title='bbox 2307 337 2475 385; x_wconf 68' lang='lat' dir='ltr'>rau</span> <span class='ocrx_word' id='word_1_8' title='bbox 2651 319 2785 385; x_wconf 67' lang='lat' dir='ltr'>Not.</span> <span class='ocrx_word' id='word_1_9' title='bbox 2817 322 2890 386; x_wconf 68' lang='lat'>⁴9</span> 
     </span>
    </p>
   </div>
   <div class='ocr_carea' id='block_1_2' title="bbox 390 420 2940 4509">
    <p class='ocr_par' dir='ltr' id='par_1_2' title="bbox 390 420 2940 4316">
     <span class='ocr_line' id='line_1_2' title="bbox 457 420 2896 513; baseline 0 -21"><span class='ocrx_word' id='word_1_10' title='bbox 457 422 730 513; x_wconf 87' lang='lat' dir='ltr'>generis</span> <span class='ocrx_word' id='word_1_11' title='bbox 775 421 886 491; x_wconf 89' lang='lat' dir='ltr'>sui</span> <span class='ocrx_word' id='word_1_12' title='bbox 925 421 1207 503; x_wconf 90' lang='lat' dir='ltr'>ratione,</span> <span class='ocrx_word' id='word_1_13' title='bbox 1245 420 1655 502; x_wconf 78' lang='lat' dir='ltr'>advolvitur,</span> <span class='ocrx_word' id='word_1_14' title='bbox 1690 442 1769 490; x_wconf 88' lang='lat' dir='ltr'>ea</span> <span class='ocrx_word' id='word_1_15' title='bbox 1799 420 2083 490; x_wconf 88' lang='lat' dir='ltr'>demum</span> <span class='ocrx_word' id='word_1_16' title='bbox 2117 421 2501 491; x_wconf 82' lang='lat' dir='ltr'>humilitate</span> <span class='ocrx_word' id='word_1_17' title='bbox 2528 422 2746 491; x_wconf 87' lang='lat' dir='ltr'>veniam</span> <span class='ocrx_word' id='word_1_18' title='bbox 2764 444 2896 493; x_wconf 76' lang='lat' dir='ltr'>eon·</span> 
     </span>
     <span class='ocr_line' id='line_1_3' title="bbox 458 509 2895 602; baseline 0 -21"><span class='ocrx_word' id='word_1_19' title='bbox 458 523 714 591; x_wconf 87' lang='lat' dir='ltr'>secuta,</span> <span class='ocrx_word' id='word_1_20' title='bbox 767 511 987 580; x_wconf 89' lang='lat' dir='ltr'>caesis</span> <span class='ocrx_word' id='word_1_21' title='bbox 1053 522 1276 581; x_wconf 90' lang='lat' dir='ltr'>tamen</span> <span class='ocrx_word' id='word_1_22' title='bbox 1333 511 1524 600; x_wconf 92' lang='lat' dir='ltr'>prius</span> <span class='ocrx_word' id='word_1_23' title='bbox 1578 509 1877 590; x_wconf 89' lang='lat' dir='ltr'>ancillis,</span> <span class='ocrx_word' id='word_1_24' title='bbox 1945 531 2245 596; x_wconf 90' lang='lat' dir='ltr'>quarum</span> <span class='ocrx_word' id='word_1_25' title='bbox 2294 510 2519 580; x_wconf 82' lang='lat' dir='ltr'><strong>forsan</strong></span> <span class='ocrx_word' id='word_1_26' title='bbox 2571 511 2895 602; x_wconf 73' lang='lat' dir='ltr'>negligentia</span> 
     </span>
     <span class='ocr_line' id='line_1_4' title="bbox 456 597 2896 681; baseline 0 -12"><span class='ocrx_word' id='word_1_27' title='bbox 456 621 739 669; x_wconf 85' lang='lat' dir='ltr'>causam</span> <span class='ocrx_word' id='word_1_28' title='bbox 783 598 945 669; x_wconf 91' lang='lat' dir='ltr'>huic</span> <span class='ocrx_word' id='word_1_29' title='bbox 991 599 1288 669; x_wconf 83' lang='lat' dir='ltr'>offensae</span> <span class='ocrx_word' id='word_1_30' title='bbox 1344 598 1647 668; x_wconf 89' lang='lat' dir='ltr'>dederat.</span> <span class='ocrx_word' id='word_1_31' title='bbox 1702 597 1975 668; x_wconf 80' lang='lat' dir='ltr'>Solebat</span> <span class='ocrx_word' id='word_1_32' title='bbox 2021 599 2091 667; x_wconf 92' lang='lat' dir='ltr'>in</span> <span class='ocrx_word' id='word_1_33' title='bbox 2143 600 2473 681; x_wconf 87' lang='lat' dir='ltr'>convivio,</span> <span class='ocrx_word' id='word_1_34' title='bbox 2571 614 2747 669; x_wconf 86' lang='lat' dir='ltr'>raeter</span> <span class='ocrx_word' id='word_1_35' title='bbox 2779 622 2896 670; x_wconf 81' lang='lat' dir='ltr'>ino-</span> 
     </span>
     <span class='ocr_line' id='line_1_5' title="bbox 458 687 2898 778; baseline 0 -21"><span class='ocrx_word' id='word_1_36' title='bbox 458 710 601 757; x_wconf 91' lang='lat' dir='ltr'>rem</span> <span class='ocrx_word' id='word_1_37' title='bbox 650 687 989 757; x_wconf 86' lang='lat' dir='ltr'>nobilium</span> <span class='ocrx_word' id='word_1_38' title='bbox 1061 688 1565 767; x_wconf 86' lang='lat' dir='ltr'>foeminarum,</span> <span class='ocrx_word' id='word_1_39' title='bbox 1620 687 1935 778; x_wconf 86' lang='lat' dir='ltr'>principi</span> <span class='ocrx_word' id='word_1_40' title='bbox 1994 688 2306 777; x_wconf 81' lang='lat' dir='ltr'>proxima</span> <span class='ocrx_word' id='word_1_41' title='bbox 2370 689 2497 760; x_wconf 90' lang='lat' dir='ltr'>resi</span> <span class='ocrx_word' id='word_1_42' title='bbox 2548 710 2688 773; x_wconf 87' lang='lat' dir='ltr'>ere,</span> <span class='ocrx_word' id='word_1_43' title='bbox 2727 687 2898 758; x_wconf 67' lang='lat' dir='ltr'>volens</span> 
     </span>
     <span class='ocr_line' id='line_1_6' title="bbox 455 775 2898 868; baseline -0 -21"><span class='ocrx_word' id='word_1_44' title='bbox 455 778 658 847; x_wconf 89' lang='lat' dir='ltr'>etiam</span> <span class='ocrx_word' id='word_1_45' title='bbox 711 776 839 846; x_wconf 85' lang='lat' dir='ltr'>bac</span> <span class='ocrx_word' id='word_1_46' title='bbox 888 777 958 846; x_wconf 90' lang='lat' dir='ltr'>in</span> <span class='ocrx_word' id='word_1_47' title='bbox 1019 789 1209 868; x_wconf 90' lang='lat' dir='ltr'>parte</span> <span class='ocrx_word' id='word_1_48' title='bbox 1256 799 1453 846; x_wconf 90' lang='lat' dir='ltr'>suam</span> <span class='ocrx_word' id='word_1_49' title='bbox 1526 792 1687 866; x_wconf 81' lang='lat' dir='ltr'>erga</span> <span class='ocrx_word' id='word_1_50' title='bbox 1759 775 1956 845; x_wconf 89' lang='lat' dir='ltr'>illum</span> <span class='ocrx_word' id='word_1_51' title='bbox 2021 776 2428 847; x_wconf 87' lang='lat' dir='ltr'>charitatem</span> <span class='ocrx_word' id='word_1_52' title='bbox 2474 778 2898 858; x_wconf 76' lang='lat' dir='ltr'>demonstrare,</span> 
     </span>
     <span class='ocr_line' id='line_1_7' title="bbox 456 865 2908 956; baseline -0 -20"><span class='ocrx_word' id='word_1_53' title='bbox 456 866 614 936; x_wconf 89' lang='lat' dir='ltr'>licet</span> <span class='ocrx_word' id='word_1_54' title='bbox 663 866 789 935; x_wconf 89' lang='lat' dir='ltr'>hoc</span> <span class='ocrx_word' id='word_1_55' title='bbox 837 865 972 956; x_wconf 89' lang='lat' dir='ltr'>ipsi</span> <span class='ocrx_word' id='word_1_56' title='bbox 1020 887 1155 934; x_wconf 91' lang='lat' dir='ltr'>non</span> <span class='ocrx_word' id='word_1_57' title='bbox 1211 887 1454 955; x_wconf 90' lang='lat' dir='ltr'>parum</span> <span class='ocrx_word' id='word_1_58' title='bbox 1505 865 1775 936; x_wconf 86' lang='lat' dir='ltr'>afferret</span> <span class='ocrx_word' id='word_1_59' title='bbox 1844 865 2454 936; x_wconf 78' lang='lat' dir='ltr'>incommoditatis.</span> <span class='ocrx_word' id='word_1_60' title='bbox 2507 871 2659 935; x_wconf 83' lang='lat' dir='ltr'>Nam</span> <span class='ocrx_word' id='word_1_61' title='bbox 2701 878 2908 955; x_wconf 74' lang='lat' dir='ltr'>accepto</span> 
     </span>
     <span class='ocr_line' id='line_1_8' title="bbox 456 954 2912 1046; baseline -0.002 -21"><span class='ocrx_word' id='word_1_62' title='bbox 456 955 767 1046; x_wconf 81' lang='lat' dir='ltr'>magistri</span> <span class='ocrx_word' id='word_1_63' title='bbox 811 954 1155 1035; x_wconf 76' lang='lat' dir='ltr'>mandam,</span> <span class='ocrx_word' id='word_1_64' title='bbox 1214 976 1297 1023; x_wconf 89' lang='lat' dir='ltr'>ne</span> <span class='ocrx_word' id='word_1_65' title='bbox 1335 975 1471 1041; x_wconf 87' lang='lat' dir='ltr'>quo</span> <span class='ocrx_word' id='word_1_66' title='bbox 1519 955 1727 1036; x_wconf 90' lang='lat' dir='ltr'>victu,</span> <span class='ocrx_word' id='word_1_67' title='bbox 1788 976 1908 1043; x_wconf 91' lang='lat' dir='ltr'>per</span> <span class='ocrx_word' id='word_1_68' title='bbox 1954 954 2114 1034; x_wconf 87' lang='lat' dir='ltr'>vim,</span> <span class='ocrx_word' id='word_1_69' title='bbox 2168 967 2289 1024; x_wconf 88' lang='lat' dir='ltr'>aut</span> <span class='ocrx_word' id='word_1_70' title='bbox 2325 977 2446 1045; x_wconf 88' lang='lat' dir='ltr'>per</span> <span class='ocrx_word' id='word_1_71' title='bbox 2497 954 2671 1024; x_wconf 87' lang='lat' dir='ltr'>aliud</span> <span class='ocrx_word' id='word_1_72' title='bbox 2710 955 2912 1042; x_wconf 82' lang='lat' dir='ltr'>compi·</span> 
     </span>
     <span class='ocr_line' id='line_1_9' title="bbox 456 1043 2902 1134; baseline 0 -22"><span class='ocrx_word' id='word_1_73' title='bbox 456 1043 732 1115; x_wconf 90' lang='lat' dir='ltr'>lationis</span> <span class='ocrx_word' id='word_1_74' title='bbox 764 1065 983 1133; x_wconf 85' lang='lat' dir='ltr'>genus</span> <span class='ocrx_word' id='word_1_75' title='bbox 1033 1056 1249 1132; x_wconf 90' lang='lat' dir='ltr'>parto,</span> <span class='ocrx_word' id='word_1_76' title='bbox 1287 1043 1608 1123; x_wconf 79' lang='lat' dir='ltr'>aleretur,</span> <span class='ocrx_word' id='word_1_77' title='bbox 1667 1064 1920 1132; x_wconf 87' lang='lat' dir='ltr'>magno</span> <span class='ocrx_word' id='word_1_78' title='bbox 1958 1065 2243 1132; x_wconf 86' lang='lat' dir='ltr'>prorsus</span> <span class='ocrx_word' id='word_1_79' title='bbox 2277 1044 2740 1134; x_wconf 83' lang='lat' dir='ltr'>cogitationum</span> <span class='ocrx_word' id='word_1_80' title='bbox 2764 1056 2902 1113; x_wconf 56' lang='grc' dir='ltr'>οδω</span> 
     </span>
     <span class='ocr_line' id='line_1_10' title="bbox 449 1131 2906 1223; baseline -0.002 -21"><span class='ocrx_word' id='word_1_81' title='bbox 449 1132 696 1221; x_wconf 86' lang='lat' dir='ltr'>jactari</span> <span class='ocrx_word' id='word_1_82' title='bbox 742 1133 987 1223; x_wconf 88' lang='lat' dir='ltr'>coepit,</span> <span class='ocrx_word' id='word_1_83' title='bbox 1043 1132 1208 1201; x_wconf 90' lang='lat' dir='ltr'>dum</span> <span class='ocrx_word' id='word_1_84' title='bbox 1279 1153 1557 1201; x_wconf 86' lang='lat' dir='ltr'>mensae</span> <span class='ocrx_word' id='word_1_85' title='bbox 1603 1131 1941 1211; x_wconf 86' lang='lat' dir='ltr'>assidens,</span> <span class='ocrx_word' id='word_1_86' title='bbox 2010 1153 2196 1201; x_wconf 87' lang='lat' dir='ltr'>nunc</span> <span class='ocrx_word' id='word_1_87' title='bbox 2247 1132 2393 1213; x_wconf 88' lang='lat' dir='ltr'>hos,</span> <span class='ocrx_word' id='word_1_88' title='bbox 2450 1132 2805 1202; x_wconf 86' lang='lat' dir='ltr'>nunc.illos</span> <span class='ocrx_word' id='word_1_89' title='bbox 2839 1144 2906 1200; x_wconf 67' lang='lat' dir='ltr'>at·</span> 
     </span>
     <span class='ocr_line' id='line_1_11' title="bbox 455 1218 2898 1312; baseline 0 -22"><span class='ocrx_word' id='word_1_90' title='bbox 455 1222 717 1312; x_wconf 86' lang='lat' dir='ltr'>tingere</span> <span class='ocrx_word' id='word_1_91' title='bbox 763 1234 1067 1291; x_wconf 90' lang='lat' dir='ltr'>veretur:</span> <span class='ocrx_word' id='word_1_92' title='bbox 1121 1221 1430 1307; x_wconf 89' lang='lat' dir='ltr'>dumque</span> <span class='ocrx_word' id='word_1_93' title='bbox 1453 1220 1538 1289; x_wconf 93' lang='lat' dir='ltr'>ad</span> <span class='ocrx_word' id='word_1_94' title='bbox 1590 1219 1869 1309; x_wconf 88' lang='lat' dir='ltr'>singula</span> <span class='ocrx_word' id='word_1_95' title='bbox 1902 1219 2135 1288; x_wconf 91' lang='lat' dir='ltr'>edulia</span> <span class='ocrx_word' id='word_1_96' title='bbox 2160 1222 2619 1291; x_wconf 88' lang='lat' dir='ltr'>conscientiae</span> <span class='ocrx_word' id='word_1_97' title='bbox 2661 1218 2898 1310; x_wconf 70' lang='lat' dir='ltr'>scrupulo</span> 
     </span>
     <span class='ocr_line' id='line_1_12' title="bbox 456 1309 2896 1400; baseline -0.001 -20"><span class='ocrx_word' id='word_1_98' title='bbox 456 1321 911 1400; x_wconf 87' lang='lat' dir='ltr'>permovetur,</span> <span class='ocrx_word' id='word_1_99' title='bbox 963 1309 1288 1380; x_wconf 91' lang='lat' dir='ltr'>omnibus</span> <span class='ocrx_word' id='word_1_100' title='bbox 1323 1310 1576 1399; x_wconf 91' lang='lat' dir='ltr'>pariter</span> <span class='ocrx_word' id='word_1_101' title='bbox 1601 1310 1948 1380; x_wconf 90' lang='lat' dir='ltr'>abstinere</span> <span class='ocrx_word' id='word_1_102' title='bbox 1978 1321 2113 1379; x_wconf 90' lang='lat' dir='ltr'>tam</span> <span class='ocrx_word' id='word_1_103' title='bbox 2158 1331 2294 1378; x_wconf 93' lang='lat' dir='ltr'>non</span> <span class='ocrx_word' id='word_1_104' title='bbox 2333 1311 2574 1400; x_wconf 89' lang='lat' dir='ltr'>potuit,</span> <span class='ocrx_word' id='word_1_105' title='bbox 2616 1312 2896 1397; x_wconf 76' lang='lat' dir='ltr'>quammt‘</span> 
     </span>
     <span class='ocr_line' id='line_1_13' title="bbox 453 1397 2890 1487; baseline -0 -20"><span class='ocrx_word' id='word_1_106' title='bbox 453 1399 715 1469; x_wconf 86' lang='lat' dir='ltr'>debuit.</span> <span class='ocrx_word' id='word_1_107' title='bbox 768 1403 927 1467; x_wconf 88' lang='lat' dir='ltr'>Tres</span> <span class='ocrx_word' id='word_1_108' title='bbox 966 1397 1402 1480; x_wconf 87' lang='lat' dir='ltr'>ancillarum,</span> <span class='ocrx_word' id='word_1_109' title='bbox 1450 1397 1671 1467; x_wconf 91' lang='lat' dir='ltr'>socias</span> <span class='ocrx_word' id='word_1_110' title='bbox 1732 1397 2190 1467; x_wconf 84' lang='lat' dir='ltr'>abstinentiae</span> <span class='ocrx_word' id='word_1_111' title='bbox 2248 1398 2461 1487; x_wconf 83' lang='lat' dir='ltr'>hujus</span> <span class='ocrx_word' id='word_1_112' title='bbox 2498 1399 2744 1469; x_wconf 90' lang='lat' dir='ltr'>habuit.</span> <span class='ocrx_word' id='word_1_113' title='bbox 2787 1401 2890 1480; x_wconf 64' lang='lat' dir='ltr'>Qu·</span> 
     </span>
     <span class='ocr_line' id='line_1_14' title="bbox 458 1486 2882 1577; baseline 0 -21"><span class='ocrx_word' id='word_1_114' title='bbox 458 1510 611 1557; x_wconf 89' lang='lat' dir='ltr'>rum</span> <span class='ocrx_word' id='word_1_115' title='bbox 667 1487 1169 1574; x_wconf 87' lang='lat' dir='ltr'>tranquillitati,</span> <span class='ocrx_word' id='word_1_116' title='bbox 1221 1486 1508 1577; x_wconf 85' lang='lat' dir='ltr'>perinde</span> <span class='ocrx_word' id='word_1_117' title='bbox 1553 1501 1756 1574; x_wconf 87' lang='lat' dir='ltr'>atque</span> <span class='ocrx_word' id='word_1_118' title='bbox 1811 1508 1978 1556; x_wconf 90' lang='lat' dir='ltr'>suae</span> <span class='ocrx_word' id='word_1_119' title='bbox 2028 1501 2497 1576; x_wconf 86' lang='lat' dir='ltr'>prospectura,</span> <span class='ocrx_word' id='word_1_120' title='bbox 2549 1510 2627 1557; x_wconf 82' lang='lat' dir='ltr'>ex</span> <span class='ocrx_word' id='word_1_121' title='bbox 2664 1488 2760 1566; x_wconf 86' lang='lat' dir='ltr'>iis,</span> <span class='ocrx_word' id='word_1_122' title='bbox 2792 1502 2882 1573; x_wconf 68' lang='grc' dir='ltr'><strong>μ</strong></span> 
     </span>
     <span class='ocr_line' id='line_1_15' title="bbox 455 1575 2882 1677; baseline -0.001 -32"><span class='ocrx_word' id='word_1_123' title='bbox 455 1576 525 1645; x_wconf 92' lang='lat' dir='ltr'>in</span> <span class='ocrx_word' id='word_1_124' title='bbox 568 1575 791 1645; x_wconf 91' lang='lat' dir='ltr'>dotem</span> <span class='ocrx_word' id='word_1_125' title='bbox 829 1588 1207 1677; x_wconf 84' lang='lat' dir='ltr'>acceperat,</span> <span class='ocrx_word' id='word_1_126' title='bbox 1255 1589 1392 1645; x_wconf 91' lang='lat' dir='ltr'>tam</span> <span class='ocrx_word' id='word_1_127' title='bbox 1435 1576 1593 1663; x_wconf 75' lang='lat' dir='ltr'>sibi,</span> <span class='ocrx_word' id='word_1_128' title='bbox 1645 1597 1854 1662; x_wconf 88' lang='lat' dir='ltr'>quam</span> <span class='ocrx_word' id='word_1_129' title='bbox 1906 1575 2047 1645; x_wconf 92' lang='lat' dir='ltr'>illis</span> <span class='ocrx_word' id='word_1_130' title='bbox 2095 1575 2348 1645; x_wconf 89' lang='lat' dir='ltr'>victum</span> <span class='ocrx_word' id='word_1_131' title='bbox 2409 1577 2770 1647; x_wconf 84' lang='lat' dir='ltr'>ministrari</span> <span class='ocrx_word' id='word_1_132' title='bbox 2801 1592 2882 1665; x_wconf 67' lang='grc' dir='ltr'>μ·</span> 
     </span>
     <span class='ocr_line' id='line_1_16' title="bbox 456 1662 2890 1755; baseline -0.001 -21"><span class='ocrx_word' id='word_1_133' title='bbox 456 1665 743 1746; x_wconf 89' lang='lat' dir='ltr'>curavit,</span> <span class='ocrx_word' id='word_1_134' title='bbox 794 1666 1126 1755; x_wconf 83' lang='lat' dir='ltr'>principis</span> <span class='ocrx_word' id='word_1_135' title='bbox 1174 1665 1375 1734; x_wconf 88' lang='lat' dir='ltr'>etiam</span> <span class='ocrx_word' id='word_1_136' title='bbox 1427 1686 1505 1734; x_wconf 89' lang='lat' dir='ltr'>ea</span> <span class='ocrx_word' id='word_1_137' title='bbox 1560 1666 1628 1733; x_wconf 91' lang='lat' dir='ltr'>in</span> <span class='ocrx_word' id='word_1_138' title='bbox 1680 1686 1752 1734; x_wconf 87' lang='lat' dir='ltr'>re</span> <span class='ocrx_word' id='word_1_139' title='bbox 1810 1662 2110 1733; x_wconf 87' lang='lat' dir='ltr'>favorem</span> <span class='ocrx_word' id='word_1_140' title='bbox 2162 1686 2240 1733; x_wconf 89' lang='lat' dir='ltr'>ac</span> <span class='ocrx_word' id='word_1_141' title='bbox 2279 1666 2662 1734; x_wconf 90' lang='lat' dir='ltr'>comitatem</span> <span class='ocrx_word' id='word_1_142' title='bbox 2715 1673 2890 1754; x_wconf 60' lang='lat' dir='ltr'>etim</span> 
     </span>
     <span class='ocr_line' id='line_1_17' title="bbox 456 1750 2900 1844; baseline 0 -22"><span class='ocrx_word' id='word_1_143' title='bbox 456 1753 915 1844; x_wconf 84' lang='lat' dir='ltr'>singularem:</span> <span class='ocrx_word' id='word_1_144' title='bbox 969 1754 1114 1841; x_wconf 91' lang='lat' dir='ltr'>qui,</span> <span class='ocrx_word' id='word_1_145' title='bbox 1171 1755 1228 1824; x_wconf 89' lang='lat' dir='ltr'>si</span> <span class='ocrx_word' id='word_1_146' title='bbox 1276 1753 1635 1843; x_wconf 83' lang='lat' dir='ltr'>quippiam</span> <span class='ocrx_word' id='word_1_147' title='bbox 1691 1752 2023 1843; x_wconf 85' lang='lat' dir='ltr'>scrupulo</span> <span class='ocrx_word' id='word_1_148' title='bbox 2078 1752 2388 1822; x_wconf 88' lang='lat' dir='ltr'>futurum</span> <span class='ocrx_word' id='word_1_149' title='bbox 2443 1753 2677 1824; x_wconf 84' lang='lat' dir='ltr'>inferri</span> <span class='ocrx_word' id='word_1_150' title='bbox 2733 1750 2900 1822; x_wconf 60' lang='lat' dir='ltr'>mens!</span> 
     </span>
     <span class='ocr_line' id='line_1_18' title="bbox 454 1839 2901 1933; baseline -0.002 -22"><span class='ocrx_word' id='word_1_151' title='bbox 454 1843 632 1912; x_wconf 91' lang='lat' dir='ltr'>conti</span> <span class='ocrx_word' id='word_1_152' title='bbox 692 1843 872 1921; x_wconf 91' lang='lat' dir='ltr'>isset,</span> <span class='ocrx_word' id='word_1_153' title='bbox 934 1842 1084 1933; x_wconf 90' lang='lat' dir='ltr'>ejus</span> <span class='ocrx_word' id='word_1_154' title='bbox 1146 1843 1242 1912; x_wconf 92' lang='lat' dir='ltr'>rei</span> <span class='ocrx_word' id='word_1_155' title='bbox 1290 1843 1642 1912; x_wconf 86' lang='lat' dir='ltr'>certiorem</span> <span class='ocrx_word' id='word_1_156' title='bbox 1694 1842 1795 1910; x_wconf 91' lang='lat' dir='ltr'>vel</span> <span class='ocrx_word' id='word_1_157' title='bbox 1850 1853 2066 1922; x_wconf 85' lang='lat' dir='ltr'>nutu,</span> <span class='ocrx_word' id='word_1_158' title='bbox 2122 1841 2222 1910; x_wconf 90' lang='lat' dir='ltr'>vel</span> <span class='ocrx_word' id='word_1_159' title='bbox 2277 1842 2733 1912; x_wconf 88' lang='lat' dir='ltr'>insinuatione</span> <span class='ocrx_word' id='word_1_160' title='bbox 2775 1839 2901 1909; x_wconf 49' lang='lat' dir='ltr'>mari*</span> 
     </span>
     <span class='ocr_line' id='line_1_19' title="bbox 454 1929 2905 2021; baseline -0.001 -21"><span class='ocrx_word' id='word_1_161' title='bbox 454 1931 573 2000; x_wconf 88' lang='lat' dir='ltr'>tali</span> <span class='ocrx_word' id='word_1_162' title='bbox 652 1931 913 2001; x_wconf 89' lang='lat' dir='ltr'>aciebat</span> <span class='ocrx_word' id='word_1_163' title='bbox 960 1953 1266 2001; x_wconf 86' lang='lat' dir='ltr'>uxorem.</span> <span class='ocrx_word' id='word_1_164' title='bbox 1317 1931 1708 2000; x_wconf 89' lang='lat' dir='ltr'>Destinabat</span> <span class='ocrx_word' id='word_1_165' title='bbox 1755 1943 1820 2000; x_wconf 92' lang='lat' dir='ltr'>et</span> <span class='ocrx_word' id='word_1_166' title='bbox 1869 1931 2016 2021; x_wconf 90' lang='lat' dir='ltr'>ipse</span> <span class='ocrx_word' id='word_1_167' title='bbox 2076 1930 2227 2019; x_wconf 89' lang='lat' dir='ltr'>pari</span> <span class='ocrx_word' id='word_1_168' title='bbox 2274 1944 2488 2002; x_wconf 90' lang='lat' dir='ltr'>semet</span> <span class='ocrx_word' id='word_1_169' title='bbox 2549 1929 2905 2000; x_wconf 62' lang='lat' dir='ltr'>abstinentia</span> 
     </span>
     <span class='ocr_line' id='line_1_20' title="bbox 456 2018 2904 2110; baseline -0.002 -21"><span class='ocrx_word' id='word_1_170' title='bbox 456 2020 876 2109; x_wconf 87' lang='lat' dir='ltr'>mancipare,</span> <span class='ocrx_word' id='word_1_171' title='bbox 936 2020 1284 2110; x_wconf 88' lang='lat' dir='ltr'>propalam</span> <span class='ocrx_word' id='word_1_172' title='bbox 1336 2021 1538 2089; x_wconf 89' lang='lat' dir='ltr'>etiam</span> <span class='ocrx_word' id='word_1_173' title='bbox 1572 2030 1877 2100; x_wconf 89' lang='lat' dir='ltr'>testatus,</span> <span class='ocrx_word' id='word_1_174' title='bbox 1917 2041 2119 2108; x_wconf 83' lang='lat' dir='ltr'>aegre</span> <span class='ocrx_word' id='word_1_175' title='bbox 2150 2018 2283 2089; x_wconf 91' lang='lat' dir='ltr'>sibi</span> <span class='ocrx_word' id='word_1_176' title='bbox 2331 2032 2468 2088; x_wconf 88' lang='lat' dir='ltr'>tam</span> <span class='ocrx_word' id='word_1_177' title='bbox 2506 2020 2792 2089; x_wconf 87' lang='lat' dir='ltr'>salubris</span> <span class='ocrx_word' id='word_1_178' title='bbox 2816 2039 2904 2105; x_wconf 76' lang='lat' dir='ltr'>pm·</span> 
     </span>
     <span class='ocr_line' id='line_1_21' title="bbox 457 2108 2906 2199; baseline -0.002 -21"><span class='ocrx_word' id='word_1_179' title='bbox 457 2110 656 2199; x_wconf 87' lang='lat' dir='ltr'>positi</span> <span class='ocrx_word' id='word_1_180' title='bbox 710 2110 1050 2187; x_wconf 90' lang='lat' dir='ltr'>virtutem,</span> <span class='ocrx_word' id='word_1_181' title='bbox 1094 2131 1231 2197; x_wconf 90' lang='lat' dir='ltr'>quo</span> <span class='ocrx_word' id='word_1_182' title='bbox 1274 2109 1506 2178; x_wconf 90' lang='lat' dir='ltr'>minus</span> <span class='ocrx_word' id='word_1_183' title='bbox 1553 2108 1636 2177; x_wconf 91' lang='lat' dir='ltr'>ad</span> <span class='ocrx_word' id='word_1_184' title='bbox 1676 2129 1817 2177; x_wconf 90' lang='lat' dir='ltr'>rem</span> <span class='ocrx_word' id='word_1_185' title='bbox 1853 2109 2164 2178; x_wconf 87' lang='lat' dir='ltr'>celeriter</span> <span class='ocrx_word' id='word_1_186' title='bbox 2206 2108 2562 2190; x_wconf 85' lang='lat' dir='ltr'>conferret,</span> <span class='ocrx_word' id='word_1_187' title='bbox 2622 2109 2906 2179; x_wconf 77' lang='lat' dir='ltr'>offensione</span> 
     </span>
     <span class='ocr_line' id='line_1_22' title="bbox 454 2197 2902 2289; baseline -0.002 -22"><span class='ocrx_word' id='word_1_188' title='bbox 454 2219 814 2289; x_wconf 89' lang='lat' dir='ltr'>procerum</span> <span class='ocrx_word' id='word_1_189' title='bbox 886 2198 1321 2284; x_wconf 90' lang='lat' dir='ltr'>quorundam</span> <span class='ocrx_word' id='word_1_190' title='bbox 1386 2197 1698 2285; x_wconf 89' lang='lat' dir='ltr'>intercipi</span> <span class='ocrx_word' id='word_1_191' title='bbox 1749 2197 2259 2282; x_wconf 86' lang='lat' dir='ltr'>retardarique,</span> <span class='ocrx_word' id='word_1_192' title='bbox 2322 2198 2444 2284; x_wconf 90' lang='lat' dir='ltr'>qui</span> <span class='ocrx_word' id='word_1_193' title='bbox 2502 2197 2902 2267; x_wconf 81' lang='lat' dir='ltr'>continentiam</span> 
     </span>
     <span class='ocr_line' id='line_1_23' title="bbox 452 2285 2908 2375; baseline -0.001 -20"><span class='ocrx_word' id='word_1_194' title='bbox 452 2287 820 2374; x_wconf 75' lang='lat' dir='ltr'>eJusmodi,</span> <span class='ocrx_word' id='word_1_195' title='bbox 856 2308 987 2354; x_wconf 91' lang='lat' dir='ltr'>non</span> <span class='ocrx_word' id='word_1_196' title='bbox 1028 2285 1338 2375; x_wconf 85' lang='lat' dir='ltr'>religioni</span> <span class='ocrx_word' id='word_1_197' title='bbox 1366 2309 1444 2354; x_wconf 87' lang='lat' dir='ltr'>ac</span> <span class='ocrx_word' id='word_1_198' title='bbox 1479 2285 1845 2368; x_wconf 87' lang='lat' dir='ltr'>devotioni,</span> <span class='ocrx_word' id='word_1_199' title='bbox 1882 2285 1997 2353; x_wconf 91' lang='lat' dir='ltr'>sed</span> <span class='ocrx_word' id='word_1_200' title='bbox 2037 2287 2506 2373; x_wconf 83' lang='lat' dir='ltr'>superstitioni</span> <span class='ocrx_word' id='word_1_201' title='bbox 2543 2288 2756 2375; x_wconf 84' lang='lat' dir='ltr'>magis</span> <span class='ocrx_word' id='word_1_202' title='bbox 2777 2298 2908 2369; x_wconf 68' lang='lat' dir='ltr'>atque</span> 
     </span>
     <span class='ocr_line' id='line_1_24' title="bbox 450 2375 2902 2466; baseline -0.002 -22"><span class='ocrx_word' id='word_1_203' title='bbox 450 2376 693 2446; x_wconf 90' lang='lat' dir='ltr'>delirio</span> <span class='ocrx_word' id='word_1_204' title='bbox 740 2376 1189 2445; x_wconf 87' lang='lat' dir='ltr'>ascriberent:</span> <span class='ocrx_word' id='word_1_205' title='bbox 1243 2375 1567 2445; x_wconf 89' lang='lat' dir='ltr'>daturum</span> <span class='ocrx_word' id='word_1_206' title='bbox 1602 2389 1828 2444; x_wconf 91' lang='lat' dir='ltr'>tamen</span> <span class='ocrx_word' id='word_1_207' title='bbox 1863 2396 1936 2443; x_wconf 91' lang='lat' dir='ltr'>se</span> <span class='ocrx_word' id='word_1_208' title='bbox 1984 2397 2288 2464; x_wconf 87' lang='lat' dir='ltr'>operam,</span> <span class='ocrx_word' id='word_1_209' title='bbox 2331 2388 2405 2445; x_wconf 89' lang='lat' dir='ltr'>ut</span> <span class='ocrx_word' id='word_1_210' title='bbox 2466 2377 2902 2466; x_wconf 84' lang='lat' dir='ltr'>quamprimum</span> 
     </span>
     <span class='ocr_line' id='line_1_25' title="bbox 449 2462 2909 2557; baseline -0.002 -25"><span class='ocrx_word' id='word_1_211' title='bbox 449 2465 729 2555; x_wconf 89' lang='lat' dir='ltr'>(vellent</span> <span class='ocrx_word' id='word_1_212' title='bbox 765 2463 1021 2533; x_wconf 91' lang='lat' dir='ltr'>nollent</span> <span class='ocrx_word' id='word_1_213' title='bbox 1052 2463 1565 2551; x_wconf 74' lang='lat' dir='ltr'>obtrectatores)</span> <span class='ocrx_word' id='word_1_214' title='bbox 1609 2464 1792 2550; x_wconf 84' lang='lat' dir='ltr'>quod</span> <span class='ocrx_word' id='word_1_215' title='bbox 1847 2477 2202 2551; x_wconf 88' lang='lat' dir='ltr'>persancte</span> <span class='ocrx_word' id='word_1_216' title='bbox 2265 2464 2693 2543; x_wconf 83' lang='lat' dir='ltr'>destinasset,</span> <span class='ocrx_word' id='word_1_217' title='bbox 2751 2465 2804 2532; x_wconf 90' lang='lat' dir='ltr'>in</span> <span class='ocrx_word' id='word_1_218' title='bbox 2847 2462 2909 2557; x_wconf 77' lang='lat' dir='ltr'>ln·</span> 
     </span>
     <span class='ocr_line' id='line_1_26' title="bbox 452 2553 2908 2644; baseline -0.004 -21"><span class='ocrx_word' id='word_1_219' title='bbox 452 2576 598 2623; x_wconf 90' lang='lat' dir='ltr'>cem</span> <span class='ocrx_word' id='word_1_220' title='bbox 651 2553 1001 2622; x_wconf 88' lang='lat' dir='ltr'>ederetur:</span> <span class='ocrx_word' id='word_1_221' title='bbox 1058 2568 1415 2644; x_wconf 87' lang='lat' dir='ltr'>pergerent</span> <span class='ocrx_word' id='word_1_222' title='bbox 1464 2553 1642 2632; x_wconf 90' lang='lat' dir='ltr'>illae,</span> <span class='ocrx_word' id='word_1_223' title='bbox 1696 2564 1775 2621; x_wconf 90' lang='lat' dir='ltr'>ut</span> <span class='ocrx_word' id='word_1_224' title='bbox 1833 2553 2243 2641; x_wconf 88' lang='lat' dir='ltr'>coepissent,</span> <span class='ocrx_word' id='word_1_225' title='bbox 2307 2554 2612 2641; x_wconf 83' lang='lat' dir='ltr'>perbrevi</span> <span class='ocrx_word' id='word_1_226' title='bbox 2662 2576 2731 2623; x_wconf 90' lang='lat' dir='ltr'>se</span> <span class='ocrx_word' id='word_1_227' title='bbox 2771 2570 2908 2620; x_wconf 78' lang='lat' dir='ltr'>comt·</span> 
     </span>
     <span class='ocr_line' id='line_1_27' title="bbox 453 2639 2906 2728; baseline -0.005 -15"><span class='ocrx_word' id='word_1_228' title='bbox 453 2656 582 2713; x_wconf 89' lang='lat' dir='ltr'>tem</span> <span class='ocrx_word' id='word_1_229' title='bbox 654 2642 1033 2711; x_wconf 68' lang='lat' dir='ltr'>habiturae.</span> <span class='ocrx_word' id='word_1_230' title='bbox 1087 2646 1505 2711; x_wconf 90' lang='lat' dir='ltr'>Oeconomos</span> <span class='ocrx_word' id='word_1_231' title='bbox 1560 2642 2007 2727; x_wconf 86' lang='lat' dir='ltr'>edeatrasque</span> <span class='ocrx_word' id='word_1_232' title='bbox 2069 2663 2566 2728; x_wconf 87' lang='lat' dir='ltr'>nonnunquam</span> <span class='ocrx_word' id='word_1_233' title='bbox 2621 2639 2906 2711; x_wconf 81' lang='lat' dir='ltr'>Elisabeth.</span> 
     </span>
     <span class='ocr_line' id='line_1_28' title="bbox 451 2729 2908 2820; baseline -0.002 -20"><span class='ocrx_word' id='word_1_234' title='bbox 451 2731 615 2800; x_wconf 92' lang='lat' dir='ltr'>dum</span> <span class='ocrx_word' id='word_1_235' title='bbox 666 2729 976 2800; x_wconf 87' lang='lat' dir='ltr'>officinas</span> <span class='ocrx_word' id='word_1_236' title='bbox 1022 2731 1461 2811; x_wconf 89' lang='lat' dir='ltr'>circumiret,</span> <span class='ocrx_word' id='word_1_237' title='bbox 1527 2743 1762 2818; x_wconf 89' lang='lat' dir='ltr'>utpote</span> <span class='ocrx_word' id='word_1_238' title='bbox 1820 2729 2102 2799; x_wconf 90' lang='lat' dir='ltr'>domina</span> <span class='ocrx_word' id='word_1_239' title='bbox 2174 2731 2589 2800; x_wconf 88' lang='lat' dir='ltr'>domesticae</span> <span class='ocrx_word' id='word_1_240' title='bbox 2652 2731 2908 2820; x_wconf 56' lang='lat' dir='ltr'>partierit&amp;</span> 
     </span>
     <span class='ocr_line' id='line_1_29' title="bbox 449 2819 2906 2908; baseline -0.004 -18"><span class='ocrx_word' id='word_1_241' title='bbox 449 2841 695 2897; x_wconf 86' lang='lat' dir='ltr'>curae,</span> <span class='ocrx_word' id='word_1_242' title='bbox 767 2821 1143 2906; x_wconf 88' lang='lat' dir='ltr'>percontari</span> <span class='ocrx_word' id='word_1_243' title='bbox 1202 2819 1440 2897; x_wconf 88' lang='lat' dir='ltr'>solita,</span> <span class='ocrx_word' id='word_1_244' title='bbox 1484 2820 1761 2908; x_wconf 87' lang='lat' dir='ltr'>justene</span> <span class='ocrx_word' id='word_1_245' title='bbox 1811 2832 2050 2907; x_wconf 88' lang='lat' dir='ltr'>partus</span> <span class='ocrx_word' id='word_1_246' title='bbox 2090 2841 2178 2886; x_wconf 89' lang='lat' dir='ltr'>an</span> <span class='ocrx_word' id='word_1_247' title='bbox 2230 2842 2428 2888; x_wconf 90' lang='lat' dir='ltr'>secus</span> <span class='ocrx_word' id='word_1_248' title='bbox 2477 2820 2906 2890; x_wconf 85' lang='lat' dir='ltr'>esculentorum</span> 
     </span>
     <span class='ocr_line' id='line_1_30' title="bbox 451 2906 2907 3008; baseline -0.003 -32"><span class='ocrx_word' id='word_1_249' title='bbox 451 2907 1114 2998; x_wconf 89' lang='lat' dir='ltr'>poculentorumque</span> <span class='ocrx_word' id='word_1_250' title='bbox 1146 2919 1520 2997; x_wconf 77' lang='lat' dir='ltr'>proventus</span> <span class='ocrx_word' id='word_1_251' title='bbox 1547 2919 1972 3008; x_wconf 86' lang='lat' dir='ltr'>suppeteret:</span> <span class='ocrx_word' id='word_1_252' title='bbox 2028 2908 2148 2976; x_wconf 85' lang='lat' dir='ltr'>ubi</span> <span class='ocrx_word' id='word_1_253' title='bbox 2184 2908 2454 2976; x_wconf 86' lang='lat' dir='ltr'>rescivit</span> <span class='ocrx_word' id='word_1_254' title='bbox 2481 2921 2762 2996; x_wconf 88' lang='lat' dir='ltr'>utraque</span> <span class='ocrx_word' id='word_1_255' title='bbox 2785 2906 2907 2993; x_wconf 68' lang='lat' dir='ltr'>juste</span> 
     </span>
     <span class='ocr_line' id='line_1_31' title="bbox 390 2989 2910 3086; baseline -0.003 -21"><span class='ocrx_word' id='word_1_256' title='bbox 390 3003 401 3014; x_wconf 85' lang='grc'><strong><em>’</em></strong></span> <span class='ocrx_word' id='word_1_257' title='bbox 453 2996 868 3086; x_wconf 88' lang='lat' dir='ltr'>provenisse,</span> <span class='ocrx_word' id='word_1_258' title='bbox 924 2997 1219 3084; x_wconf 86' lang='lat' dir='ltr'>indeque</span> <span class='ocrx_word' id='word_1_259' title='bbox 1259 2997 1509 3066; x_wconf 89' lang='lat' dir='ltr'>victum</span> <span class='ocrx_word' id='word_1_260' title='bbox 1560 2995 1695 3065; x_wconf 84' lang='lat' dir='ltr'>diet</span> <span class='ocrx_word' id='word_1_261' title='bbox 1727 2995 2104 3085; x_wconf 90' lang='lat' dir='ltr'>praesentis</span> <span class='ocrx_word' id='word_1_262' title='bbox 2153 2996 2670 3086; x_wconf 87' lang='lat' dir='ltr'>suppeditatum</span> <span class='ocrx_word' id='word_1_263' title='bbox 2713 2995 2802 3074; x_wconf 82' lang='lat' dir='ltr'>iri,</span> <span class='ocrx_word' id='word_1_264' title='bbox 2827 2989 2910 3058; x_wconf 68' lang='lat' dir='ltr'>vel-</span> 
     </span>
     <span class='ocr_line' id='line_1_32' title="bbox 450 3081 2905 3176; baseline -0.001 -22"><span class='ocrx_word' id='word_1_265' title='bbox 450 3087 548 3155; x_wconf 93' lang='lat' dir='ltr'>uti</span> <span class='ocrx_word' id='word_1_266' title='bbox 597 3085 1107 3176; x_wconf 87' lang='lat' dir='ltr'>gratulabunda</span> <span class='ocrx_word' id='word_1_267' title='bbox 1166 3087 1290 3154; x_wconf 87' lang='lat' dir='ltr'>hoc</span> <span class='ocrx_word' id='word_1_268' title='bbox 1340 3086 1571 3174; x_wconf 89' lang='lat' dir='ltr'>ipsum</span> <span class='ocrx_word' id='word_1_269' title='bbox 1621 3084 1897 3154; x_wconf 89' lang='lat' dir='ltr'>ancillis</span> <span class='ocrx_word' id='word_1_270' title='bbox 1958 3085 2311 3174; x_wconf 88' lang='lat' dir='ltr'>aperiens:</span> <span class='ocrx_word' id='word_1_271' title='bbox 2366 3110 2403 3151; x_wconf 88' lang='lat'>«</span> <span class='ocrx_word' id='word_1_272' title='bbox 2441 3086 2677 3166; x_wconf 88' lang='lat' dir='ltr'>Hodie,</span> <span class='ocrx_word' id='word_1_273' title='bbox 2736 3081 2905 3169; x_wconf 77' lang='lat' dir='ltr'>inquit</span> 
     </span>
     <span class='ocr_line' id='line_1_33' title="bbox 452 3173 2910 3267; baseline -0.001 -23"><span class='ocrx_word' id='word_1_274' title='bbox 452 3180 582 3244; x_wconf 90' lang='lat' dir='ltr'>Deo</span> <span class='ocrx_word' id='word_1_275' title='bbox 632 3175 948 3265; x_wconf 89' lang='lat' dir='ltr'>propitio,</span> <span class='ocrx_word' id='word_1_276' title='bbox 1003 3174 1184 3243; x_wconf 89' lang='lat' dir='ltr'>laute</span> <span class='ocrx_word' id='word_1_277' title='bbox 1232 3175 1657 3262; x_wconf 90' lang='lat' dir='ltr'>accipiemur</span> <span class='ocrx_word' id='word_1_278' title='bbox 1703 3187 1768 3242; x_wconf 93' lang='lat' dir='ltr'>et</span> <span class='ocrx_word' id='word_1_279' title='bbox 1818 3173 2234 3243; x_wconf 88' lang='lat' dir='ltr'>humaniter.</span> <span class='ocrx_word' id='word_1_280' title='bbox 2274 3196 2310 3240; x_wconf 65' lang='lat' dir='ltr'>i)</span> <span class='ocrx_word' id='word_1_281' title='bbox 2360 3178 2590 3262; x_wconf 89' lang='lat' dir='ltr'>Neque</span> <span class='ocrx_word' id='word_1_282' title='bbox 2624 3195 2765 3243; x_wconf 88' lang='lat' dir='ltr'>vero</span> <span class='ocrx_word' id='word_1_283' title='bbox 2808 3189 2910 3267; x_wconf 61' lang='grc' dir='ltr'>φῦ·</span> 
     </span>
     <span class='ocr_line' id='line_1_34' title="bbox 449 3261 2909 3354; baseline -0.007 -19"><span class='ocrx_word' id='word_1_284' title='bbox 449 3266 641 3335; x_wconf 90' lang='lat' dir='ltr'>tinuo</span> <span class='ocrx_word' id='word_1_285' title='bbox 677 3262 863 3332; x_wconf 89' lang='lat' dir='ltr'>illam</span> <span class='ocrx_word' id='word_1_286' title='bbox 914 3265 1092 3333; x_wconf 90' lang='lat' dir='ltr'>inter</span> <span class='ocrx_word' id='word_1_287' title='bbox 1136 3263 1508 3350; x_wconf 86' lang='lat' dir='ltr'>exquisitas</span> <span class='ocrx_word' id='word_1_288' title='bbox 1555 3263 1760 3332; x_wconf 89' lang='lat' dir='ltr'>etiam</span> <span class='ocrx_word' id='word_1_289' title='bbox 1800 3261 2112 3331; x_wconf 89' lang='lat' dir='ltr'>ciborum</span> <span class='ocrx_word' id='word_1_290' title='bbox 2166 3262 2468 3333; x_wconf 89' lang='lat' dir='ltr'>lautitias</span> <span class='ocrx_word' id='word_1_291' title='bbox 2505 3271 2909 3354; x_wconf 74' lang='lat' dir='ltr'>temperantiae</span> 
     </span>
     <span class='ocr_line' id='line_1_35' title="bbox 448 3347 2908 3440; baseline -0.004 -18"><span class='ocrx_word' id='word_1_292' title='bbox 448 3354 723 3423; x_wconf 89' lang='lat' dir='ltr'>subibat</span> <span class='ocrx_word' id='word_1_293' title='bbox 770 3351 1062 3433; x_wconf 87' lang='lat' dir='ltr'>oblivio,</span> <span class='ocrx_word' id='word_1_294' title='bbox 1131 3364 1285 3423; x_wconf 88' lang='lat' dir='ltr'>astu</span> <span class='ocrx_word' id='word_1_295' title='bbox 1331 3351 1627 3440; x_wconf 90' lang='lat' dir='ltr'>quodam</span> <span class='ocrx_word' id='word_1_296' title='bbox 1696 3350 2003 3421; x_wconf 87' lang='lat' dir='ltr'>officioso</span> <span class='ocrx_word' id='word_1_297' title='bbox 2062 3352 2344 3440; x_wconf 85' lang='lat' dir='ltr'>genium</span> <span class='ocrx_word' id='word_1_298' title='bbox 2416 3375 2624 3422; x_wconf 90' lang='lat' dir='ltr'>suum</span> <span class='ocrx_word' id='word_1_299' title='bbox 2673 3347 2908 3438; x_wconf 70' lang='lat' dir='ltr'>fraudare</span> 
     </span>
     <span class='ocr_line' id='line_1_36' title="bbox 448 3436 2908 3530; baseline -0.003 -18"><span class='ocrx_word' id='word_1_300' title='bbox 448 3444 746 3512; x_wconf 89' lang='lat' dir='ltr'>solitam.</span> <span class='ocrx_word' id='word_1_301' title='bbox 802 3441 1160 3510; x_wconf 87' lang='lat' dir='ltr'>Enimvero</span> <span class='ocrx_word' id='word_1_302' title='bbox 1207 3441 1374 3510; x_wconf 89' lang='lat' dir='ltr'>dum</span> <span class='ocrx_word' id='word_1_303' title='bbox 1443 3463 1628 3509; x_wconf 91' lang='lat' dir='ltr'>nunc</span> <span class='ocrx_word' id='word_1_304' title='bbox 1694 3440 2075 3530; x_wconf 85' lang='lat' dir='ltr'>principem</span> <span class='ocrx_word' id='word_1_305' title='bbox 2149 3439 2570 3527; x_wconf 89' lang='lat' dir='ltr'>alloquitur,</span> <span class='ocrx_word' id='word_1_306' title='bbox 2627 3461 2790 3510; x_wconf 88' lang='lat' dir='ltr'>nunc</span> <span class='ocrx_word' id='word_1_307' title='bbox 2843 3436 2908 3499; x_wconf 70' lang='lat' dir='ltr'>lus</span> 
     </span>
     <span class='ocr_line' id='line_1_37' title="bbox 448 3527 2906 3621; baseline -0.003 -21"><span class='ocrx_word' id='word_1_308' title='bbox 448 3531 770 3600; x_wconf 82' lang='lat' dir='ltr'>lautiores</span> <span class='ocrx_word' id='word_1_309' title='bbox 810 3529 1155 3599; x_wconf 87' lang='lat' dir='ltr'>buccellas</span> <span class='ocrx_word' id='word_1_310' title='bbox 1204 3529 1510 3620; x_wconf 90' lang='lat' dir='ltr'>apponit,</span> <span class='ocrx_word' id='word_1_311' title='bbox 1568 3550 1752 3598; x_wconf 90' lang='lat' dir='ltr'>nunc</span> <span class='ocrx_word' id='word_1_312' title='bbox 1784 3528 1925 3598; x_wconf 91' lang='lat' dir='ltr'>illis</span> <span class='ocrx_word' id='word_1_313' title='bbox 1975 3527 2298 3618; x_wconf 89' lang='lat' dir='ltr'>poculum</span> <span class='ocrx_word' id='word_1_314' title='bbox 2334 3528 2542 3598; x_wconf 86' lang='lat' dir='ltr'>officii</span> <span class='ocrx_word' id='word_1_315' title='bbox 2585 3529 2779 3620; x_wconf 81' lang='lat' dir='ltr'>gratia</span> <span class='ocrx_word' id='word_1_316' title='bbox 2805 3541 2906 3621; x_wconf 74' lang='lat' dir='ltr'>por·</span> 
     </span>
     <span class='ocr_line' id='line_1_38' title="bbox 447 3616 2902 3710; baseline -0.004 -22"><span class='ocrx_word' id='word_1_317' title='bbox 447 3621 629 3710; x_wconf 88' lang='lat' dir='ltr'>rigit,</span> <span class='ocrx_word' id='word_1_318' title='bbox 678 3641 865 3688; x_wconf 87' lang='lat' dir='ltr'>nunc</span> <span class='ocrx_word' id='word_1_319' title='bbox 917 3619 1287 3689; x_wconf 87' lang='lat' dir='ltr'>statoribus</span> <span class='ocrx_word' id='word_1_320' title='bbox 1327 3618 1681 3688; x_wconf 88' lang='lat' dir='ltr'>ancillisve</span> <span class='ocrx_word' id='word_1_321' title='bbox 1724 3617 2070 3707; x_wconf 90' lang='lat' dir='ltr'>negotium</span> <span class='ocrx_word' id='word_1_322' title='bbox 2116 3616 2394 3704; x_wconf 91' lang='lat' dir='ltr'>aliquod</span> <span class='ocrx_word' id='word_1_323' title='bbox 2429 3619 2902 3708; x_wconf 69' lang='lat' dir='ltr'>injungit,ettat11</span> 
     </span>
     <span class='ocr_line' id='line_1_39' title="bbox 447 3698 2900 3799; baseline -0.004 -21"><span class='ocrx_word' id='word_1_324' title='bbox 447 3708 596 3799; x_wconf 90' lang='lat' dir='ltr'>ipsa</span> <span class='ocrx_word' id='word_1_325' title='bbox 637 3732 675 3777; x_wconf 92' lang='lat' dir='ltr'>a</span> <span class='ocrx_word' id='word_1_326' title='bbox 726 3729 858 3777; x_wconf 91' lang='lat' dir='ltr'>non</span> <span class='ocrx_word' id='word_1_327' title='bbox 910 3707 1314 3777; x_wconf 90' lang='lat' dir='ltr'>curantibus</span> <span class='ocrx_word' id='word_1_328' title='bbox 1366 3708 1611 3778; x_wconf 92' lang='lat' dir='ltr'>esitare</span> <span class='ocrx_word' id='word_1_329' title='bbox 1670 3707 1899 3796; x_wconf 89' lang='lat' dir='ltr'>putari</span> <span class='ocrx_word' id='word_1_330' title='bbox 1972 3719 2273 3795; x_wconf 91' lang='lat' dir='ltr'>poterat:</span> <span class='ocrx_word' id='word_1_331' title='bbox 2318 3728 2479 3776; x_wconf 90' lang='lat' dir='ltr'>cum</span> <span class='ocrx_word' id='word_1_332' title='bbox 2536 3720 2742 3776; x_wconf 87' lang='lat' dir='ltr'>tamen</span> <span class='ocrx_word' id='word_1_333' title='bbox 2797 3698 2900 3768; x_wconf 69' lang='lat' dir='ltr'>alus</span> 
     </span>
     <span class='ocr_line' id='line_1_40' title="bbox 447 3794 2898 3887; baseline -0.004 -20"><span class='ocrx_word' id='word_1_334' title='bbox 447 3799 699 3867; x_wconf 79' lang='lat' dir='ltr'>affatim</span> <span class='ocrx_word' id='word_1_335' title='bbox 735 3796 1041 3883; x_wconf 81' lang='lat' dir='ltr'>expletis,</span> <span class='ocrx_word' id='word_1_336' title='bbox 1082 3798 1360 3887; x_wconf 89' lang='lat' dir='ltr'>saepius</span> <span class='ocrx_word' id='word_1_337' title='bbox 1411 3797 1560 3887; x_wconf 90' lang='lat' dir='ltr'>ipsa</span> <span class='ocrx_word' id='word_1_338' title='bbox 1610 3794 1926 3864; x_wconf 87' lang='lat' dir='ltr'>famelica</span> <span class='ocrx_word' id='word_1_339' title='bbox 1979 3794 2279 3863; x_wconf 87' lang='lat' dir='ltr'>triclinio</span> <span class='ocrx_word' id='word_1_340' title='bbox 2339 3797 2714 3873; x_wconf 80' lang='lat' dir='ltr'>excesserit,</span> <span class='ocrx_word' id='word_1_341' title='bbox 2760 3798 2898 3858; x_wconf 83' lang='lat' dir='ltr'>tortu·</span> 
     </span>
     <span class='ocr_line' id='line_1_41' title="bbox 447 3881 2896 3975; baseline -0.002 -20"><span class='ocrx_word' id='word_1_342' title='bbox 447 3886 667 3974; x_wconf 88' lang='lat' dir='ltr'>lisque</span> <span class='ocrx_word' id='word_1_343' title='bbox 702 3886 1003 3965; x_wconf 89' lang='lat' dir='ltr'>mellitis,</span> <span class='ocrx_word' id='word_1_344' title='bbox 1061 3899 1180 3955; x_wconf 89' lang='lat' dir='ltr'>aut</span> <span class='ocrx_word' id='word_1_345' title='bbox 1235 3885 1426 3954; x_wconf 92' lang='lat' dir='ltr'>arido</span> <span class='ocrx_word' id='word_1_346' title='bbox 1465 3907 1638 3975; x_wconf 90' lang='lat' dir='ltr'>pane</span> <span class='ocrx_word' id='word_1_347' title='bbox 1688 3883 2061 3954; x_wconf 87' lang='lat' dir='ltr'>sustentari</span> <span class='ocrx_word' id='word_1_348' title='bbox 2109 3884 2428 3953; x_wconf 86' lang='lat' dir='ltr'>habuerit</span> <span class='ocrx_word' id='word_1_349' title='bbox 2480 3904 2754 3952; x_wconf 84' lang='lat' dir='ltr'>necesse.</span> <span class='ocrx_word' id='word_1_350' title='bbox 2794 3881 2896 3943; x_wconf 62' lang='lat'>13³³·</span> 
     </span>
     <span class='ocr_line' id='line_1_42' title="bbox 447 3971 2940 4064; baseline -0.003 -17"><span class='ocrx_word' id='word_1_351' title='bbox 447 3990 665 4047; x_wconf 83' lang='lat' dir='ltr'>terum</span> <span class='ocrx_word' id='word_1_352' title='bbox 719 3977 777 4046; x_wconf 89' lang='lat' dir='ltr'>si</span> <span class='ocrx_word' id='word_1_353' title='bbox 816 3975 926 4043; x_wconf 89' lang='lat' dir='ltr'>cui</span> <span class='ocrx_word' id='word_1_354' title='bbox 976 3975 1367 4064; x_wconf 86' lang='lat' dir='ltr'>ademptam</span> <span class='ocrx_word' id='word_1_355' title='bbox 1410 3975 1663 4064; x_wconf 90' lang='lat' dir='ltr'>injuste</span> <span class='ocrx_word' id='word_1_356' title='bbox 1699 3995 1842 4042; x_wconf 89' lang='lat' dir='ltr'>rem</span> <span class='ocrx_word' id='word_1_357' title='bbox 1877 3971 2284 4042; x_wconf 82' lang='lat' dir='ltr'>familiarem</span> <span class='ocrx_word' id='word_1_358' title='bbox 2326 3974 2766 4062; x_wconf 84' lang='lat' dir='ltr'>comperisset,</span> <span class='ocrx_word' id='word_1_359' title='bbox 2791 3978 2896 4031; x_wconf 82' lang='lat' dir='ltr'>con·</span> <span class='ocrx_word' id='word_1_360' title='bbox 2939 4025 2940 4040; x_wconf 64' lang='grc'>,</span> 
     </span>
     <span class='ocr_line' id='line_1_43' title="bbox 444 4060 2890 4149; baseline -0.004 -16"><span class='ocrx_word' id='word_1_361' title='bbox 444 4065 665 4135; x_wconf 88' lang='lat' dir='ltr'>festim</span> <span class='ocrx_word' id='word_1_362' title='bbox 710 4065 1045 4133; x_wconf 87' lang='lat' dir='ltr'>damnum</span> <span class='ocrx_word' id='word_1_363' title='bbox 1096 4086 1299 4133; x_wconf 91' lang='lat' dir='ltr'>omne</span> <span class='ocrx_word' id='word_1_364' title='bbox 1350 4065 1441 4132; x_wconf 92' lang='lat' dir='ltr'>ita</span> <span class='ocrx_word' id='word_1_365' title='bbox 1481 4063 1811 4133; x_wconf 90' lang='lat' dir='ltr'>resarcire</span> <span class='ocrx_word' id='word_1_366' title='bbox 1858 4060 2144 4143; x_wconf 89' lang='lat' dir='ltr'>curavit,</span> <span class='ocrx_word' id='word_1_367' title='bbox 2200 4074 2275 4131; x_wconf 90' lang='lat' dir='ltr'>ut</span> <span class='ocrx_word' id='word_1_368' title='bbox 2332 4062 2423 4138; x_wconf 89' lang='lat' dir='ltr'>is,</span> <span class='ocrx_word' id='word_1_369' title='bbox 2483 4063 2601 4149; x_wconf 91' lang='lat' dir='ltr'>qui</span> <span class='ocrx_word' id='word_1_370' title='bbox 2639 4063 2890 4149; x_wconf 65' lang='lat' dir='ltr'>jacturam</span> 
     </span>
     <span class='ocr_line' id='line_1_44' title="bbox 444 4135 2888 4244; baseline -0.008 -22"><span class='ocrx_word' id='word_1_371' title='bbox 444 4154 736 4235; x_wconf 87' lang='lat' dir='ltr'>fecisset,</span> <span class='ocrx_word' id='word_1_372' title='bbox 782 4175 915 4223; x_wconf 91' lang='lat' dir='ltr'>non</span> <span class='ocrx_word' id='word_1_373' title='bbox 967 4166 1102 4223; x_wconf 90' lang='lat' dir='ltr'>tam</span> <span class='ocrx_word' id='word_1_374' title='bbox 1165 4153 1568 4244; x_wconf 85' lang='lat' dir='ltr'>perdidisse,</span> <span class='ocrx_word' id='word_1_375' title='bbox 1621 4173 1833 4240; x_wconf 91' lang='lat' dir='ltr'>quam</span> <span class='ocrx_word' id='word_1_376' title='bbox 1883 4147 2370 4230; x_wconf 88' lang='lat' dir='ltr'>commuta‘sse,</span> <span class='ocrx_word' id='word_1_377' title='bbox 2424 4173 2536 4221; x_wconf 89' lang='lat' dir='ltr'>res</span> <span class='ocrx_word' id='word_1_378' title='bbox 2582 4170 2724 4220; x_wconf 81' lang='lat' dir='ltr'>suas</span> <span class='ocrx_word' id='word_1_379' title='bbox 2771 4135 2888 4206; x_wconf 67' lang='lat' dir='ltr'>vide·</span> 
     </span>
     <span class='ocr_line' id='line_1_45' title="bbox 452 4257 2858 4316; baseline 0.002 -4"><span class='ocrx_word' id='word_1_380' title='bbox 452 4257 665 4313; x_wconf 90' lang='lat' dir='ltr'>retur.</span> <span class='ocrx_word' id='word_1_381' title='bbox 2850 4307 2858 4316; x_wconf 92' lang='lat'>.</span> 
     </span>
    </p>

    <p class='ocr_par' dir='ltr' id='par_1_3' title="bbox 450 4325 2940 4509">
     <span class='ocr_line' id='line_1_46' title="bbox 533 4325 2940 4416; baseline -0.002 -16"><span class='ocrx_word' id='word_1_382' title='bbox 533 4334 690 4416; x_wconf 58' lang='lat'>§2</span> <span class='ocrx_word' id='word_1_383' title='bbox 745 4330 1118 4400; x_wconf 82' lang='lat' dir='ltr'>Advenerat</span> <span class='ocrx_word' id='word_1_384' title='bbox 1182 4331 1394 4400; x_wconf 85' lang='lat' dir='ltr'>festus</span> <span class='ocrx_word' id='word_1_385' title='bbox 1439 4329 1724 4416; x_wconf 91' lang='lat' dir='ltr'>quidam</span> <span class='ocrx_word' id='word_1_386' title='bbox 1788 4329 1973 4408; x_wconf 89' lang='lat' dir='ltr'>dies,</span> <span class='ocrx_word' id='word_1_387' title='bbox 2046 4351 2205 4398; x_wconf 90' lang='lat' dir='ltr'>cum</span> <span class='ocrx_word' id='word_1_388' title='bbox 2274 4328 2620 4398; x_wconf 88' lang='lat' dir='ltr'>Elisabeth</span> <span class='ocrx_word' id='word_1_389' title='bbox 2661 4325 2880 4413; x_wconf 46' lang='lat' dir='ltr'>premis&amp;</span> <span class='ocrx_word' id='word_1_390' title='bbox 2939 4369 2940 4394; x_wconf 57' lang='lat'><em>2</em></span> 
     </span>
     <span class='ocr_line' id='line_1_47' title="bbox 450 4397 2881 4509; baseline -0.005 -25"><span class='ocrx_word' id='word_1_391' title='bbox 450 4432 687 4486; x_wconf 87' lang='lat' dir='ltr'>ornata</span> <span class='ocrx_word' id='word_1_392' title='bbox 728 4420 1051 4499; x_wconf 89' lang='lat' dir='ltr'>vestibus,</span> <span class='ocrx_word' id='word_1_393' title='bbox 1108 4441 1526 4506; x_wconf 90' lang='lat' dir='ltr'>aureamque</span> <span class='ocrx_word' id='word_1_394' title='bbox 1579 4419 1800 4509; x_wconf 88' lang='lat' dir='ltr'>capite</span> <span class='ocrx_word' id='word_1_395' title='bbox 1848 4430 2125 4509; x_wconf 87' lang='lat' dir='ltr'>gestans</span> <span class='ocrx_word' id='word_1_396' title='bbox 2173 4439 2540 4499; x_wconf 90' lang='lat' dir='ltr'>coronam,</span> <span class='ocrx_word' id='word_1_397' title='bbox 2590 4437 2660 4486; x_wconf 89' lang='lat' dir='ltr'>ac</span> <span class='ocrx_word' id='word_1_398' title='bbox 2701 4397 2881 4477; x_wconf 68' lang='lat' dir='ltr'>samtlffi</span> 
     </span>
    </p>
   </div>
   <div class='ocr_carea' id='block_1_3' title="bbox 2938 220 2942 1022">
    <p class='ocr_par' dir='ltr' id='par_1_4' title="bbox 2938 220 2942 1022">
     <span class='ocr_line' id='line_1_48' title="bbox 2938 220 2942 1022; baseline 0 0"><span class='ocrx_word' id='word_1_399' title='bbox 2938 220 2942 1022; x_wconf 95' lang='lat' dir='ltr'> </span> 
     </span>
    </p>
   </div>
   <div class='ocr_carea' id='block_1_4' title="bbox 2936 3490 2943 4692">
    <p class='ocr_par' dir='ltr' id='par_1_5' title="bbox 2936 3490 2943 4692">
     <span class='ocr_line' id='line_1_49' title="bbox 2936 3490 2943 4692; baseline 0 0"><span class='ocrx_word' id='word_1_400' title='bbox 2936 3490 2943 4692; x_wconf 95' lang='lat' dir='ltr'> </span> 
     </span>
    </p>
   </div>
  </div>
 </body>
</html>
