2993 4837
526 298 653 363 392
1171 316 1249 362 nn
1297 315 1351 362 s.
1405 315 1684 363 marino
1731 316 1829 361 Er.
1884 314 2239 362 renonem&
2634 293 2786 361 MN.
2818 295 2876 361 ll

431 398 760 490 gesserit.
816 399 1133 486 quamvis
1184 421 1619 487 nequaquam
1682 398 1770 468 ad
1831 398 2064 467 omnia
2113 398 2303 467 illius
2354 398 2677 487 potuerim
2717 418 2891 487 perve-

431 490 608 557 nire:
645 488 833 565 vadeo
863 510 965 568 ea,
1007 488 1075 555 in
1116 489 1372 574 quibus
1423 489 1569 589 ipse
1618 498 1883 557 tantum
1935 487 2068 556 sibi
2099 487 2420 557 conscius
2462 486 2606 566 fuit,
2642 487 2897 556 naeciun-

430 589 578 647 tur:
632 577 796 663 quia
845 575 1118 646 laudem
1168 578 1254 646 ab
1287 577 1692 647 hominibus
1736 598 1868 646 non
1922 575 2315 663 requirens„
2343 587 2669 663 quantum
2698 575 2897 664 inipso

426 665 578 746 fuit,
633 686 872 734 omnes
922 664 1203 736 virtutes
1253 688 1414 736 suas
1466 665 1676 734 latere
1730 664 2102 734 voluisset:
2156 685 2578 752 quamquam
2624 663 2803 732 etiarn
2838 685 2899 732 ex

424 754 533 834 iis,
580 776 756 839 quae
803 765 1151 842 comperta
1201 755 1400 824 nobis
1448 766 1666 834 erant,
1726 753 1924 844 plura
1973 754 2382 823 omisimus:
2434 753 2599 839 quia
2648 750 2899 821 sufficere

424 842 873 921 credidimn5‚
920 842 979 911 si
1030 853 1294 911 tantum
1328 842 1807 912 excellentiora
1861 856 2281 921 notarentur.
2323 841 2543 911 Simul
2574 854 2636 909 et
2681 840 2897 930 legenti·

425 931 558 1000 bus
598 930 1100 1000 consulendum
1146 930 1295 1012 suit,
1352 953 1437 1000 ne
1482 930 1664 1018 quod
1718 931 1826 1000 his
1872 934 2135 1018 pareret
2183 930 2381 1020 copia
2423 944 2737 1017 congesta
2762 928 2903 997 fasti-

423 1019 641 1088 dium.
708 1019 1001 1089 Obsecro
1064 1030 1293 1089 autem
1343 1042 1502 1100 θος,
1576 1020 1697 1107 qui
1768 1019 2011 1088 lecturi
2082 1032 2292 1097 sunt,
2360 1030 2436 1088 ut
2507 1019 2708 1087 fidem
2754 1016 2904 1086 dietis

425 1107 836 1176 adhibeant:
893 1129 1112 1195 neque
1164 1130 1271 1176 me
1316 1109 1731 1195 quicquam,
1794 1108 1929 1177 nisi
1980 1122 2405 1191 compertum
2458 1121 2526 1177 et
2578 1107 2901 1193 probatum,

426 1197 785 1354 {cripsisse
852 1197 1295 1267 arbitrentur.
1351 1196 1619 1284 Alioqui
1672 1210 1941 1276 tacere,
2010 1218 2219 1284 quam
2288 1195 2460 1265 falsa
2524 1196 2747 1265 dicere
2807 1217 2907 1263 ma·

453 1307 736 1356 uissem.

516 1466 550 1550 §
579 1469 632 1534 1
660 1468 835 1531 Vm..
871 1463 1087 1553 Igitur
1118 1463 1450 1532 Martinus
1482 1463 1803 1532 Sabariae
1836 1463 1869 1497 ¹*
1897 1462 2406 1532 Pannoniarum
2442 1484 2531 1551 op
2591 1461 2703 1531 ido
2731 1461 2913 1531 oriun-

425 1551 557 1620 dus
587 1550 828 1630 saiw,
866 1551 978 1621 sed
1011 1552 1188 1621 intra
1221 1552 1489 1621 Italiam
1518 1551 1735 1620 Ticini
1762 1552 1865 1586 *³³*
1890 1551 2073 1621 altus
2105 1564 2229 1631 est,
2273 1552 2535 1639 parenti
2597 1573 2679 1620 us
2725 1572 2913 1621 secun-

427 1640 593 1709 dum
637 1639 848 1709 seculi
899 1640 1297 1729 dignitatem
1344 1661 1478 1710 non
1531 1640 1817 1721 infimiS,
1853 1639 2229 1731 gentilibus
2278 1653 2528 1709 tamen.
2572 1645 2765 1709 Pater
2802 1638 2846 1727 ej

429 1727 627 1797 miles
678 1728 1003 1817 primum,
1064 1742 1214 1818 post
1264 1729 1585 1799 tribunus
1637 1729 1933 1798 militum
1988 1728 2140 1798 suit.
2194 1733 2222 1797 I
2275 1750 2348 1797 se
2400 1741 2740 1797 armatam
2787 1725 2913 1796 mili·

428 1818 586 1885 tiam
627 1817 694 1886 in
728 1816 1183 1886 adolescentia
1232 1829 1533 1899 secutuS,
1582 1818 1758 1887 inter
1798 1816 2145 1888 scholares
2192 1840 2231 1887 a
2263 1839 2336 1885 as
2383 1817 2515 1886 sub
2582 1839 2739 1907 rege
2796 1821 2863 1885 Co

427 1905 698 1987 stanti0‚
730 1905 978 1975 deinde
1011 1907 1141 1975 sub
1170 1907 1443 1975 Juliano
1492 1911 1772 1976 Caesare
1815 1906 2175 1976 militavit:
2232 1928 2365 1975 non
2418 1918 2647 1975 tamen
2697 1928 2731 1974 s
2780 1917 2911 1979 onte.

423 1995 588 2082 quia
620 2017 656 2063 a
693 1994 934 2084 primis
984 1994 1120 2063 sere
1153 1996 1355 2064 annis
1403 1994 1706 2064 divinam
1743 1995 1969 2085 potius
2003 1995 2390 2067 servitutem
2429 2016 2629 2063 sacra
2679 1994 2723 2062 il
2758 1993 2913 2090 ustiffe

425 2083 621 2174 pueri
671 2083 955 2172 spiravit
1004 2083 1314 2153 infantia.
1367 2088 1532 2154 Nam
1596 2106 1755 2153 cum
1796 2094 1973 2154 esset
2019 2105 2363 2154 annorum
2410 2082 2687 2161 decem,
2734 2082 2913 2151 invitis

427 2172 829 2262 parentibus
877 2172 960 2240 ad
1011 2172 1382 2242 Ecclesiam
1413 2172 1745 2262 confugit,
1785 2194 1994 2259 seque
2041 2172 2624 2242 catechumenum
2662 2172 2805 2240 sieri
2834 2191 2915 2259 po-

428 2260 725 2331 stulavit.
773 2266 918 2330 Mox
952 2261 1202 2331 mirum
1241 2262 1309 2329 in
1349 2261 1627 2330 modum
1667 2273 1846 2332 totus
1880 2261 1946 2328 in
1988 2263 2099 2329 Dei
2135 2282 2339 2350 opere
2369 2282 2770 2341 conversuS,
2796 2278 2913 2330 eum

425 2364 600 2421 esset
647 2372 985 2420 annorum
1038 2349 1400 2420 duodecim
1455 2404 1471 2430 ‚
1524 2352 1832 2421 eremum
1882 2350 2299 2440 concupivit:
2338 2348 2748 2438 fecissetque
2790 2346 2913 2418 votis

426 2440 614 2521 satiS,
654 2441 712 2509 si
759 2439 997 2508 aetatis
1030 2439 1399 2510 infirmitas
1451 2462 1585 2509 non
1633 2439 2030 2510 obstitisset.
2070 2440 2311 2508 Animo
2344 2450 2570 2508 tamen
2623 2454 2747 2508 aut
2780 2440 2915 2508 ciroe

426 2529 862 2608 monasteria,
917 2541 1035 2598 aut
1081 2529 1265 2598 circa
1307 2527 1632 2599 ecclesias
1682 2549 1953 2617 semper
2009 2528 2337 2604 intentus,
2380 2527 2835 2596 meditabatur
2868 2524 2911 2592 in

425 2629 639 2686 aetate
691 2616 961 2706 puerili,
1030 2617 1213 2705 quod
1265 2629 1498 2707 postea
1543 2618 1829 2687 devotus
1878 2616 2208 2706 implevit.
2268 2615 2391 2684 Sed
2444 2637 2607 2685 cum
2657 2616 2911 2686 edictum

424 2718 597 2774 esset
642 2728 682 2773 a
732 2705 1031 2794 regibus,
1087 2719 1160 2775 ut
1226 2717 1700 2776 veteranorum
1754 2705 1881 2774 filii
1927 2705 2014 2774 ad
2084 2705 2402 2774 militiam
2463 2705 2909 2776 scriberentur.

427 2793 755 2883 prodente
808 2805 1016 2881 patre,
1056 2795 1177 2881 qui
1228 2794 1542 2864 felicibus
1606 2794 1756 2880 ejus
1815 2794 2083 2864 actibus
2134 2792 2524 2872 invidebat,
2578 2817 2747 2863 cum
2792 2803 2915 2861 esset

426 2903 762 2950 annorum
805 2882 1227 2968 quindecim,
1266 2897 1506 2973 raptus
1539 2896 1602 2952 et
1631 2895 2009 2963 catenatus,
2052 2883 2501 2952 sacramentis
2540 2882 2911 2952 militaribus

426 2982 527 3039 est
587 2970 1003 3059 implicatus,
1058 2993 1198 3040 uno
1250 2984 1512 3041 tantum
1587 2993 1779 3042 servo
1827 2972 2074 3041 comite
2121 2983 2504 3050 contentnS‚
2561 2973 2677 3040 cui
2722 2984 2913 3041 ⁴tamen

429 3081 618 3128 versa
667 3060 809 3127 vice
869 3058 1193 3131 dominus
1244 3062 1601 3141 serviebat,
1668 3061 1838 3130 adeo
1879 3073 1954 3130 ut
2004 3059 2413 3149 plerumque
2459 3060 2524 3128 ei
2591 3074 2658 3129 et
2704 3060 2916 3129 calcea·

429 3161 656 3217 menta
705 3148 850 3249 ipse
910 3148 1313 3231 detraheret,
1368 3163 1433 3218 et
1482 3151 1628 3238 ipse
1691 3149 2089 3238 detergeret,
2135 3148 2369 3217 cibum
2424 3170 2564 3217 una
2611 3157 2911 3242 caperent,

426 3238 536 3307 hic
567 3259 843 3326 saepius
893 3238 1332 3307 ministraret.
1378 3238 1781 3308 Triennium
1833 3238 1969 3306 sere
2016 3250 2175 3306 ante
2206 3237 2553 3326 baptisma
2613 3238 2685 3306 in
2751 3252 2915 3306 armis

426 3326 576 3407 fuit,
635 3328 893 3416 integer
954 3339 1177 3395 tamen
1229 3327 1314 3396 ab
1372 3328 1480 3397 his
1533 3327 1735 3410 vitiis,
1788 3327 2045 3414 quibus
2096 3324 2266 3395 illud
2334 3325 2700 3395 hominum
2743 3339 2914 3420 genus

426 3415 784 3505 implicare
833 3414 1024 3485 solet.
1087 3415 1297 3484 Multa
1345 3415 1446 3485 illi
1506 3416 1689 3485 circa
1751 3414 2255 3485 commilitones
2312 3414 2733 3504 benignitaS,
2784 3429 2912 3482 mira

422 3504 743 3574 charitas:
785 3504 1110 3594 patientia
1137 3527 1312 3584 vero,
1353 3519 1558 3591 atque
1590 3503 1969 3586 humilitaS,
2002 3503 2183 3573 ultra
2224 3503 2612 3572 humanum
2645 3503 2909 3573 modum·

421 3599 584 3663 Nam
637 3592 1097 3684 frugalitatem
1150 3594 1217 3661 in
1273 3614 1351 3662 eo
1402 3592 1686 3662 laudare
1745 3614 1876 3662 non
1927 3605 2029 3663 est
2093 3613 2412 3668 necesse,
2457 3613 2597 3679 qua
2649 3593 2739 3661 ita
2783 3605 2910 3679 ustis

419 3695 541 3762 est,
586 3697 656 3752 ut
698 3681 998 3769 jam'illo
1035 3694 1337 3771 tempore
1373 3704 1506 3752 non
1560 3681 1781 3762 mileS,
1821 3681 1935 3750 sed
1975 3681 2356 3750 monachus
2392 3694 2766 3769 putaretur.
2791 3682 2910 3758 Qui·

420 3771 551 3841 bus
604 3772 807 3841 rebus
859 3771 949 3840 ita
985 3770 1118 3839 sibi
1166 3792 1407 3840 omnes
1457 3770 1962 3840 commilitones
2010 3792 2172 3839 suos
2222 3769 2642 3850 devinxerat,
2688 3783 2762 3838 ut
2790 3779 2907 3833 eum

422 3861 594 3929 miro
631 3873 1116 3929 venerarentur
1149 3860 1420 3929 affectu.
1466 3858 1767 3928 Necdum
1814 3872 2038 3928 tamen
2085 3872 2523 3949 regeneratus
2558 3859 2626 3925 in
2663 3856 2901 3945 Christo.

418 3951 661 4040 agebat
708 3948 1077 4036 quemdam
1121 3947 1321 4019 bonis
1376 3949 1704 4038 operibus
1755 3947 2186 4036 baptismatis
2233 3946 2727 4016 candidatum:
2773 3958 2904 4011 asst-

419 4055 591 4108 stere
641 4038 901 4107 scilicet
943 4036 1437 4118 laborantibus,
1479 4060 1519 4107 o
1572 4059 1680 4106 em
1714 4035 1889 4106 ferre
1940 4035 2232 4116 miseris,
2276 4049 2554 4126 egentes
2582 4036 2774 4111 alere,
2808 4046 2903 4095 nu·

419 4127 543 4196 dos
593 4127 855 4208 vestire,
905 4125 1077 4195 nihil
1127 4126 1260 4197 sibi
1294 4148 1373 4196 ex
1425 4060 1710 4195 militiae
1740 4125 2127 4215 stipendiiS‚
2167 4142 2433 4214 praeter
2475 4123 2895 4212 quotidianum

475 4324 500 4346 ¹*
530 4324 682 4369 Hujus
712 4325 931 4372 antiquae
961 4321 1092 4363 urbis
1121 4320 1285 4361 ruinae
1314 4323 1465 4363 adhue
1496 4326 1754 4372 supersunt
1774 4320 1821 4361 in
1844 4323 1961 4366 loco,
1982 4321 2065 4371 qul
2085 4321 2210 4361 Staio·
2228 4323 2441 4366 vocatur.
2461 4320 2509 4362 in
2530 4307 2893 4366 Pannonintifflste

429 4373 668 4423 quheria)
685 4376 910 4422 inferiori,
930 4377 1049 4424 apud
1069 4373 1309 4414 civitatem
1330 4378 1528 4415 ἔπεσαν.

480 4429 530 4453 *⁶
560 4433 690 4466 Anno
709 4429 785 4466 316
809 4431 882 4468 vel
901 4431 992 4468 317.
1746 4429 1827 4455 *³*
1858 4430 1993 4469 Pario
2013 4425 2211 4468 scilicet.
