2993 4837
42 295 210 359 NOV.
266 296 355 358 25
724 313 798 358 ne
848 315 903 358 s.
956 311 1313 358 cunarum
1367 311 1534 357 vnto.
1587 311 1662 356 ετ
1713 307 1902 358 uam.
2373 296 2486 359 671

44 409 317 466 mortem
362 419 406 464 a
448 396 645 464 nobis
682 394 1121 483 depellerent,
1176 408 1241 463 et
1288 415 1564 464 omnem
1617 416 1916 465 errorem
1952 417 1992 463 a
2053 396 2250 465 nobis
2291 396 2587 465 abduce-

43 498 197 562 rent,
239 497 307 553 et
360 484 765 553 universum
830 486 1062 552 orbem
1119 497 1331 551 terrae
1392 483 1474 552 ad
1530 505 1686 552 eum
1732 483 2175 553 adducerent.
2233 489 2589 573 Propterea

40 587 292 661 oportet
340 594 470 642 nos
501 594 774 658 quoque
807 574 1037 640 omnia
1086 572 1471 660 pervadere,
1527 588 1591 640 et
1638 594 1784 641 esse
1831 573 2198 660 participes
2244 574 2394 661 ejus
2441 595 2589 663 per-

44 663 466 749 pessionum,
505 660 1005 749 complantatos
1034 660 1474 729 similitudini
1531 662 1767 729 mortis
1805 661 1978 745 ejuS,
2023 675 2099 729 ut
2149 662 2589 731 resurrectio·

44 750 139 818 nis
169 764 234 819 et
279 751 480 839 regni
521 772 766 818 sumus
801 772 956 818 cum
1009 772 1089 817 eo
1127 749 1512 837 participes.
1556 753 1829 838 Oportet
1861 771 2022 837 ergo
2067 763 2126 818 te
2166 771 2440 835 quoque
2483 750 2591 820 his

42 838 462 927 persuaderi,
521 853 585 906 et
648 839 875 926 ipsum
931 860 1164 906 verum
1223 843 1430 907 Deum
1487 858 1881 926 agnoscere,
1934 851 2000 907 et
2053 839 2115 906 ei
2179 838 2585 907 familiarem

40 926 226 1005 effici,
271 928 397 1013 qui
439 927 645 995 dicit:
695 930 912 995 l·“enite
945 950 1165 995 omnes
1203 928 1326 1016 (1μί
1361 928 1704 1006 laborati&
1744 937 1805 994 et
1839 929 2104 1000 onerati
2129 929 2308 1005 estis,
2365 937 2426 996 et
2458 951 2579 1017 eqo

48 1018 331 1103 reficiam
360 1039 478 1085 vos
505 1017 772 1104 (Mamz.
819 1016 935 1100 xi).
977 1015 1166 1097 Quod
1198 1016 1255 1082 si
1296 1037 1427 1083 non
1469 1015 1599 1093 liis,
1633 1027 1699 1083 at
1756 1016 1838 1083 iis
1872 1015 2140 1093 saltem,
2199 1037 2376 1101 quae
2410 1015 2590 1086 dicta

46 1117 195 1172 sunt
226 1104 435 1173 adiis
484 1105 618 1174 tuis
665 1118 728 1173 et
780 1106 1015 1193 poetis.
1080 1104 1374 1172 Omnino
1428 1104 1611 1171 enim
1667 1104 1786 1171 tibi
1826 1117 1891 1171 et
1938 1105 2214 1192 sapiens
2265 1104 2474 1184 Plato,
2522 1122 2587 1173 et

52 1193 348 1262 musicus
380 1194 720 1282 OrplieuS,
758 1193 876 1278 qui
912 1216 1032 1260 sua
1099 1192 1266 1280 lyra,
1324 1205 1397 1260 ut
1446 1191 1679 1269 fertur,
1744 1193 2053 1260 movebat
2099 1193 2304 1261 etiam
2357 1194 2584 1262 inani-

56 1293 257 1349 mata:
330 1296 678 1370 praeterea
725 1294 951 1351 autem
1015 1282 1331 1367 egregius
1386 1302 1659 1366 quoque
1711 1280 1822 1349 ille
1876 1303 2090 1369 purus
2140 1281 2374 1370 Apollo
2423 1303 2578 1350 eum

57 1368 162 1437 tibi
198 1370 292 1440 vel
353 1371 546 1438 inviti
581 1370 1017 1447 confitentur,
1070 1383 1135 1437 et
1184 1370 1480 1437 veritatis
1514 1369 1777 1455 aliquid
1810 1370 1896 1438 ab
1937 1370 2036 1438 eis
2068 1383 2170 1439 est
2201 1381 2578 1444 ostensum,

58 1470 117 1523 ut
157 1460 385 1528 omnis
431 1459 664 1548 impiis
708 1458 1049 1528 tolleretur
1081 1458 1372 1536 occasiO,
1414 1458 1681 1525 etiamsi
1735 1458 1860 1546 ipsi
1919 1471 2079 1526 sunt
2127 1458 2467 1538 infatuati,
2522 1473 2586 1526 et

60 1545 341 1615 videntes
398 1569 533 1615 non
573 1547 909 1626 viderunt,
963 1559 1028 1614 et
1056 1546 1411 1615 au‹li·ntes
1465 1568 1597 1615 non
1655 1546 2130 1616 intellexerunt
2160 1548 2213 1612 *.
2258 1570 2289 1611 »

132 1637 163 1720 ξ
206 1640 354 1708 18.
413 1637 533 1705 His
563 1636 1005 1723 obstupuisse
1037 1648 1398 1714 oratorem,
1434 1648 1500 1703 et
1545 1637 1695 1724 ejus
1728 1635 2037 1724 linguam
2094 1635 2296 1724 plane
2335 1635 2584 1703 obmu-

61 1725 249 1792 tuisse
303 1747 467 1795 cum
533 1724 813 1794 vidisset
872 1729 1287 1812 Imperator,
1350 1723 1435 1792 ad
1496 1723 1871 1793 oratorium
1924 1723 2266 1809 reliquum
2317 1735 2582 1793 coetum

61 1831 436 1891 conversus,
481 1815 788 1883 hortatus
835 1825 958 1891 est,
1006 1827 1080 1879 ut
1116 1813 1244 1900 ipsi
1293 1831 1569 1898 quoque
1616 1812 2154 1901 aggrederentur
2193 1818 2576 1899 Martyrem.

64 1898 155 1967 llli
191 1915 420 1971 autem
460 1903 686 1971 statim
729 1901 1105 1971 detrectant
1152 1912 1521 1980 certamen,
1557 1901 1896 1970 dicentes:
1937 1925 1972 1967 «
2002 1906 2142 1971 Non
2191 1922 2581 1988 possumus,

65 2007 96 2051 o
138 1992 532 2079 Imperator,
588 1990 845 2077 aliquid
891 2011 1234 2078 opponere
1283 2003 1520 2058 contra
1560 2012 1634 2058 ea
1671 2012 1848 2075 quae
1895 1989 2098 2068 dicit;
2143 2003 2209 2057 et
2258 1990 2576 2063 maxime,

67 2076 222 2157 quod
270 2100 458 2158 eum,
512 2080 631 2165 qui
665 2092 767 2148 est
814 2078 989 2147 inter
1039 2100 1162 2145 nos
1222 2077 1899 2166 praestantissimus,
1956 2091 2090 2147 tam
2141 2078 2437 2166 graviter
2489 2078 2582 2143 vi·

74 2159 284 2236 demus
318 2167 407 2237 ab
457 2190 535 2236 ea
584 2181 1008 2255 superatum.
1050 2190 1083 2232 »
1136 2172 1323 2234 Tunc
1372 2167 1747 2235 Maxentius
1797 2188 1928 2234 non
1984 2179 2219 2255 potens
2267 2165 2439 2233 ferre
2478 2163 2586 2234 fu-

81 2270 286 2345 rorem,
323 2256 528 2343 jabet
575 2257 800 2324 statim
854 2277 1095 2344 rogum
1134 2254 1415 2322 accendi
1464 2255 1533 2323 in
1587 2254 1810 2323 media
1847 2255 2139 2331 civitate,
2194 2267 2258 2322 et
2310 2254 2373 2322 in
2418 2276 2578 2322 eum

84 2338 238 2427 injici
293 2346 605 2432 quinqua
666 2346 800 2414 inta
869 2357 1194 2413 oratores.
1265 2342 1370 2411 Illi
1420 2343 1696 2423 autem,
1771 2343 1898 2411 hac
1962 2343 2198 2412 audita
2248 2343 2580 2412 sententia

77 2432 410 2512 procidunt
457 2433 614 2502 adi
653 2434 786 2503 lius
820 2439 1054 2503 Beatae
1109 2433 1334 2519 pedes,
1389 2447 1453 2502 et
1512 2456 1661 2502 eam
1726 2433 2154 2502 veliementer
2223 2433 2585 2501 obsecrant

72 2529 123 2582 et
162 2522 574 2611 supplicant,
621 2535 694 2590 ut
741 2522 826 2591 ab
887 2521 1071 2590 illius
1135 2527 1261 2590 Deo
1309 2522 1407 2590 eis
1470 2522 1960 2610 ignosceretur,
2035 2522 2092 2590 si
2142 2520 2304 2607 quid
2359 2521 2445 2589 ab
2484 2522 2584 2589 eis

74 2622 398 2689 peccatum
452 2612 540 2682 sit
606 2612 1018 2699 ignorantia:
1071 2624 1134 2678 et
1194 2624 1269 2679 ut
1317 2611 1550 2679 divino
1602 2609 2049 2699 dignarentur
2117 2610 2456 2697 baptismo
2524 2624 2586 2676 et

70 2690 225 2764 dono
272 2700 500 2769 Sancti
552 2700 868 2788 SpirituS,
921 2715 983 2768 et
1048 2700 1270 2783 quoad
1327 2700 1482 2783 ejus
1533 2699 1678 2768 lieri
1734 2713 1995 2788 posset,
2061 2697 2157 2767 illi
2211 2698 2584 2787 conjunge-

76 2799 303 2855 rentur.
366 2789 459 2858 Ad
513 2788 678 2856 haec
742 2793 991 2875 Martyr
1051 2787 1286 2856 divina
1338 2787 1593 2877 repleta
1643 2787 1939 2857 laetitia:
1997 2811 2030 2853 «
2067 2788 2264 2863 Estis,
2338 2786 2580 2872 inquit,

75 2889 200 2940 vere
232 2875 431 2957 beati,
473 2876 654 2962 quod
695 2875 945 2945 relictis
997 2877 1317 2955 tenebris,
1365 2877 1580 2944 secuti
1627 2878 1788 2946 estis
1852 2876 2073 2944 lucem
2129 2874 2470 2953 veritatis;
2524 2889 2587 2940 et

77 2957 278 3032 relicto
328 2971 529 3055 Rege,
564 2964 683 3052 qui
727 2966 791 3033 in
848 2965 1041 3034 terris
1084 2964 1334 3033 Interit.
1390 2966 1776 3034 accessistis
1827 2964 1909 3032 ad
1961 2986 2144 3042 eum,
2198 2964 2314 3050 qui
2358 2976 2457 3031 est
2519 2964 2582 3029 in

73 3048 253 3145 coelis
285 3057 372 3124 ab
426 3056 697 3122 interitu
750 3053 1020 3123 alienus
1052 3067 1116 3122 et
1153 3053 1583 3122 immortalis.
1629 3053 1815 3142 Ignis
1861 3053 2071 3130 enim,
2125 3075 2330 3138 quem
2392 3053 2586 3139 impii

78 3132 153 3200 illi
204 3143 386 3211 vobis
440 3156 600 3228 sunt
639 3144 901 3221 minati,
931 3144 1058 3210 erit
1090 3141 1603 3227 quodammodo
1657 3141 1843 3209 vobis
1879 3140 2220 3229 baptisma
2266 3154 2331 3209 et
2364 3140 2586 3210 scalae

75 3221 141 3289 ad
179 3229 462 3309 coelum,
505 3232 562 3299 si
611 3253 746 3316 qua
789 3232 874 3300 sit
911 3231 1202 3309 macula,
1262 3232 1316 3298 si
1368 3253 1504 3317 qua
1540 3230 1797 3307 sordes,
1855 3251 2004 3298 eam
2055 3250 2470 3318 expurgans,
2525 3243 2587 3295 vt

78 3320 394 3400 tamquam
466 3320 730 3388 lucidas
777 3319 1110 3405 quasdam
1164 3319 1445 3398 stellaS,
1505 3341 1618 3388 vos
1659 3319 1739 3387 ad
1797 3317 1988 3388 illum
2047 3318 2269 3406 ipsum
2336 3323 2581 3403 Regem

78 3416 325 3472 sursum
362 3408 648 3485 ducens,
687 3423 752 3477 et
797 3409 1099 3475 alliciens
1141 3408 1490 3495 jucundos
1538 3422 1603 3476 et
1636 3407 1988 3476 amabiles.
2027 3430 2060 3471 »
2113 3411 2188 3474 Et
2239 3408 2385 3495 ipsa
2432 3409 2586 3491 qui-

77 3484 209 3557 dem
242 3515 393 3562 cum
435 3500 534 3567 eis
570 3497 697 3566 hac
730 3520 849 3582 spe
882 3512 945 3565 et
971 3519 1283 3565 sermone
1324 3498 1636 3567 animum
1667 3496 2066 3570 addidisset,
2112 3508 2175 3563 et
2214 3495 2588 3579 unicuique

79 3592 245 3678 arma
281 3582 860 3675 inexpugnabilia,
901 3607 1143 3671 nempe
1180 3585 1424 3653 Christi
1459 3584 1925 3673 signaculum,
1971 3584 2392 3659 immisisset,
2429 3605 2584 3650 cuin

80 3680 421 3745 gratiarum
473 3674 738 3743 actione
770 3687 834 3743 et
885 3673 1139 3742 laetitia
1187 3673 1469 3742 dimittit
1505 3673 1585 3742 ad
1627 3674 2060 3762 martyrium.
2110 3678 2307 3758 Spem
2360 3684 2583 3739 autem

82 3770 456 3850 consecutus
515 3777 616 3832 est
671 3776 993 3841 eventus;
1049 3776 1113 3832 et
1160 3784 1318 3831 cum
1381 3784 1496 3830 eos
1564 3783 1720 3830 acce
1777 3762 1988 3832 issent
2052 3760 2324 3831 milites,
2384 3759 2589 3827 laetos

82 3843 326 3937 (lUJdem
362 3851 626 3936 jaciunt
660 3852 726 3919 in
780 3852 1128 3920 flammam
1172 3851 1351 3940 ignis
1411 3851 1703 3939 septimo
1755 3850 1975 3918 ecimo
2015 3850 2269 3917 mensis
2309 3854 2588 3917 Novem-

86 3920 222 4026 bri-s.
258 3940 535 4027 Vespere
583 3955 809 4009 autem
861 3939 1142 4025 quidam
1202 3963 1279 4007 ex
1320 3939 1449 4027 piis
1509 3939 1767 4028 egressi
1816 3938 1900 4007 ad
1951 3937 2373 4037 colligendas
2413 3937 2588 4035 'reli-

86 4030 276 4101 (111135,
318 4028 667 4098 inveniunt
717 4051 833 4097 eas
894 4050 1097 4097 sanas
1144 4041 1209 4096 et
1256 4029 1503 4107 salvaS,
1561 4028 1728 4097 adeo
1769 4041 1844 4095 ut
1895 4048 2018 4095 nec
2081 4026 2263 4113 pilus
2310 4025 2586 4109 quidem

89 4120 291 4194 {mrum
338 4139 374 4185 a
409 4119 685 4188 ssamma
734 4119 1019 4187 omnino
1067 4118 1154 4184 sit
1202 4130 1691 4204 consumptus:
1761 4116 1889 4184 hoc
2003 4114 2253 4183 rimum
2311 4115 2586 4197 signum

92 4186 331 4271 illorum
380 4228 535 4275 cum
578 4210 706 4275 Deo
737 4206 1274 4291 conjunctionis,
1324 4205 1686 4294 praebente
1728 4204 1914 4293 provi
1972 4203 2177 4270 entia.

136 4296 155 4321 ‘
181 4300 424 4358 scientiam,
452 4324 545 4361 qua
570 4316 735 4363 procul
764 4314 909 4354 dubio
939 4313 981 4351 S.
1018 4312 1266 4353 catharina
1296 4310 1480 4353 imbuta
1516 4317 1630 4357 erat.
1665 4313 1790 4351 haud
1820 4311 2082 4353 mirabitur,
2101 4313 2196 4358 qui.
2214 4307 2412 4355 exempli
2434 4305 2596 4355 gratia.

96 4347 528 4451 glffiggliltfofminam
548 4394 565 4437 ⁸,
586 4367 748 4406 itidem
779 4366 1161 4433 Alexandrinam,
1192 4364 1440 4424 Hypatium
1477 4366 1685 4411 nomino,
1721 4364 1952 4413 Insignem
1991 4361 2266 4401 ornaturum.
2303 4366 2592 4408 prrspcctnn.

280 4443 289 4452 -
307 4419 477 4458 claruit
500 4421 555 4466 Eg.
570 4424 695 4468 patin
716 4421 802 4461 sub
822 4420 1084 4460 Theodosio
1105 4422 1315 4459 Jtzniore.
