2993 4837
73 346 222 410 NOV.
273 346 351 410 27
744 366 817 409 os
867 366 919 410 s.
976 365 1218 410 ,xiAxiixo
1270 364 1608 410 nascisxsi
1658 363 1856 410 EPiSC.
2362 347 2487 411 093

71 443 274 511 dicens
301 465 454 511 eum
496 443 561 511 id
592 464 787 532 posse
814 442 1162 522 facillime,
1202 442 1762 529 quandoquidem
1811 443 2002 512 nullo
2040 443 2386 512 indicante
2427 445 2571 533 jam

70 532 494 620 cognovisset,
540 553 717 617 quae
764 532 848 601 de
908 554 1118 619 puero
1170 531 1346 600 facta
1394 544 1643 601 essent.
1699 537 1836 600 Hac
1885 532 1998 600 ille
2057 533 2573 621 importunitate

67 619 455 709 compulsuS,
494 633 559 690 et
591 620 847 689 ratione
894 621 1326 700 constrictuS‚
1373 642 1533 689 cum
1570 625 1837 689 Ansano
1877 620 2089 690 voluit
2119 621 2204 690 ad
2237 620 2566 689 lectulum

64 730 237 777 suum
274 722 524 779 secreto
557 732 629 778 se
659 709 1003 778 conferre:
1052 709 1167 778 sed
1220 709 1458 798 populi
1502 709 1950 795 frequentiam
1997 709 2206 777 vitare
2257 732 2389 777 non
2445 731 2569 798 po-

64 798 188 875 tuit,
242 797 520 867 volentis
569 811 793 868 tantae
843 799 937 867 rei
988 797 1321 866 miraculo
1374 798 1719 867 interesse.
1776 804 2137 883 Postquam
2199 799 2409 887 igitur
2459 820 2572 867 ve·

60 887 143 953 nit
176 886 253 954 ad
293 887 603 955 exanime
654 887 847 976 pueri
895 886 1424 975 corpusculum,
1478 886 1783 954 divinam
1834 886 2054 975 coepit
2119 898 2253 956 toto
2306 899 2573 976 pectore

61 974 399 1063 implorare
432 998 657 1064 opem,
697 976 1263 1065 apprehensaque
1301 996 1459 1043 cum
1513 975 1728 1043 multa
1777 975 2032 1044 fiducia
2086 976 2277 1062 pueri
2330 997 2566 1055 manu,

60 1064 355 1150 pristinae
402 1087 559 1133 eum
612 1063 815 1133 saluti
888 1065 1200 1134 restituit.
1268 1062 1683 1132 Exclamavit
1729 1076 1955 1133 autem
2042 1063 2338 1152 populus
2415 1064 2574 1132 uni-

59 1173 305 1222 versus:
360 1155 590 1223 Gloria
631 1155 985 1232 tibiDeus;
1019 1174 1141 1222 nec
1187 1153 1556 1239 quisquam
1619 1174 1856 1221 eorum
1909 1151 2067 1220 inde
2117 1152 2446 1220 removeri
2497 1175 2570 1221 se

59 1262 274 1327 passus
319 1255 419 1311 est
473 1242 604 1310 nisi
653 1241 908 1310 videret
958 1254 1337 1310 moventem
1387 1263 1459 1309 se
1509 1263 1837 1328 puerum,
1892 1254 1955 1310 et
2007 1240 2390 1328 loquentem
2444 1264 2572 1309 au-

60 1327 226 1398 diret.
286 1335 371 1399 Ex
419 1353 558 1416 quo
612 1330 843 1419 populi
910 1329 1211 1399 tumultu
1262 1331 1368 1398 vix
1414 1350 1621 1418 opera
1670 1329 2076 1399 clericorum
2148 1351 2432 1398 suorum
2484 1329 2568 1396 ad

62 1418 295 1507 vigilias
344 1419 582 1488 reduci
635 1419 871 1507 potuit.
929 1424 1002 1486 In
1056 1419 1181 1487 hoc
1234 1417 1566 1488 miraculo
1614 1430 1679 1487 et
1742 1440 1993 1507 magna
2044 1419 2320 1488 Diaconi
2370 1416 2565 1496 fides,

60 1520 108 1573 et
149 1507 426 1576 illustris
480 1508 794 1595 Episcopi
848 1508 1062 1575 virtus
1109 1506 1376 1576 enituit.

127 1597 273 1681 §Q
328 1603 534 1665 Porro
582 1597 783 1665 etiam
836 1595 1205 1683 cujusdam
1268 1595 1514 1664 viduae
1560 1595 1836 1663 unicam
1909 1594 2118 1663 [iliam
2172 1595 2565 1664 adolescen-

63 1695 171 1750 tem
218 1685 465 1753 accidit
511 1708 546 1753 e
589 1685 719 1753 vita
767 1684 1127 1753 decedere:
1181 1706 1389 1770 quam
1439 1705 1597 1753 cum
1653 1695 1866 1751 mater
1902 1684 2313 1753 miserabilis
2358 1684 2426 1751 in
2473 1683 2572 1753 fe-

57 1785 208 1840 retro
255 1795 372 1862 pro
436 1795 623 1842 more
671 1773 1082 1842 efferendam
1132 1774 1667 1861 composuisset,
1731 1772 1815 1840 ad
1869 1773 2140 1841 beatum
2193 1773 2563 1841 antistitem

58 1861 288 1947 trepida
325 1863 732 1952 properavit,
791 1882 1209 1948 causamque
1241 1861 1498 1931 doloris
1547 1861 1653 1930 sui
1685 1859 2007 1950 lacrymis
2055 1861 2302 1949 potius,
2356 1883 2563 1946 quam

58 1949 271 2029 verbis,
324 1952 384 2020 ei
441 1951 789 2029 indicavit,
826 1972 1029 2020 orans
1064 1962 1137 2018 ut
1184 1950 1266 2018 ad
1297 1971 1549 2039 corpus
1596 1950 1909 2018 exanime
1943 1971 2172 2038 preces
2222 1949 2565 2019 funderet.

56 2037 115 2103 Id
163 2061 303 2108 vero
353 2052 638 2108 sanctus
680 2039 977 2127 praesul,
1034 2039 1276 2127 pietate
1312 2054 1561 2115 motus,
1619 2060 1739 2106 nec
1792 2060 2074 2126 negare,
2133 2060 2255 2107 nec
2296 2038 2568 2107 differre

60 2128 269 2212 potuit;
322 2130 442 2198 sed
496 2129 578 2195 ad
636 2127 925 2196 cadaver
972 2127 1339 2206 accedenS,
1412 2127 1702 2196 sublatis
1753 2127 1820 2195 in
1872 2126 2136 2196 coelum
2202 2127 2565 2201 manibus,

60 2215 233 2284 Deum
288 2238 553 2305 pronus
585 2216 929 2305 implorat,
982 2229 1045 2284 et
1079 2218 1209 2284 vita
1239 2216 1546 2284 redditur
1576 2215 1933 2284 extinctae.
1971 2215 2334 2284 Confestim
2385 2216 2567 2283 enim

64 2299 177 2382 illa,
235 2318 585 2392 tamquam
639 2305 826 2393 gravi
876 2303 1096 2372 soluta
1148 2326 1409 2383 somn0,
1484 2304 2000 2404 expergiscitur,
2054 2303 2287 2373 oculos
2357 2305 2575 2393 aperit

66 2409 547 2483 praegravatos,
624 2393 965 2483 appellata
1043 2394 1307 2483 surgit,
1369 2406 1581 2462 mater
1653 2415 1802 2481 ejus
1875 2394 2214 2462 immenso
2271 2391 2570 2462 afficitur

57 2482 297 2565 gaudio,
337 2483 642 2574 populus
690 2484 915 2553 omnis
963 2483 1421 2566 obstupescit:
1461 2482 1864 2571 Episcopus,
1909 2482 2029 2568 qui
2067 2482 2390 2550 virtutum
2431 2504 2570 2550 nie·

54 2567 175 2641 ritis
223 2574 463 2642 mortis
502 2572 665 2660 jura
716 2571 1101 2652 resolverat,
1156 2570 1428 2661 fugiens
1469 2571 1895 2657 jactantiam,
1950 2570 2134 2640 illico
2181 2592 2252 2638 se
2303 2570 2569 2639 subdu-

51 2656 145 2737 cit:
193 2661 304 2730 sed
364 2660 669 2750 populus
721 2660 990 2749 magnis
1041 2661 1321 2729 vocibus
1372 2659 1664 2728 laudans
1736 2665 1985 2738 Deum,
2043 2660 2403 2727 maximam
2467 2680 2574 2727 ve·
2617 2706 2624 2715 ‹

49 2746 324 2818 stimenti
373 2751 529 2838 ejus
579 2762 863 2837 partem,
921 2748 1366 2835 reliquiarum
1422 2748 1567 2817 loco
1597 2772 1744 2817 eam
1785 2748 2126 2825 habitura,
2181 2748 2364 2816 civili
2398 2768 2570 2833 qua-

47 2831 180 2902 dam
232 2838 553 2907 violentia
585 2837 823 2925 diripit
853 2851 916 2905 et
964 2838 1334 2926 discerpit:
1374 2838 1463 2905 ita
1500 2850 1571 2905 ut
1607 2849 1880 2926 propter
1927 2838 2076 2925 ejus
2112 2835 2563 2905 declarandas

46 2922 325 3005 virtutes,
384 2926 452 2994 id
507 2926 687 3012 quod
740 2947 937 3015 aegre
987 2926 1069 2993 ad
1122 2926 1447 2995 humeros
1495 2927 1646 3012 ejus
1675 2926 1988 2994 relictum
2042 2925 2193 3006 fuit,
2232 2924 2566 2994 hodierna

48 3008 327 3083 fidelium
383 3016 745 3083 devotione
795 3027 1202 3083 asservetur.

118 3103 148 3186 ξ
195 3107 286 3173 9.
344 3102 915 3172 Adolescentulus
970 3102 1250 3189 quidam
1308 3102 1525 3171 rabidi
1591 3103 1783 3172 canis
1850 3125 2079 3172 morsu
2146 3101 2574 3191 praefocatus

48 3191 247 3273 periit.
302 3192 486 3261 Vidit
535 3191 601 3260 id
644 3191 963 3281 populus,
1012 3192 1150 3259 abit
1184 3191 1266 3259 ad
1307 3192 1750 3279 Episcopum,
1786 3204 1932 3260 orat
1964 3204 2036 3259 ut
2067 3190 2147 3259 ad
2200 3191 2573 3259 extinctum

44 3274 374 3349 hominem
450 3281 692 3348 veniat.
756 3284 829 3348 At
908 3280 1019 3349 ille
1094 3281 1377 3368 ancipiti
1447 3280 1858 3369 cogitatione
1925 3301 2346 3368 suspensu3,
2403 3278 2569 3346 dum

44 3363 187 3436 hinc
251 3391 385 3437 non
444 3382 659 3458 potest
707 3381 1142 3437 contemnere
1218 3369 1558 3457 lacrymas
1625 3367 2207 3457 supplicantium,
2270 3366 2429 3435 inde
2487 3366 2573 3434 ab

42 3459 477 3527 ostentatione
527 3457 656 3527 sibi
708 3457 970 3536 metuit,
1031 3457 1297 3526 tandem
1354 3458 1597 3546 pietate
1639 3457 1968 3525 vincitur:
2025 3456 2186 3525 facit
2231 3455 2414 3542 quod
2466 3477 2575 3523 ro-

41 3544 339 3629 gabatur,
396 3547 581 3615 venit
635 3544 719 3615 ad
774 3559 1117 3615 mortuum
1176 3546 1556 3625 bominem,
1617 3545 1788 3614 tollit
1839 3567 2087 3614 manus
2146 3546 2210 3613 in
2275 3544 2568 3624 coelum,

44 3634 417 3721 pariterque
457 3634 792 3704 stillantes
821 3634 1081 3713 oculos,
1117 3634 1556 3721 adspectante
1587 3633 1838 3724 populo
1867 3634 2110 3703 excitat
2140 3632 2568 3701 defunctum.

39 3720 286 3791 Adsunt
323 3737 663 3812 parentes,
706 3723 956 3811 pun-nis
990 3746 1115 3791 sua
1146 3724 1502 3792 verberant
1535 3737 1826 3811 pectora,
1858 3745 1971 3792 ora
2013 3722 2331 3810 lacrymis
2358 3725 2576 3807 usque

40 3809 190 3878 adeo
229 3812 457 3900 rigant
504 3833 712 3899 super
760 3778 927 3889 fi‘l’io,
968 3825 1107 3880 ute
1151 3825 1323 3879 terra
1374 3833 1657 3899 surgere
1706 3833 1839 3881 non
1894 3812 2167 3891 valeret,
2230 3809 2386 3879 licet
2427 3810 2572 3899 jam

40 3897 395 3969 redivivus,
435 3901 710 3969 Interim
750 3922 1031 3969 manum
1083 3922 1290 3969 unam
1348 3901 1544 3989 patri,
1600 3901 1879 3970 alteram
1927 3901 2125 3968 matri
2191 3899 2569 3988 porrigenS,

42 3989 337 4057 nutantia
396 3990 703 4058 membra
753 3988 891 4057 illis
962 3989 1387 4079 erigentibus
1456 3989 1777 4058 sustollit.
1830 3988 2174 4058 Acclamat
2223 3987 2565 4077 populuS,

42 4071 157 4143 Deo
241 4077 477 4156 ratias;
522 4076 635 4145 ille
672 4078 844 4145 vitae
872 4077 1203 4159 redditus,
1245 4077 1328 4146 ad
1362 4100 1567 4146 suum
1622 4077 1794 4146 redit
1843 4077 2246 4166 hospitium,
2290 4076 2399 4145 cui
2425 4077 2571 4162 jam

40 4181 190 4250 sepu
223 4186 424 4234 crum
472 4166 861 4254 parabatur,
903 4179 1214 4253 parentes
1245 4165 1633 4235 incredibili
1685 4164 1990 4235 exultant
2024 4164 2299 4255 gaudio;
2354 4165 2574 4232 vivere

42 4247 406 4335 bominem,
457 4256 575 4341 qui
630 4268 943 4323 mortuus
978 4255 1218 4333 fuerat,
1268 4255 1376 4323 vix
1417 4255 1588 4343 ipsis
1622 4254 1841 4324 oculis
1876 4254 2021 4324 suis
2061 4253 2372 4322 credunt.
2405 4256 2575 4320 Ecce

40 4356 250 4410 autem
296 4343 490 4411 canis
526 4343 660 4422 ille,
714 4342 836 4430 qui
885 4357 947 4412 et
989 4344 1173 4411 hunc
1205 4343 1731 4419 adolescentem,
1786 4356 1850 4413 et
1885 4342 2137 4410 multos
2184 4340 2355 4410 alios
2403 4338 2574 4407 infe-

42 4430 152 4495 stis
203 4431 550 4501 morsibus
584 4432 897 4511 laniarat,
955 4432 1020 4499 in
1074 4432 1389 4521 Episcopi
1442 4443 1882 4519 conspectum
1922 4431 2101 4499 venit
2134 4452 2148 4495 ι
2186 4441 2576 4499 commotus
