2993 4837
497 361 625 424 416
1143 377 1220 421 na
1269 376 1324 422 s.
1377 375 1656 423 ntarmo
1705 377 1805 423 ΕΡ.
1855 375 2203 422 renouat-ist
2615 355 2771 422 NOV.
2812 354 2867 421 tt

410 461 912 546 cuiuscumque
942 460 1125 528 modi
1164 459 1513 529 hominem
1551 460 1764 529 fuisse
1814 459 2245 529 damnatum.
2284 465 2548 528 Interea
2608 458 2887 527 Martinus

417 550 651 619 multis
683 550 1144 638 gravibusque
1192 549 1653 618 laborantium
1702 551 1932 617 causis
1972 549 2056 618 ad
2106 549 2504 617 comitatum
2543 548 2636 617 ire
2668 548 2699 582 ⁴
2739 567 2891 616 com·

415 639 682 728 pulsuS‚
743 637 1107 726 procellam
1162 639 1381 726 ipsam
1455 637 1662 706 totius
1710 637 2132 726 tempestatis
2181 638 2493 706 incurrit.
2548 635 2895 736 congregati

411 727 591 816 apud
638 727 944 796 Treviros
980 726 1292 816 Episcopi
1347 727 1775 804 tenebantur,
1829 727 1950 815 qui
2000 726 2302 813 quotidie
2354 734 2899 795 communicantes

413 816 694 895 Ithacio,
740 827 1179 883 communem
1211 816 1341 884 sibi
1393 837 1675 884 causam
1729 815 2047 883 fecerant.
2085 815 2206 883 His
2245 815 2362 884 ubi
2408 816 2793 883 nunciatum
2821 822 2899 881 εει

415 903 961 992 inopinantibuS,
1002 904 1240 973 adesse
1289 903 1682 983 Martinum,
1732 905 1886 973 totis
1919 903 2174 972 animis
2207 902 2550 985 labefacti,
2589 902 2901 970 mussitare

414 1007 479 1061 et
510 992 848 1081 trepidare
877 1004 1269 1082 coeperunt.
1311 997 1386 1060 Et
1415 994 1560 1081 jam
1606 992 1828 1082 pridie
1867 997 2249 1081 Imperator
2284 1014 2362 1060 ex
2403 1012 2640 1062 eorum
2684 1003 2905 1059 senten·

419 1083 506 1150 tia
559 1081 991 1161 decreverat,
1050 1081 1359 1150 tribunos
1408 1103 1682 1150 summa
1734 1092 2059 1170 potestate
2106 1094 2405 1150 armatos
2446 1081 2532 1150 ad
2586 1077 2906 1169 Hispanias

421 1171 708 1249 mittere,
764 1170 881 1256 qui
956 1169 1331 1239 haereticos
1396 1170 1843 1256 inquirerent,
1898 1170 2344 1258 deprehensis
2410 1171 2616 1238 vitam
2666 1182 2725 1236 et
2770 1169 2907 1236 bona

417 1258 819 1328 adimerent.
877 1263 1008 1327 Nec
1056 1257 1344 1327 dubium
1397 1271 1588 1337 erat,
1644 1259 1810 1344 quin
1865 1274 2260 1327 sanctorum
2324 1258 2527 1326 etiam
2588 1257 2907 1324 maximam

416 1348 687 1416 turbam
731 1360 1097 1436 tempestas
1147 1346 1262 1414 illa
1311 1345 1814 1436 depopulatura
1847 1360 2046 1428 esset,
2088 1369 2293 1435 parvo
2327 1347 2730 1416 discrimine
2776 1346 2911 1411 inter

417 1437 779 1505 hominum
831 1457 1102 1535 genera.
1140 1436 1401 1504 Etenim
1449 1448 1594 1503 tum
1633 1436 1797 1504 solis
1836 1435 2056 1505 oculis
2091 1436 2568 1522 judicabatur,
2607 1456 2757 1503 cum
2790 1432 2911 1520 quis

423 1525 678 1612 pallore
728 1538 952 1613 potius
987 1579 1001 1602 ‚
1056 1536 1175 1592 aut
1223 1539 1444 1604 veste,
1500 1546 1705 1609 quam
1767 1524 1901 1592 fide
1932 1579 1947 1605 ,
2016 1525 2397 1593 haereticus
2444 1525 2913 1593 aestimaretur.

419 1617 598 1682 Haec
634 1635 1064 1699 nequaquam
1105 1612 1442 1701 placitura
1476 1613 1766 1681 Martino
1799 1614 2118 1703 Episcopi
2161 1613 2588 1682 sentiebant:
2624 1611 2737 1682 sed
2780 1609 2886 1677 mal

419 1701 715 1771 consciis
766 1700 878 1769 illa
930 1701 1027 1769 vel
1072 1699 1555 1772 molestissima
1585 1714 1728 1770 erat
1761 1724 1951 1781 cura,
1992 1724 2077 1770 ne
2124 1725 2197 1771 se
2234 1704 2323 1771 ab
2369 1723 2613 1770 eorum
2648 1719 2891 1769 commu

422 1791 626 1859 nione
674 1789 1042 1880 adveniens
1089 1790 1500 1869 abstineret,
1560 1811 1692 1859 non
1743 1788 2129 1872 defuturis,
2195 1791 2314 1877 qui
2368 1791 2536 1859 tanti
2612 1789 2737 1857 viri
2790 1808 2915 1855 con·

422 1879 740 1949 stantiam
785 1879 1161 1966 praemissa
1197 1879 1597 1949 auctoritate
1628 1893 2099 1965 sequerentur.
2146 1884 2396 1948 Ineunt
2442 1901 2610 1947 cum
2653 1883 2915 1964 Impera·

424 1981 564 2037 tore
607 1967 997 2047 consilium,
1045 1979 1120 2036 ut
1179 1967 1408 2038 missis
1464 1968 1732 2037 obviam
1788 1967 2089 2057 Magistri
2122 1967 2191 2003 ³²*
2224 1966 2669 2048 officialibuS‚
2724 1966 2871 2034 urbe

422 2055 613 2125 illam
666 2057 950 2146 propius
980 2069 1320 2125 vetaretur
1350 2056 1695 2137 accedere,
1737 2056 1869 2125 nisi
1916 2079 1988 2125 se
2035 2077 2193 2125 cum
2249 2079 2413 2146 pace
2461 2057 2911 2146 Episcoporum

422 2146 519 2214 ibi
568 2145 1087 2215 consistentium
1148 2146 1356 2214 affore
1403 2144 1750 2215 fateretur.
1818 2150 2000 2227 Quos
2061 2145 2178 2214 ille
2239 2144 2487 2213 callide
2564 2144 2909 2215 frustratus..

428 2233 782 2324 profitetur
821 2256 892 2303 se
928 2257 1085 2302 cum
1127 2256 1290 2322 pace
1324 2233 1569 2303 Christi
1605 2255 1755 2302 esse
1789 2247 2178 2303 venturum.
2226 2240 2578 2303 Postremo
2611 2234 2915 2333 ingressus

426 2338 762 2392 nocturno
825 2324 1149 2412 tempore,
1203 2322 1372 2391 adiit
1417 2322 1773 2392 ecclesiam
1842 2335 2107 2391 tantum
2157 2324 2486 2392 orationis
2543 2325 2783 2412 gratia.
2831 2323 2919 2386 Po·

427 2426 603 2482 stero
635 2411 744 2480 die
793 2410 1123 2501 palatium
1163 2411 1346 2501 petit.
1402 2416 1671 2481 Praeter
1709 2409 1982 2492 multas,
2013 2434 2186 2500 quas
2234 2434 2647 2481 enumerare
2685 2411 2931 2498 longum.

426 2514 549 2579 est,
595 2500 719 2568 has
782 2500 1200 2589 principales
1273 2502 1628 2589 petitiones
1692 2500 2008 2582 habebat,
2076 2523 2199 2590 pro
2263 2506 2541 2572 Narsete
2592 2499 2919 2571 comite.et

429 2589 770 2658 Deucadio
819 2589 1151 2677 praeside,
1190 2590 1309 2676 qui
1360 2591 1563 2658 ambo
1613 2589 1919 2658 Gratiani
1971 2589 2266 2678 partium
2320 2589 2620 2670 fuerant,
2672 2586 2916 2677 pertina-

428 2678 729 2748 cioribus
783 2677 1029 2747 studiis
1064 2731 1078 2758 ,
1130 2700 1304 2765 quae
1356 2699 1488 2747 non
1541 2691 1641 2746 est
1692 2677 1904 2764 hujus
1955 2679 2284 2768 temporis
2350 2679 2740 2767 explicare,
2791 2675 2917 2742 iram

429 2765 870 2854 Imperatoris
918 2767 1180 2834 emeriti
1208 2792 1233 2853 ,ε
1296 2766 1410 2836 illa
1482 2766 1854 2856 praecipua
1904 2788 2094 2847 cura,
2153 2789 2235 2836 ne
2295 2767 2555 2835 tribuni
2614 2788 2768 2835 cum
2806 2764 2918 2850 jnre

431 2853 819 2943 gladiorum
872 2854 953 2923 ad
1009 2855 1375 2944 Hispanias
1438 2857 1893 2925 mitterentur.
1948 2855 2064 2923 Pia
2132 2856 2316 2924 enim
2378 2869 2522 2924 erat
2585 2846 2918 2924 sollicitudo

434 2943 745 3023 MartinO,
789 2956 862 3011 ut
904 2964 1034 3011 non
1088 2942 1307 3012 solum
1355 2944 1799 3025 Christianos,
1852 2945 1972 3031 qui
2024 2945 2153 3013 sub
2204 2943 2322 3012 illa
2368 2956 2568 3012 erant
2615 2942 2918 3036 occasione

431 3030 743 3111 vexandi,
795 3031 906 3101 sed
960 3032 1147 3120 ipsos
1193 3033 1398 3102 etiam
1451 3033 1826 3102 haereticos
1879 3033 2218 3101 liberaret.
2258 3038 2504 3101 Verum
2562 3034 2781 3122 primo
2821 3027 2916 3120 die,

430 3135 634 3208 atque
673 3120 882 3189 altero
931 3122 1292 3209 suspendit
1341 3121 1687 3191 hominem
1731 3119 2028 3190 callidus
2069 3126 2495 3210 Imperator:
2559 3123 2702 3191 sive
2747 3132 2815 3187 ut
2855 3132 2919 3182 rel

433 3210 709 3301 pondus
769 3209 1168 3298 imponeret,
1230 3211 1369 3279 sive
1416 3211 1578 3298 quia
1632 3210 1840 3280 nimis
1888 3210 2020 3279 sibi
2086 3209 2550 3299 implacabilis
2599 3221 2784 3279 erat:
2835 3219 2919 3298 seu

431 3300 592 3386 quia
640 3299 748 3388 (ut
791 3298 1095 3386 plerique
1131 3312 1271 3368 tum
1310 3297 1855 3386 arbitrabantur)
1891 3299 2174 3368 avaritia
2226 3301 2703 3388 repugnabat:
2756 3295 2919 3379 siqui·

433 3388 587 3457 dem
642 3389 708 3455 in
764 3389 1213 3470 bonaeorum
1262 3388 1667 3457 inhiaverat.
1706 3392 1943 3456 Fertur
1989 3388 2173 3457 enim
2227 3387 2329 3455 vir
2376 3387 2516 3469 ille,
2575 3386 2803 3456 multis
2837 3384 2921 3449 bo·

436 3478 680 3562 nisque
720 3477 988 3546 actibus
1030 3476 1402 3566 praedituS,
1445 3476 1774 3547 adversus
1807 3476 2162 3545 avaritiam
2205 3499 2445 3563 parum
2499 3473 2917 3546 consuluisset

439 3566 571 3635 nisi
646 3565 928 3633 fortasse
990 3566 1179 3654 regni
1253 3567 1703 3646 necessitate,
1772 3565 2029 3653 quippe
2097 3565 2428 3634 exhausto
2498 3560 2921 3654 superioribus

438 3654 874 3745 principibus
915 3654 1357 3740 Reipublicae
1396 3655 1684 3733 aerari0,
1729 3675 1899 3742 pene
1948 3675 2220 3743 semper
2263 3655 2331 3722 in
2382 3653 2809 3748 expeditione·
2846 3657 2917 3712 al·

436 3765 569 3830 que
621 3743 978 3831 procinctu
1029 3740 1363 3812 bellorum
1416 3742 1723 3812 civilium
1775 3744 2215 3822 constitutus,
2270 3741 2471 3812 facile
2508 3741 2915 3829 excusabitur,

435 3830 860 3918 quibuslibet
897 3831 1378 3900 occasionibus
1411 3831 1717 3901 subsidia
1772 3831 2069 3920 Imperio
2114 3831 2480 3922 paravisse.
2513 3836 2763 3900 Interea
2798 3829 2918 3912 Ept-

437 3921 650 4008 scopi,
705 3942 996 4006 quorum
1061 3920 1620 3989 communionem
1687 3921 2018 3990 Martinus
2070 3943 2201 3990 non
2259 3921 2524 3999 inibat,
2582 3914 2809 4008 trepidi
2856 3904 2914 3976 ad

436 4015 684 4099 Regem
747 4021 1193 4089 concurrunt,
1253 4009 1778 4098 praedamnatos
1833 4031 1904 4078 se
1945 4024 2492 4096 conquerenteS‚
2547 4025 2761 4079 actum
2805 4016 2916 4068 esse

438 4099 521 4166 de
571 4120 696 4167 suo
736 4098 1048 4166 omnium
1102 4109 1303 4178 statu,
1362 4099 1417 4166 si
1471 4099 1863 4188 Theognisti
1918 4097 2407 4188 pertinaciam,
2462 4097 2582 4185 qui
2627 4117 2732 4166 eos
2773 4087 2914 4181 solu}

389 4186 667 4274 .palam
736 4185 870 4256 lata
938 4188 1274 4256 sententia
1330 4186 1928 4267 condemnaverat,
1992 4187 2260 4256 Martini
2326 4199 2620 4256 armaret
2681 4192 2916 4251 aucton-

446 4288 593 4352 tas;
647 4296 780 4342 non
833 4275 1217 4363 oportuisse
1282 4274 1629 4344 hominem
1686 4275 1895 4365 recipi
1959 4276 2355 4360 moenibus;
2409 4275 2603 4345 illum
2640 4275 2763 4363 jam
2807 4279 2906 4331 ¹¹0⁰

503 4435 528 4460 ¹⁸²
665 4442 688 4470 o
718 4438 741 4469 :t
796 4463 805 4472 .

504 4436 889 4535 ”Aliagisatams
912 4499 1098 4538 nempc;
1120 4491 1202 4530 sed
1222 4500 1422 4540 quana-,n
1449 4492 1682 4541 potestate
1699 4489 2128 4542 jurisdictioneque
2146 4490 2222 4533 hic
2243 4492 2481 4542 praealtus
2502 4491 2661 4530 tuerat.
2678 4481 2877 4536 igmm‘u‘·
