2993 4837
80 347 223 412 NOV.
274 348 309 411 7
590 361 673 410 DE
719 366 775 411 s.
828 361 1231 411 unct-:Lanam
1277 364 1571 412 Arioniae.
1626 364 1994 412 comma-,nsi
2354 349 2480 414 347

79 451 309 518 deaetera
352 452 540 519 illius
586 450 1102 539 ampleoeabitur
1132 472 1236 518 me
1280 450 1506 537 (Cant.
1546 455 1587 518 2
1627 461 1688 519 cc
1727 450 1822 537 8).
1877 449 1967 519 Ad
2022 449 2277 518 laevam
2332 454 2570 541 sponsi

79 539 369 626 pertinent
416 537 588 607 bona
624 537 1009 626 corporalia
1040 551 1104 607 et
1155 551 1445 618 terrena;
1485 538 1568 608 ad
1612 539 1954 607 dexteram
1996 560 2174 619 veru,
2214 538 2392 609 bona
2429 542 2571 629 spi-

76 626 304 695 ritualia
341 638 540 713 atque
587 624 928 695 coelestia.
984 631 1169 695 Bona
1217 627 1602 715 corporalia
1651 640 1836 708 sunt,
1875 628 2148 714 generis
2192 640 2257 696 et
2298 648 2566 698 morum

76 714 372 797 nobilitas,
426 714 742 784 valetudo
775 716 1082 804 corporis
1113 728 1178 784 et
1225 715 1645 804 pulcritudo,
1693 720 1873 785 Bona
1916 715 2251 797 dexterae,
2293 716 2574 785 virtutes

75 817 223 882 sunt,
256 804 507 890 quibus
557 804 626 872 in
665 804 1004 894 praesenti
1032 804 1268 873 anima
1297 802 1757 881 illuminatur;
1797 817 1860 872 et
1900 805 2035 873 vita
2073 818 2368 886 aeterna,
2400 827 2575 890 quae

74 893 393 963 virtutibus
443 906 891 981 promeretur.
932 897 1222 962 Sanctus
1271 904 1498 963 autem
1538 893 1988 982 Engelbertus
2037 894 2350 980 quandiu
2386 895 2569 967 vixit.

73 980 249 1069 gloria
280 992 341 1049 et
370 981 648 1050 divitiae
697 982 765 1049 in
816 980 1020 1051 domo
1068 981 1218 1071 ejus
1266 980 1586 1050 fuerunt:
1625 982 1826 1068 cujus
1867 981 2160 1070 justitia,
2214 1005 2424 1069 quam
2458 1005 2575 1071 per

78 1070 418 1153 passionem
471 1070 764 1149 meruit,
826 1072 1184 1158 permanet
1232 1070 1299 1138 in
1360 1069 1675 1140 seculum
1728 1070 1966 1139 seculi.
2022 1075 2237 1151 Quam
2303 1072 2577 1162 copiose

76 1159 128 1224 in
160 1158 474 1247 praesenti
516 1158 717 1229 bonis
766 1157 1084 1227 sinistrae
1133 1172 1557 1229 sustentatus
1606 1158 1736 1238 sit,
1790 1171 1856 1228 et
1896 1159 1964 1227 in
2015 1159 2154 1230 illis
2200 1161 2571 1247 quieverit,

79 1247 272 1334 paucis
315 1246 695 1336 explicabo.
748 1251 934 1328 Quae
964 1247 1150 1315 enim
1185 1247 1254 1314 in
1304 1260 1607 1337 tempore
1652 1260 2015 1348 geruntur,
2059 1270 2220 1317 cum
2273 1262 2576 1340 ternpore

76 1334 414 1415 volvuntur;
451 1349 518 1406 et
569 1336 702 1404 nisi
751 1335 1005 1425 scripto
1058 1348 1571 1425 perpetuentur,
1623 1337 1830 1407 citius
1879 1336 1967 1405 ab
2020 1336 2383 1407 hominum
2435 1359 2577 1407 me-

78 1425 251 1491 moria
295 1424 633 1494 delentur.
688 1429 843 1492 Erat
892 1436 1119 1492 autem
1162 1425 1262 1492 vir
1319 1423 1572 1493 nobilis
1622 1424 1840 1507 valde,
1895 1437 1961 1494 et
2008 1425 2405 1516 spectabilis
2463 1449 2576 1516 ge-

77 1532 237 1594 nere,
298 1512 478 1584 filius
529 1511 917 1603 Engelberti
967 1512 1246 1582 Comitis
1293 1511 1379 1581 de
1442 1518 1664 1581 Monte
1712 1514 1767 1578 ⁴⁸.
1825 1514 2034 1604 Cujus
2101 1515 2326 1604 patrui
2389 1515 2577 1584 fuere

76 1600 414 1672 Fridericus
471 1614 539 1671 et
588 1606 815 1670 Bruno
850 1600 1411 1691 Archipraesules
1459 1601 1933 1671 Colonienses:
1989 1603 2342 1693 Adolpbus
2391 1625 2569 1684 vero,

28 1748 29 1753 ,
76 1690 168 1774 qui
206 1691 492 1761 Brunoni
549 1690 613 1758 in
668 1691 1082 1778 Episcopatu
1121 1689 1476 1770 successit,
1535 1692 1761 1780 patrui
1809 1692 1961 1792 ejus
2011 1691 2199 1761 filius
2239 1692 2391 1761 fuit.
2437 1698 2576 1761 Ma-

78 1788 155 1845 ter
192 1781 346 1869 ejus,
380 1779 528 1850 filia
563 1792 704 1847 erat
735 1778 1013 1849 Comitis
1064 1777 1479 1860 GeldrensiS,
1549 1780 1675 1847 viri
1725 1780 1956 1849 divitis
2005 1794 2208 1867 atque
2257 1781 2572 1869 potentis.

80 1864 483 1937 Theodoricus
536 1869 914 1957 Episcopus
947 1868 1498 1936 Monasteriensis
1528 1867 1619 1948 ⁴⁵⁴,
1656 1881 1720 1935 et
1757 1867 2204 1956 Engelbertus
2232 1869 2579 1939 Osnabur·

82 1956 266 2043 gensis
290 1956 390 1993 *⁴³*
418 1957 702 2037 electus,
747 1968 1024 2046 nepotes
1074 1957 1301 2042 patrui
1349 1957 1501 2045 ejus
1533 1956 1832 2026 extitere.
1873 1961 2040 2025 Ecce
2074 1956 2158 2026 de
2182 1966 2326 2027 'tam
2367 1957 2579 2028 nobili

84 2062 141 2111 ac
173 2044 401 2135 insigni
458 2045 778 2135 prosapia
828 2057 1089 2133 martyr
1130 2059 1356 2114 noster
1388 2046 1619 2114 carnis
1659 2044 1854 2115 duxit
1901 2046 2265 2134 originem.
2297 2052 2426 2116 Nec
2461 2046 2582 2115 de—

88 2136 376 2219 generavit
423 2133 771 2202 moribus:
824 2133 989 2220 quia
1037 2133 1123 2202 ab
1175 2135 1453 2203 ineunte
1501 2147 1716 2204 aetate
1765 2155 1939 2224 pue-r
1973 2134 2280 2220 prudens
2326 2148 2471 2204 erat
2513 2146 2580 2204 et

87 2221 370 2305 amabilis,
410 2221 798 2292 secundum
852 2221 1153 2292 nominis
1196 2223 1306 2292 sui
1357 2224 1827 2313 participium,
1862 2243 2106 2313 gerens
2155 2222 2422 2292 vultum
2454 2227 2583 2292 An-

84 2307 362 2396 gelicum:
402 2310 804 2391 tractabiliS‚
869 2308 1194 2391 liberalis,
1258 2311 1545 2381 humilis
1593 2313 1781 2392 satiS‚
1838 2325 1903 2381 et
1950 2311 2294 2401 gratiosus
2353 2310 2574 2381 valde.

82 2400 262 2469 Annos
293 2400 592 2488 pueriles
627 2398 1141 2480 transcendens,
1178 2412 1244 2470 et
1274 2400 1341 2468 in
1393 2400 1893 2471 adolescentem
1934 2400 2323 2491 proficiens,
2379 2401 2471 2470 ita
2508 2423 2580 2470 se

82 2488 355 2558 omnibus
398 2489 833 2560 conformare
870 2488 1156 2568 studuit,
1197 2502 1274 2559 ut
1318 2490 1589 2560 clericis
1619 2513 1689 2559 se
1719 2491 2077 2570 clericum,
2131 2503 2195 2559 et
2245 2489 2584 2561 militibus

83 2593 134 2641 se
165 2577 424 2647 militem
473 2577 849 2648 exhiberet.
888 2582 1042 2646 Erat
1090 2579 1292 2646 etiam
1357 2579 1424 2646 in
1475 2578 1711 2648 eadem
1778 2593 1994 2649 aetate
2043 2592 2270 2650 tantae
2321 2579 2581 2669 pulcri-

82 2662 420 2758 tudini5,ut
454 2667 526 2735 in
561 2667 752 2735 omni
779 2665 983 2746 clero,
1039 2688 1162 2736 nec
1224 2667 1291 2735 in
1345 2666 1540 2736 laicis
1587 2667 1894 2754 quidem,
1949 2668 2051 2736 vir
2111 2668 2229 2738 illo
2280 2667 2586 2757 pulcrior

84 2754 325 2823 inveniri
372 2778 508 2825 non
563 2768 812 2845 posset.
867 2755 1204 2845 Adspectu
1237 2755 1551 2836 decoruS‚
1602 2769 1858 2827 statura
1909 2778 2261 2845 proceruS,
2317 2758 2582 2828 viribus

86 2839 398 2913 robustus:
456 2845 552 2914 ita
601 2856 675 2912 ut
724 2844 1006 2934 speciali
1053 2843 1349 2931 quodam
1391 2843 1748 2935 privilegio
1799 2858 2015 2915 mater
2069 2860 2310 2916 natura
2362 2859 2587 2916 tantae

88 2931 289 3013 speciei
335 2933 796 3025 congaudere,
850 2945 913 3000 et
962 2933 1029 3000 in
1075 2932 1192 3001 illo
1241 2934 1437 3020 quasi
1490 2934 1558 3000 in
1610 2934 1890 3024 speculo
1943 2936 2271 3005 resultare
2322 2935 2587 3004 videre-

92 3021 626 3114 tur.Hujusmodi
656 3021 914 3090 divitiis
963 3034 1271 3102 naturae,
1326 3036 1761 3091 accesserunt
1798 3022 2099 3103 divitiae,
2141 3037 2215 3092 ut
2264 3024 2353 3092 ita
2402 3023 2587 3093 dixe-

94 3124 213 3203 rifn,
254 3109 587 3182 fortunae.
641 3116 805 3179 Nam
857 3132 1013 3179 cum
1066 3109 1294 3179 adhuc
1347 3109 1680 3199 puerulus
1718 3111 2022 3180 studeret
2058 3112 2122 3178 in
2176 3110 2454 3193 scholis„
2491 3113 2590 3182 sic

88 3198 398 3283 stipendiis
448 3198 946 3269 Ecclesiasticis
992 3212 1317 3268 oneratus
1349 3213 1473 3279 est,
1517 3211 1582 3268 et
1617 3201 1990 3270 honoratus
2022 3199 2354 3278 ecclesiis,
2403 3201 2580 3269 vide·

88 3278 210 3352 licet
242 3288 650 3358 Praebendis
704 3301 769 3358 et
819 3288 1341 3377 PraeposituriS,
1394 3300 1470 3355 ut
1521 3288 1743 3379 magis
1789 3286 2158 3375 dignitates
2198 3300 2263 3356 et
2314 3288 2591 3358 divitiae

84 3388 208 3439 eum
260 3377 582 3446 venerari.
642 3398 849 3463 quam
906 3377 1050 3465 ipse
1100 3375 1294 3450 illas,
1363 3375 1781 3445 viderentur.
1845 3381 1985 3444 Non
2036 3398 2240 3466 opera
2284 3377 2591 3464 justitiae

84 3455 240 3538 baec,
278 3487 487 3552 neque
528 3464 773 3535 salutis
823 3465 1122 3546 divitiae,
1154 3465 1267 3534 sed
1326 3467 1490 3534 retia
1531 3464 2079 3542 daemoniorum,
2138 3466 2590 3534 instrumenta

82 3558 130 3613 et
160 3547 363 3637 laquei
403 3567 865 3643 peccatorum,
918 3576 1091 3641 quos
1143 3555 1285 3642 ipse
1334 3554 1619 3623 evadere
1679 3575 1812 3623 non
1868 3555 2106 3642 potuit.
2164 3559 2328 3622 Nam
2385 3575 2589 3622 mun-

83 3633 268 3706 danae
312 3641 568 3731 gloriae
614 3643 913 3724 deditus,
972 3655 1151 3712 totus
1201 3640 1340 3710 illis
1391 3641 1865 3730 multipliciter
1911 3655 2014 3712 est
2062 3642 2403 3711 irretitus:
2460 3640 2584 3711 Sed

82 3721 319 3809 Electra,
357 3742 519 3801 teste
570 3731 761 3800 beato
803 3730 1011 3800 Paulo
1063 3730 1400 3819 Apostolo,
1462 3733 1690 3800 omnia
1741 3742 2181 3821 cooperantur
2231 3732 2302 3798 in
2351 3730 2591 3799 bonum

81 3809 286 3894 (Rom.
339 3821 525 3909 vm).
579 3824 757 3889 Haec
807 3820 1067 3889 idcirco
1115 3840 1580 3888 commemoro
1612 3851 1639 3900 ,·
1674 3832 1748 3888 ut
1795 3834 2162 3908 cognoscat
2212 3818 2455 3899 lector,
2511 3818 2593 3888 de

84 3903 240 3983 quali
273 3906 412 3976 viro
454 3922 822 3997 martyrem
874 3908 1007 3977 sibi
1056 3907 1259 3997 elegit
1291 3908 1645 3987 Dominus,
1678 3907 1762 3976 de
1804 3929 1958 3976 vase
1998 3909 2139 3976 irae
2187 3907 2445 3976 faciens
2480 3928 2596 3975 vas

85 3986 328 4074 gloriae.
398 4001 487 4064 De
534 3996 788 4067 scholis
856 3997 1371 4086 emancipatus,
1437 3996 1507 4064 in
1575 3996 2043 4086 Praepositum
2121 3997 2445 4085 majorem
2498 4008 2597 4064 est

125 4151 143 4174 ²
170 4152 344 4195 Scilicet
370 4166 425 4196 ex
453 4158 634 4199 illustri
652 4156 834 4199 familia
852 4160 986 4208 Ber-g.
1010 4160 1128 4208 Ber-9
1147 4159 1273 4199 enim
1294 4168 1440 4208 neque
1460 4169 1515 4199 ao
1534 4161 1662 4199 Mons
1696 4156 1843 4199 latine
1876 4163 2028 4198 sonat.
2048 4155 2311 4198 Comitatus
2335 4155 2601 4207 Bergensis.

86 4209 187 4242 ²11n0
213 4209 321 4254 1389,
345 4210 392 4249 iu
420 4212 650 4251 Ducatum
669 4213 922 4260 provectus
942 4213 1056 4254 fuit:
1079 4222 1199 4252 anno
1220 4214 1337 4257 1806.
1356 4214 1445 4251 sub
1466 4213 1832 4262 Magni-Ducoetus
1853 4212 2010 4256 titulo,
2029 4222 2054 4250 a
2073 4213 2341 4260 Napoleoue
2363 4212 2384 4250 1
2406 4211 2600 4260 impera·

87 4255 171 4332 ἴοι-ἶ
181 4258 408 4350 ἕὲκωωο
427 4265 583 4305 Mun-at
602 4266 807 4305 traditus
826 4269 922 4308 est:
943 4275 1066 4305 anno
1085 4266 1273 4306 demum
1294 4268 1397 4306 1815
1416 4267 1467 4305 tn
1486 4266 1744 4306 Boi-uastae
1764 4264 1992 4306 ditionem
2011 4263 2158 4305 venit.

129 4309 145 4327 ¹
234 4324 345 4355 erm.
371 4318 585 4359 Maus-ter.

129 4361 197 4387 ω’*
224 4367 367 4407 Germ.
397 4372 662 4411 oanubrack.
690 4373 804 4412 Tam
832 4370 1048 4412 Mfinster
1081 4381 1221 4420 quam
1242 4371 1528 4418 osnabri'ick,
1547 4373 1688 4413 urbes
1707 4373 1756 4412 in
1778 4369 2066 4421 westphalia
2101 4367 2238 4417 sitae,
2270 4372 2505 4419 antiquae.
2544 4370 2600 4410 ob

89 4419 237 4462 Pacem,
254 4429 341 4468 qna
358 4423 459 4463 1648
478 4422 772 4464 atrocissimo
792 4425 917 4465 bello
938 4423 1143 4474 Triyintu
1163 4427 1389 4465 Annorum
1412 4427 1520 4466 nnis
1541 4427 1794 4475 impositus
1813 4426 1919 4470 fuit,
1938 4427 2106 4466 iisdem
2126 4425 2174 4464 in
2195 4425 2392 4464 urbibus
2422 4423 2603 4467 initam.

92 4465 267 4518 ²¹1⁰Sque
284 4475 440 4522 plures
459 4480 668 4524 eventus,
687 4478 814 4518 haud
831 4489 1000 4527 parum
1020 4478 1244 4523 celebres,
1262 4477 1513 4520 Boi-ussine
1534 4480 1745 4530 imperto,
1762 4481 1810 4520 vl
1830 4477 1958 4525 belli.
1980 4480 2223 4528 subjectae
2243 4481 2369 4519 sunt.

2661 4501 2734 4542 μ’(
