2993 4837
439 269 521 332 ⁴6
1135 283 1338 332 samio
1385 285 1465 331 na
1514 283 1791 332 oumnus
1839 282 2096 331 sancus
2613 269 2787 335 NOV.
2837 256 2862 318 ⁴

293 410 299 415 ·
350 369 896 461 persecutionem
938 368 1309 458 patiamur,
1361 380 1427 438 et
1473 367 1877 440 resistamus
1923 389 2147 454 usque
2176 368 2263 438 ad
2296 370 2727 459 sanguinem,
2775 373 2872 443 vel

345 480 570 545 usque
616 457 700 527 ad
738 470 1046 526 mortem.
1099 463 1177 531 Et
1227 457 1523 538 hocest,
1576 457 1759 544 quod
1810 456 2295 544 subsequitur:
2346 462 2542 528 Beati
2573 463 2692 551 qui
2722 484 2883 551 per—

346 549 747 618 secutionem
798 548 1163 637 patz'untur
1212 556 1486 637 propter
1520 547 1891 636 justitiam.
1962 550 2118 615 Post
2166 545 2334 616 haec
2389 561 2615 617 autem
2663 549 2881 636 quid?

342 636 468 706 Hic
516 635 974 705 adhaeremus
1008 634 1319 716 Domino,
1357 646 1423 704 et
1454 656 1642 705 unus
1679 655 1837 703 cum
1879 655 1960 703 eo
2011 634 2302 724 spiritus
2346 634 2705 705 efficimur.
2757 639 2877 709 Hic

341 723 806 814 disrumpitur
854 723 1114 803 nubes,
1161 737 1227 793 et
1275 723 1522 793 transit
1563 723 1804 792 oratic.
1858 723 1985 792 Hic
2032 722 2325 793 revelata
2382 723 2556 794 facie
2593 726 2875 815 gloriam

345 813 616 882 Domini
643 812 1112 899 speculamur.
1140 812 1266 881 Hic
1295 811 1590 881 dulcedo
1613 810 1926 901 spiritus,
1964 811 2192 882 cordis
2219 813 2542 895 suavitaS,
2565 814 2879 902 jubilatio

346 902 620 971 mentis.
665 907 912 970 Beatus
953 904 1248 992 populus
1285 903 1409 991 qui
1449 902 1576 969 scit
1609 901 2085 990 jubilationem
2122 900 2261 990 (Ps.
2301 900 2440 990 88).

436 997 475 1070 ἓ
523 996 611 1062 ὅ.
662 990 1053 1070 Videamus,
1093 989 1152 1058 si
1192 989 1361 1060 forte
1388 989 1625 1076 aliqua
1672 989 2011 1059 sermonis
2057 991 2550 1077 consequentia
2596 990 2881 1061 beatitu-

348 1077 547 1147 dines
580 1079 640 1147 is
779 1091 1036 1168 septem
1073 1077 1276 1148 donis
1317 1078 1545 1147 Sancti
1580 1076 1878 1165 Spiritus
1913 1077 2262 1167 possimus
2294 1079 2673 1170 assignare.
2711 1085 2882 1150 Pau-

349 1178 677 1258 pertatem
720 1166 1008 1256 .piritus
1045 1177 1326 1256 generat
1359 1166 1564 1236 timor
1607 1165 1744 1246 Dei,
1795 1165 1917 1253 qui
1999 1166 2200 1257 ungit
2238 1167 2572 1250 animam,
2623 1180 2690 1238 et
2734 1190 2886 1238 san-

350 1255 635 1346 guinem
668 1254 878 1337 elicit,
930 1267 997 1324 et
1041 1256 1224 1345 cogit
1270 1276 1397 1326 nos
1441 1275 1770 1342 quaerere
1816 1275 1926 1324 me
1980 1254 2261 1325 icinam.
2317 1260 2369 1325 Α
2420 1256 2664 1327 timore
2721 1267 2876 1337 tuo,

353 1344 660 1426 Domine,
713 1343 1185 1435 concepimus,
1239 1356 1305 1413 et
1356 1343 1879 1433 parturivimus,
1935 1343 2255 1433 spiritum
2309 1343 2553 1415 salutis
2600 1345 2883 1416 fecimus

351 1444 849 1522 superterram
882 1486 899 1514 ‚
954 1432 1081 1503 hoc
1127 1442 1276 1513 est,
1330 1432 1653 1522 spiritum
1764 1432 2186 1522 aupertatis:
2238 1432 2407 1503 dicit
2467 1434 2683 1504 Isaias
2736 1439 2880 1503 Pro·

351 1521 578 1611 pheta,
615 1522 829 1590 immo
878 1542 1000 1611 per
1044 1521 1292 1590 Isaiam
1327 1520 1660 1590 Dominus
1733 1525 1873 1590 Im.
1916 1519 2115 1609 xxvi).
2161 1521 2289 1592 Hic
2335 1521 2498 1591 facit
2537 1545 2663 1593 nos
2693 1543 2884 1591 mun-

349 1609 531 1680 dana
572 1609 671 1679 vel
709 1608 1118 1698 relinquere,
1159 1608 1264 1679 vel
1300 1630 1436 1679 non
1471 1609 1962 1700 concupiscere
1988 1662 2008 1689 ,
2063 1608 2302 1680 clavus
2347 1609 2624 1681 clavum
2665 1610 2886 1701 expel-

351 1698 523 1779 lenS,
560 1711 627 1768 et
660 1698 1057 1789 pertingens
1098 1720 1320 1785 usque
1365 1698 1450 1767 ad
1483 1697 1891 1768 divisionem
1923 1698 2197 1767 animae
2224 1711 2290 1769 et
2321 1699 2635 1788 spiritus.
2675 1700 2883 1768 Pietas

348 1800 575 1857 autem
616 1788 813 1857 mites
859 1787 1042 1867 facit,
1079 1787 1249 1857 dum
1292 1808 1416 1856 nos
1461 1786 1761 1857 dulciori
1798 1786 2047 1877 spiritu
2094 1787 2523 1877 superfusos,
2563 1788 2649 1858 ad
2700 1808 2885 1857 man-

350 1875 741 1946 suetudinis
774 1876 1157 1945 thalamum
1209 1874 1606 1945 introducit.
1659 1875 1788 1957 Qui
1818 1876 2002 1944 enim
2051 1875 2307 1945 efferati
2344 1890 2510 1947 sunt
2542 1876 2878 1968 superbia,

351 1963 686 2034 sublimes
724 1964 794 2033 in
835 1963 1056 2035 oculis
1090 1965 1257 2046 suis,
1303 1964 1620 2034 ardentes
1654 1963 1954 2044 invidia,
2006 1963 2299 2034 invicem
2345 1965 2776 2046 mordentes,
2826 1976 2886 2034 et

355 2052 643 2122 invicem
694 2054 1112 2143 consumpti,
1164 2053 1511 2140 quomodo
1561 2052 1975 2144 mitigatoria
2024 2066 2315 2143 possunt
2345 2053 2548 2124 indui
2597 2055 2885 2146 pietate?

351 2147 556 2213 Porro
588 2141 873 2212 scientia
904 2142 1168 2211 luctum
1205 2142 1406 2231 parit.
1446 2140 1718 2210 Scimus
1752 2142 1963 2222 enim,
1996 2142 2161 2228 quia
2200 2141 2579 2232 singularis
2610 2141 2883 2213 scientia

350 2243 474 2311 est,
528 2231 900 2321 recogitare
939 2251 1160 2300 annos
1200 2241 1466 2301 nostros
1515 2229 1585 2297 in
1635 2229 2099 2300 amaritudine
2146 2231 2422 2300 animae
2470 2244 2776 2314 nostrae,
2825 2241 2884 2299 et

354 2318 861 2409 multiplicibus
894 2318 1358 2408 lacrymarum
1413 2318 1656 2389 rivulis
1698 2318 1974 2409 propria
2023 2318 2274 2389 deflere
2319 2319 2594 2390 delicta.
2639 2325 2731 2391 De
2762 2318 2883 2389 for·

354 2406 645 2478 titudine
691 2430 848 2478 vero
897 2408 1203 2477 nascitur
1233 2407 1449 2478 fames
1479 2418 1546 2478 et
1578 2406 1727 2478 sitis
1764 2407 2098 2498 justitiae,
2136 2430 2297 2478 cum
2346 2408 2603 2481 virium
2637 2411 2880 2480 sitnon

357 2518 757 2597 paucarum,
816 2519 941 2587 pro
989 2496 1297 2567 libertate
1320 2496 1629 2584 justitiae
1659 2497 1858 2578 mori,
1905 2496 2161 2567 nedum
2197 2497 2409 2584 loqui,
2462 2510 2530 2568 et
2569 2499 2689 2568 ubi
2724 2503 2882 2568 Deus

356 2606 423 2653 in
457 2607 667 2655 causa
714 2595 837 2667 est,
893 2607 1017 2655 nec
1063 2585 1249 2654 allici
1296 2584 1675 2667 blanditiis,
1728 2606 1854 2656 nec
1901 2596 2155 2655 terrore
2202 2587 2481 2655 moveri.
2519 2587 2878 2658 Consilium

351 2684 579 2742 autem
624 2673 1164 2744 misericordiam
1265 2674 1418 2755 arit,
1470 2694 1633 2743 cum
1683 2695 1955 2743 summa
2005 2675 2213 2744 totius
2250 2675 2525 2744 consilii
2575 2677 2686 2757 sit,
2732 2695 2879 2745 con·

350 2760 576 2831 sulere
614 2763 962 2844 omnibus,
1018 2777 1084 2833 et
1133 2696 1567 2832 ingrmitates
1601 2774 1735 2832 tam
1779 2763 2198 2843 animarum,
2235 2784 2443 2850 quam
2493 2783 2881 2855 corporum,

353 2850 649 2940 benigna
698 2872 912 2920 manu
969 2852 1480 2922 misericordiae
1539 2850 1921 2920 sublevare.
1975 2851 2313 2921 Munditia
2363 2852 2597 2923 cordis
2646 2854 2733 2923 ab
2790 2851 2886 2920 in·

356 2938 661 3009 tellectus
710 2940 1003 3030 puritate
1050 2940 1450 3022 descendit,
1512 2938 1635 3027 qui
1689 2939 1918 3010 cordis
1975 2939 2406 3028 receptacula
2465 2954 2769 3032 purgat,
2828 2949 2887 3007 et

352 3026 724 3099 latebrosos
755 3028 905 3097 e‘us
937 3027 1219 3101 affectus
1248 3028 1649 3099 acutissima
1687 3028 2328 3118 circumspectionis
2366 3027 2543 3100 falce
2574 3028 2880 3101 succidit.

354 3120 558 3187 Porro
608 3116 759 3208 paci
790 3138 941 3186 icus
987 3118 1074 3187 ab
1132 3118 1354 3209 ipsius
1418 3117 1807 3207 Sapientiae
1868 3117 2176 3187 nascitur
2233 3118 2678 3202 summitate,
2731 3137 2887 3186 con-

350 3204 590 3276 formis
636 3204 739 3274 illi
790 3206 1197 3295 Sapientiae,
1241 3227 1418 3295 quae
1453 3205 1669 3297 pretio
1718 3205 2085 3297 sanguinis
2114 3205 2227 3276 sui
2265 3219 2331 3276 et
2363 3218 2616 3277 terram
2656 3204 2887 3299 pacifi-

350 3295 551 3377 cavit,
603 3307 668 3364 et
697 3293 993 3364 coelum.

438 3386 475 3471 ξ
521 3389 614 3455 6.
668 3383 998 3453 Fortassis
1043 3382 1272 3462 etiam,
1330 3382 1388 3455 si
1433 3382 1839 3474 diligentius
1884 3396 2421 3473 perscrutemur,
2477 3397 2736 3474 septem
2773 3401 2888 3471 pe-

353 3473 711 3543 titionibus
744 3527 760 3553 ,
811 3493 990 3559 quae
1036 3471 1105 3540 in
1155 3472 1461 3542 oratione
1510 3471 1862 3542 Dominica
1921 3472 2407 3548 continentur,
2469 3494 2588 3542 eas
2642 3472 2885 3540 iterum

350 3574 797 3631 concatenare
838 3559 1239 3650 poterimus.
1283 3560 1392 3629 Illi
1430 3562 1683 3630 etenim
1722 3560 1808 3629 de
1851 3560 2090 3631 timore
2118 3559 2386 3630 Domini
2421 3571 2887 3651 paupertatem

349 3650 635 3740 spiritus
680 3649 1216 3740 amplectuntur,
1267 3649 1391 3736 qui
1440 3649 1677 3719 volunt
1720 3661 1798 3719 ut
1852 3648 2317 3718 sanctificetur
2365 3648 2435 3719 in
2494 3651 2594 3720 eis
2642 3664 2885 3718 nomen

354 3740 647 3820 Domini,
701 3752 766 3808 et
803 3738 1046 3808 dicunt
1091 3759 1252 3807 cum
1305 3737 1715 3807 Psalmista:
1771 3739 2046 3809 Custodi
2089 3739 2390 3807 animam
2433 3761 2677 3820 meam,
2728 3756 2888 3837 quo-

350 3830 536 3896 niam
579 3839 849 3898 sanctus
878 3850 1027 3897 sum
1071 3827 1209 3917 (Ps.
1249 3826 1387 3916 85).
1440 3827 1573 3909 Qui
1623 3848 1778 3896 vero
1826 3838 1991 3896 sunt
2022 3825 2246 3908 mites,
2285 3826 2423 3896 nisi
2470 3848 2645 3916 quos
2678 3835 2887 3915 pietas

348 3915 619 3996 imbuit,
671 3918 793 4003 qui
838 3939 999 3986 cum
1049 3917 1379 4006 patientia
1407 3928 1473 3986 et
1512 3914 2048 3986 mansuetudine
2085 3912 2478 4004 frequenter
2511 3911 2879 4007 postulant,

349 4017 428 4075 ut
465 4004 780 4075 adveniat
829 4027 1118 4096 regnum
1158 4005 1294 4087 Dei,
1330 4005 1689 4095 cupientes
1735 4003 2046 4086 dissolvi,
2088 4017 2156 4074 et
2186 4026 2337 4074 esse
2381 4026 2541 4074 cum
2592 3999 2890 4073 Christo?

352 4099 658 4177 Quorum
687 4094 1114 4167 universitati
1147 4106 1429 4164 sanctus
1460 4105 1797 4184 eructuat,
1844 4093 2119 4163 dicens:
2150 4098 2486 4186 Eoespecta
2514 4092 2881 4166 Dominum,

353 4194 415 4252 et
463 4183 723 4252 custodi
753 4186 932 4253 viam
978 4187 1147 4275 ejus,
1187 4193 1249 4253 et
1278 4183 1611 4253 emaltabit
1661 4193 1745 4262 te,
1785 4193 1862 4250 ut
1914 4183 2329 4254 haereditate
2375 4184 2605 4274 capias
2642 4189 2884 4248 ter-ram

351 4272 490 4362 (Ps.
536 4271 695 4361 36):
735 4284 910 4342 terra
938 4274 1123 4342 enim
1160 4272 1531 4341 viventium
1568 4270 1988 4361 promittitur
2017 4271 2457 4362 possidenda.
2496 4269 2627 4354 Qui
2658 4277 2882 4362 autem

357 4359 638 4452 lugent,
699 4360 835 4432 nisi
896 4382 1070 4449 quos
1119 4360 1396 4431 instruit
1443 4359 1727 4430 scientia
1782 4359 2129 4442 salutaris,
2182 4360 2303 4448 qui
2352 4360 2620 4451 piarum
2685 4350 2884 4424 undis
