2993 4837
111 309 268 374 Nov.
319 313 358 375 8
748 330 827 375 DE
876 329 932 375 S.
987 328 1336 376 coam-’amo
1383 330 1479 376 ΕΡ.
1538 329 1923 377 AuaiaNENsr
2400 316 2524 380 357

112 413 368 483 caeteris
413 413 853 493 intromissis,
897 413 1170 502 cogitur
1217 425 1393 483 stare
1453 414 1645 483 foris.
1710 414 1963 484 videns
2024 414 2140 483 ille
2189 414 2495 485 humano
2545 440 2617 487 se

112 502 341 571 auxilio
387 502 812 583 destitutum,
851 502 1027 570 redit
1074 500 1263 572 solus
1297 502 1382 571 ad
1422 503 1765 571 civitatem
1817 524 2053 571 suam:
2099 502 2301 572 refert
2338 506 2520 575 clero
2552 519 2619 575 et

110 591 363 679 populO,
398 591 559 678 quid
603 590 955 660 acciderit.
995 596 1291 660 Moerent
1338 614 1602 672 omnes,
1658 603 1802 661 tum
1846 591 2306 681 capt-ivitatem
2349 593 2617 664 domini

109 680 222 757 sui,
260 695 396 749 tum
449 680 777 763 injuriam
833 679 1171 769 praesulis
1221 680 1352 760 sui,
1393 701 1602 765 quam
1658 679 2013 751 molestius
2062 680 2389 751 ferebant.

178 770 209 854 ξ
244 772 388 840 88.
434 769 816 857 Episcopus
854 790 1012 838 vero
1047 790 1280 838 sacras
1315 769 1643 857 reliquias
1675 768 1852 838 beati
1890 770 2173 838 Firmini
2216 782 2281 839 et
2318 771 2611 841 aliorum

105 871 466 925 sanctorum
520 857 717 926 humi
785 856 1100 947 deponit,
1165 857 1492 927 ecclesias
1555 858 1856 947 regionis
1921 858 2115 927 infidi
2189 860 2615 929 Vicedomini

104 943 370 1027 claudit,
414 946 612 1015 illum
662 958 727 1014 et
776 944 1075 1014 fautores
1125 946 1276 1035 ejus
1324 969 1564 1016 omnes
1632 946 1862 1036 plectit
1925 947 2379 1017 anathemate.
2447 949 2614 1018 Inde

104 1034 400 1120 utrinque
444 1035 747 1103 existunt
801 1034 1002 1115 bella,
1065 1035 1334 1123 cogitur
1398 1036 1636 1104 audire
1698 1037 1853 1123 pius
1912 1037 2287 1125 Episcopus
2337 1039 2615 1107 crebras

105 1144 397 1211 agrorum
448 1124 884 1203 vastationes,
943 1144 1275 1224 pagorum
1316 1123 1884 1213 depopulationes
1930 1138 2134 1211 atquc
2168 1126 2610 1215 direptiones,

107 1210 486 1298 templorum
540 1212 886 1280 incendia.
931 1212 1196 1294 Quibus
1237 1211 1351 1279 ille
1401 1212 1652 1281 mirum
1708 1214 1773 1280 in
1830 1212 2111 1282 modum
2150 1214 2606 1305 affligebatur,

105 1311 157 1366 et
198 1300 360 1371 flens
399 1299 701 1389 largiter,
747 1301 1072 1369 miserum
1131 1321 1203 1368 se
1241 1301 1621 1382 dictitabat,
1676 1302 1792 1388 qui
1846 1303 1911 1370 in
1964 1324 2039 1370 ea
2093 1314 2397 1391 tempora
2439 1305 2617 1373 inci—

110 1386 314 1457 disset.
367 1394 630 1458 Poterat
684 1402 830 1458 tum
891 1389 1118 1457 dicere
1180 1410 1336 1457 cum
1401 1389 1783 1479 Propheta:
1836 1396 1883 1459 A
1936 1415 2091 1460 voce
2136 1396 2428 1481 yeme-'tus
2484 1397 2622 1462 mei

107 1477 384 1546 adhaesit
430 1501 499 1547 os
545 1500 770 1547 meum
817 1480 1012 1546 carni
1070 1499 1277 1546 meae.
1332 1480 1591 1548 Similis
1637 1482 1859 1566 factus
1905 1502 2055 1548 sum
2095 1483 2406 1582 pelicano
2452 1485 2615 1550 solz?-

103 1566 350 1646 tudim's,
383 1569 606 1655 factus
644 1589 793 1635 sum
817 1569 990 1635 sicut
1022 1568 1423 1655 nycticoram
1453 1570 1523 1634 in
1553 1569 1910 1637 domicilio.
1956 1571 2267 1658 l‘z'qzlavi,
2300 1582 2361 1639 et
2392 1574 2617 1659 saccus

103 1676 224 1721 sum
269 1658 440 1723 sicut
469 1679 705 1755 passer
741 1656 1091 1724 solitarius
1130 1657 1201 1722 in
1242 1665 1405 1722 tecto
1451 1657 1589 1812 ἵζω
1631 1657 1810 1745 tot).
1849 1657 2124 1727 Dolebat
2160 1660 2372 1726 vicem
2412 1659 2612 1727 mise·

106 1763 336 1824 rorum,
369 1767 490 1831 qui
523 1744 1032 1814 calamitatibus
1074 1741 1212 1813 illis
1246 1742 1466 1811 afficie
1522 1757 1748 1827 antur.
1787 1745 2072 1815 Redibat
2104 1747 2170 1814 in
2210 1748 2608 1816 memoriam

107 1832 408 1917 pristinae
440 1834 716 1920 quietiS,
753 1854 890 1919 qua
941 1833 1008 1900 in
1050 1832 1465 1901 monasterio
1509 1834 1763 1922 potitus
1802 1847 1966 1911 erat,
2004 1848 2069 1904 et
2101 1835 2170 1902 in
2216 1835 2339 1905 has
2381 1836 2614 1905 turbas

106 1941 163 1986 se
202 1922 578 2008 conjectum
621 1922 987 1990 moerebat.
1034 1925 1268 2007 Itaque
1303 1920 1518 1990 factae
1560 1935 1720 1991 sunt
1751 1923 1810 1989 ei
1850 1922 2187 2010 lacrymae
2221 1946 2429 2013 panes
2463 1926 2615 2014 ejus

106 2006 195 2075 die
234 2032 306 2077 ac
353 2023 570 2090 nocte,
620 2010 877 2079 sitienti
928 2009 1180 2078 fontem
1219 2010 1415 2090 vitae,
1451 2011 1571 2096 qui
1611 2023 1711 2078 est
1745 2011 1926 2099 apud
1968 2026 2049 2088 te,
2094 2015 2373 2079 Domine
2409 2018 2608 2083 Deus.

177 2098 208 2182 ξ
247 2103 412 2167 89.
465 2097 774 2168 Habebat
821 2099 1009 2167 domi
1057 2098 1242 2188 apud
1293 2120 1365 2167 se
1395 2098 1572 2168 duos
1604 2099 1851 2188 spiritu
1889 2121 2245 2189 pauperes,
2284 2101 2613 2189 religione

111 2195 161 2250 et
190 2187 386 2255 animi
492 2188 738 2257 uritate
785 2187 1096 2268 eximi03‚
1154 2209 1424 2257 morum
1475 2188 1861 2276 integritate
1907 2190 2343 2278 conspicuos.
2386 2195 2474 2257 Ex
2530 2191 2613 2257 iis

109 2270 247 2341 alter
291 2280 430 2346 Gau
467 2277 685 2357 riduS,
739 2276 909 2344 alter
955 2277 1272 2345 Otbertus
1320 2276 1703 2346 dicebatur.
1756 2277 1849 2344 Iis
1881 2277 2152 2355 domus,
2199 2277 2604 2346 alendorum

108 2380 424 2446 pecorum,
476 2377 541 2434 et
581 2364 1047 2465 agriculturae
1085 2386 1320 2434 curam
1370 2365 1844 2435 demandarat.
1900 2371 1975 2435 Et
2037 2365 2410 2437 Gaufridus
2458 2368 2614 2454 qui-

104 2447 257 2533 dem,
303 2453 460 2523 licet
509 2473 594 2522 ne
643 2477 792 2543 ipsa
824 2454 1105 2540 quidem
1161 2454 1538 2524 litterarum
1577 2455 1908 2524 elementa
1946 2455 2244 2534 calleret,
2282 2469 2349 2524 at
2386 2471 2607 2525 tamen

104 2556 392 2630 percepta
443 2543 621 2612 beati
667 2543 982 2632 Episcopi
1018 2543 1515 2622 benedictione,
1557 2557 1739 2613 tanta
1776 2544 2166 2613 dexteritate
2209 2545 2613 2614 hominibus

104 2629 260 2698 verbi
326 2631 642 2701 coelestis
694 2634 956 2699 semina
1008 2632 1406 2720 promebat,
1471 2646 1548 2701 ut
1606 2646 1746 2701 tam.
1805 2634 1949 2723 ipse
2012 2634 2251 2702 beatus
2301 2635 2606 2713 antistes,

99 2738 278 2801 quarn
317 2719 516 2789 multi
558 2720 762 2788 etiam
809 2721 980 2789 bene
1025 2719 1205 2788 docti
1257 2720 1380 2787 viri
1423 2720 1956 2800 admirarentur,
1998 2722 2184 2791 unde
2222 2722 2612 2792 illitteratus

100 2818 150 2871 et
178 2807 374 2877 idiota
411 2821 548 2878 tam
602 2808 934 2878 sublimia
981 2821 1043 2877 et
1091 2809 1439 2877 recondita
1530 2810 1835 2879 roferret.
1870 2811 1961 2880 Ad
2000 2811 2125 2881 hos
2157 2834 2319 2901 ergo
2355 2812 2613 2901 saepis-

98 2892 246 2963 sime
289 2919 360 2966 se
409 2897 786 2987 recipiebat
834 2897 1234 2987 EpiscopuS,
1278 2909 1474 2967 tumu
1513 2913 1620 2967 tus
1666 2912 1729 2967 et
1777 2900 2106 2988 strepitus
2149 2923 2374 2969 rerum
2412 2922 2611 2969 mun-

99 2979 408 3054 danarum
459 2985 636 3055 ferre
679 3008 812 3054 non
865 2987 1240 3068 sustinens,
1280 2986 1559 3056 illorum
1598 2987 1961 3073 colloquiis
1997 2990 2285 3058 sinceris
2320 2989 2610 3058 mirifice

101 3065 466 3143 delectatus
507 3074 936 3161 Quandoque
982 3087 1209 3145 autem
1244 3076 1523 3146 veniens
1562 3076 1645 3144 ad
1685 3075 2142 3156 domicilium,
2184 3077 2252 3145 in
2305 3099 2441 3164 quo
2491 3078 2611 3146 de-
2708 3113 2713 3119 ·

95 3159 343 3312 ἕεῦθὴῑ,
392 3165 651 3232 invenit
702 3162 856 3233 illos
907 3185 1289 3254 pauperum
1342 3164 1549 3254 pedes
1588 3162 1969 3242 abluenteS,
2006 3187 2168 3234 suas
2213 3179 2433 3235 vestes
2473 3166 2611 3235 illis

136 3264 428 3334 onantes,
481 3266 545 3321 et
594 3252 768 3321 cibis
814 3273 987 3338 quos
1038 3252 1245 3343 paulo
1292 3266 1448 3323 ante
1506 3275 1543 3321 a
1592 3253 2065 3342 dispensatore
2123 3253 2372 3322 domus
2420 3276 2611 3322 acce-

98 3353 333 3421 perant,
363 3364 474 3409 eos
509 3341 918 3422 reficientes,
961 3363 1093 3410 non
1147 3363 1301 3410 raro
1334 3343 1519 3412 enim
1563 3342 1696 3411 sibi
1731 3343 1900 3432 ipsis
1932 3363 2048 3410 cos
2082 3342 2603 3420 subtrahebant,

94 3436 146 3491 et
193 3429 451 3498 miseris
499 3428 1098 3520 impertiebantur.
1140 3429 1460 3499 Jucundo
1510 3452 1672 3520 ergo
1721 3431 1916 3500 vultu
1964 3430 2059 3499 ait
2107 3430 2189 3498 ad
2242 3451 2402 3498 eos:
2462 3453 2497 3495 «
2562 3436 2612 3499 Ο

94 3509 305 3584 felices
336 3540 470 3597 vos,
505 3540 584 3587 ac
631 3523 758 3587 Deo
807 3517 1077 3607 dignos
1119 3541 1155 3585 »
1191 3519 1632 3608 Respondent
1683 3519 1781 3588 illi
1818 3543 1830 3586 :
1893 3544 1912 3578 e
1966 3518 2406 3588 Orationibus
2445 3518 2605 3597 tuiS,

95 3612 267 3698 pater
298 3605 712 3687 beatissime,
757 3608 1011 3676 bonum
1061 3619 1124 3676 et
1162 3607 1587 3695 jucundum.
1626 3631 1660 3674 »
1713 3613 1790 3679 Et
1836 3608 2260 3696 Episcopus:
2318 3629 2352 3672 «
2406 3610 2610 3694 Aper-

93 3699 258 3771 t1uS,
303 3694 566 3781 inquit,
624 3695 851 3764 isthuc
898 3696 1165 3765 edicite.
1222 3719 1257 3763 »
1308 3735 1393 3746 —-
1443 3719 1477 3762 «
1530 3701 1623 3764 An
1679 3717 1839 3777 non,
1904 3698 2098 3786 ajunt
2149 3694 2293 3776 illi,
2345 3695 2603 3763 bonum

93 3790 146 3843 et
191 3779 579 3868 jucundum
656 3784 780 3853 tibi
836 3784 1126 3864 videtur,
1192 3797 1406 3874 pater,
1478 3806 1783 3854 recreare
1855 3807 2229 3874 paupereS,
2303 3796 2366 3852 et
2442 3782 2605 3860 illis,

93 3871 550 3964 convenienter
619 3873 996 3961 praeceptis
1059 3873 1475 3952 Dominicis,
1546 3895 1653 3942 res
1733 3875 2155 3942 necessarias
2231 3871 2615 3961 praebere?

95 3954 201 4020 His
268 3960 448 4029 enim
522 3960 772 4032 studiis
834 3983 1204 4062 possumus
1291 3962 1665 4051 promereri
1740 3962 1991 4050 gaudia
2074 3964 2423 4030 beatorum
2466 4014 2479 4034 ,
2549 3976 2613 4028 et

93 4061 219 4140 sem
276 4047 560 4117 iternam
610 4049 856 4119 Christi
906 4050 1106 4139 Regis
1154 4049 1565 4120 immortalis
1624 4050 2299 4136 contemplationem.
2350 4072 2384 4114 »
2421 4052 2602 4147 'Tum

99 4150 186 4228 vir
274 4151 463 4206 eatus
509 4137 609 4204 eis
658 4151 1038 4207 reverenter
1077 4153 1285 4228 caput
1342 4139 1732 4207 inclinans:
1798 4161 1832 4204 «
1895 4144 1991 4208 Ita
2056 4150 2178 4218 est,
2243 4138 2488 4224 inquit,
2538 4150 2613 4203 ut

97 4215 330 4319 dicitiS,
396 4225 736 4294 Christum
789 4228 1021 4317 igitur,
1078 4248 1359 4314 quaes0,
1419 4249 1543 4316 pro
1596 4249 1709 4321 me
1750 4225 2262 4314 deprecemini,
2325 4238 2401 4294 ut
2449 4245 2606 4291 cum

99 4321 230 4378 istis
279 4335 544 4382 merear
591 4314 655 4381 in
707 4316 853 4402 ejus
899 4316 1182 4384 domum
1235 4328 1582 4384 aeternam
1637 4316 1939 4384 introire.
2000 4338 2036 4382 »

174 4400 207 4482 ἓ
252 4407 415 4473 40.
474 4399 755 4471 Sedebat
785 4403 1029 4472 deinde
1078 4404 1366 4473 solusin
1414 4403 1880 4493 penetralibus
1915 4405 2165 4473 domus
2198 4400 2615 4470 Godel'ridus
