2993 4837
172 287 329 355 mv.
392 293 423 355 t
1123 314 1445 364 succinus
1489 317 1581 365 ss.
1635 315 1981 365 marram«
2652 304 2722 367 Η

184 412 429 485 magna
454 418 660 468 cum
697 399 967 489 gloria
1001 409 1062 468 et
1080 400 1490 470 confidentia
1514 400 1886 482 adstantes,
1918 402 2653 475 ostendentcicatrices
2684 406 2824 475 vul·

198 502 468 566 nerum,
520 489 1071 576 atrociumque
1121 510 1495 579 poenarum
1533 490 1600 559 in
1653 491 1800 561 suis
1844 492 2251 581 corporibus
2301 492 2630 574 lucenteS,
2682 493 2823 563 ful-

217 595 596 667 goremque
633 577 849 647 Solis
894 600 1025 646 sua
1059 577 1362 647 claritate
1399 576 1793 649 vincentes?
1821 584 1954 650 Nos
1985 579 2151 667 quid
2196 601 2357 649 nam
2407 581 2507 650 ibi
2547 580 2814 665 fratreS,

233 667 579 737 ostensuri
638 670 983 738 sumus?
1035 671 1213 749 Quas
1274 668 1557 736 virtutes
1617 668 2133 755 praeferemus?
2185 671 2818 743 Nurmcharitatem

245 754 395 825 neit
425 760 612 825 Num
665 754 1160 825 inviolabilem
1190 755 1451 825 fidem?
1486 761 1661 826 Num
1698 767 2121 828 terrenorum
2171 757 2487 828 omnium
2547 759 2820 830 nudita-

248 844 426 914 tem?
463 850 562 913 An
600 842 789 913 forte
846 843 1458 930 tranquillitatem?
1505 848 1598 913 An
1655 845 2003 932 quietem?
2069 851 2243 915 Num
2291 845 2822 937 eleemosynas?

254 937 429 1003 Num
484 932 967 1004 miserationis
1017 933 1393 1002 affectum?
1442 937 1539 1001 An
1609 933 2261 1005 mansuetudinem?
2319 939 2414 1004 An
2476 938 2819 1008 orationes

257 1021 611 1091 mundas?
662 1026 762 1091 An
813 1021 1421 1110 compunctionem
1472 1020 1900 1092 salutarem?
1945 1027 2040 1091 An
2078 1022 2399 1112 vigilias?
2450 1029 2544 1093 An
2595 1025 2821 1116 lacry-

256 1114 456 1180 mas?
500 1115 751 1180 Beatus
801 1131 972 1181 sane
1009 1109 1305 1197 felixque
1354 1122 1480 1191 est,
1520 1131 1724 1198 quem
1777 1111 1918 1180 illic
1969 1112 2100 1182 ista
2149 1112 2589 1183 comitantur.
2643 1119 2814 1184 Nam

259 1198 395 1269 erit
439 1198 744 1289 profecto
775 1212 941 1268 tunc
983 1204 1356 1289 Martyrum
1407 1200 1660 1279 socius,
1709 1220 1930 1286 neque
1962 1221 2002 1268 a
2040 1200 2315 1270 coelesti
2358 1211 2423 1269 et
2471 1202 2674 1291 pleno
2713 1202 2821 1273 lu-

266 1287 483 1359 minis
530 1287 839 1356 thalamo
887 1286 1274 1377 abjicietur,
1327 1285 1442 1358 sed
1498 1287 1787 1357 eandem
1837 1288 2116 1358 habebit
2171 1289 2660 1360 confidentiam
2716 1313 2821 1361 co·

260 1396 409 1445 ram
459 1376 729 1446 Christo
764 1376 1055 1445 Domino
1086 1388 1150 1445 et
1197 1374 1470 1466 Angelis
1502 1377 1652 1467 ejus
1688 1377 1795 1446 his
1833 1378 2163 1468 operibus
2196 1378 2431 1458 fretuS,
2488 1379 2818 1469 gloriam-

256 1485 395 1551 que
429 1464 651 1533 nihilo
700 1464 1124 1551 martyribus
1152 1464 1570 1533 inferiorem.

347 1555 387 1638 ξ
432 1559 528 1623 θ.
580 1557 981 1631 Precaruur,
1042 1552 1423 1622 beatissimi
1472 1559 1838 1643 Martyres,
1901 1575 2024 1646 pro
2082 1553 2370 1624 Domino
2419 1554 2810 1636 Salvatore,

256 1661 525 1741 proque
556 1640 755 1710 illius
785 1640 1118 1711 charitate
1151 1654 1393 1731 sponte
1429 1654 1495 1711 et
1527 1643 1820 1733 impigre
1862 1655 2198 1712 tormenta
2238 1643 2574 1726 subiistis,
2612 1658 2819 1733 atque

256 1727 415 1799 ideo
447 1728 871 1798 familiarius
919 1730 1207 1800 Domino
1255 1731 1606 1820 conjuncti
1654 1732 1841 1813 estis,
1894 1744 1973 1801 ut
2007 1753 2128 1821 pro
2175 1732 2376 1801 nobis
2411 1733 2707 1813 miseris,
2751 1746 2819 1804 et

256 1818 769 1908 peccatoribus,
809 1829 876 1887 et
923 1817 1380 1919 negligentiae
1418 1819 1736 1906 squalore
1777 1820 2239 1901 sordentibuS,
2285 1822 2656 1891 Dominum
2713 1823 2818 1891 in-

252 1906 627 1997 terpellare
656 1906 1075 1997 dignemint,
1128 1919 1205 1977 ut
1249 1909 1687 1998 superveniat
1738 1908 1809 1976 in
1865 1928 1991 1977 nos
2030 1909 2251 1998 gratia
2300 1910 2577 1992 Christi,
2631 1932 2812 1998 quae

250 1995 463 2065 corda
507 2008 751 2066 nostra
784 1995 982 2075 radio
1009 2008 1284 2067 sanctae
1315 1996 1672 2066 charitatis
1704 1996 2022 2078 illustret,
2066 1997 2409 2085 ut.ipsum
2442 2011 2576 2068 toto
2609 2000 2817 2070 corde

255 2083 545 2176 diligere
608 2085 996 2175 possimus.
1051 2090 1178 2156 Vos
1233 2106 1481 2176 nempe
1545 2107 1702 2154 vere
1770 2084 1951 2154 beati
2016 2098 2222 2173 atque
2270 2084 2552 2175 gloriosi
2597 2089 2809 2169 estis,

264 2192 438 2260 quos
481 2173 731 2265 angeli
777 2185 845 2242 et
890 2173 1208 2244 homines
1255 2174 1406 2265 pari
1451 2195 1799 2243 consensu
1862 2174 2096 2244 beatos
2159 2173 2585 2265 praedicant.
2643 2181 2815 2245 Nam

273 2280 628 2351 pressurae
690 2274 1048 2352 tempore,
1115 2284 1276 2333 cum
1329 2284 1705 2352 poenarum
1754 2262 1948 2333 dolor
2022 2275 2416 2353 augeretur,
2490 2284 2610 2332 vos
2658 2276 2817 2334 ante

280 2350 525 2422 mentis
566 2350 811 2423 oculos
854 2350 1256 2441 paradisum
1306 2351 1694 2433 habebatis,
1760 2353 2118 2423 vobiscum
2187 2352 2318 2422 ista
2374 2364 2812 2442 reputantes:

279 2459 321 2505 ι
353 2439 890 2531 Ιυίῐίρὶἰοθηῑιιι·
938 2440 1051 2510 hic
1116 2440 1462 2530 supplicia
1508 2441 1840 2530 corporis,
1892 2454 1971 2512 ut
2017 2440 2160 2511 illic
2209 2442 2279 2510 in
2336 2441 2657 2532 paradiso
2705 2464 2817 2512 vo-

273 2524 561 2617 luptau's
595 2541 1018 2620 propagetur
1061 2542 1127 2599 et
1157 2529 1449 2617 requies.
1486 2552 1523 2596 »
1573 2533 1880 2618 Cumque
1917 2530 1988 2599 in
2038 2529 2257 2600 altum
2308 2552 2382 2600 se
2429 2530 2814 2602 attollerent

263 2614 615 2686 fluctuum
660 2632 956 2697 montes,
1010 2629 1076 2686 et
1124 2617 1339 2688 moles
1393 2616 1740 2687 undarum
1786 2639 1908 2708 per
1960 2618 2305 2710 supplicia
2361 2620 2765 2710 passionum
2794 2675 2810 2702 ,

258 2702 627 2775 beatitudo
666 2707 864 2777 vobis
912 2727 952 2774 a
1000 2710 1132 2776 Deo
1173 2707 1590 2797 repromissa
1606 2706 1867 2796 jugiter
1914 2707 2318 2778 versabatur
2342 2719 2500 2779 ante
2545 2708 2809 2790 oculos,

257 2791 571 2883 perfecte
612 2794 1058 2865 credentibus
1124 2816 1261 2864 non
1315 2815 1513 2884 posse
1570 2795 1847 2865 mentiri
1914 2800 2151 2879 Deum,
2205 2797 2325 2884 qui
2378 2796 2503 2866 ista
2554 2798 2814 2887 promi-

256 2893 471 2951 serat.
503 2884 848 2966 Quoniam
900 2882 1114 2973 igitur
1159 2881 1395 2953 futura
1428 2883 1549 2952 illa
1596 2895 1661 2953 et
1700 2883 2123 2974 sempiterna
2169 2885 2354 2955 bona
2406 2883 2656 2975 'ugiter
2704 2886 2815 2956 in-

262 2969 672 3052 tuebamini,
728 2972 901 3041 certi
960 2992 1077 3040 vos
1121 2972 1225 3042 eis
1272 2972 1420 3042 sine
1467 2973 1607 3041 fine
1652 2971 2009 3055 fruituros,
2063 2973 2348 3056 idcircO,
2448 2975 2810 3056 eatissimi,

252 3057 451 3128 flecti
490 3059 896 3146 mollirique
942 3080 1077 3128 non
1128 3061 1349 3150 potuit
1394 3074 1619 3131 vestra
1678 3061 2089 3132 constantia.
2143 3067 2343 3133 Laeta
2389 3075 2454 3133 et
2499 3063 2818 3134 exultans

248 3144 658 3218 futurorum
708 3150 1169 3240 exspectati03
1223 3148 1429 3219 fortes
1473 3170 1594 3218 vos
1651 3170 1730 3219 ac
1794 3151 2312 3222 robustissimos
2343 3149 2522 3222 fecit.
2577 3157 2818 3240 Itaque

248 3234 455 3306 boris
499 3236 807 3326 singulis
840 3258 1011 3306 nova
1051 3237 1243 3308 vobis
1291 3238 1642 3308 admoveri
1688 3239 1951 3310 acriora
1993 3239 2339 3330 supplicia
2391 3240 2809 3331 cupiebatis,

255 3345 495 3413 neque
542 3326 780 3395 satiari
813 3326 1050 3416 poenis
1146 3327 1442 3397 oteratis.
1482 3326 1661 3397 vidit
1690 3350 1810 3400 vos
1857 3330 2293 3399 truculentus
2323 3329 2580 3399 arbiter
2622 3349 2820 3400 secu·

252 3431 401 3494 ros,
460 3411 781 3496 fidentes,
833 3414 1081 3504 intrepi
1137 3436 1215 3485 os
1261 3415 1333 3484 in
1381 3436 1602 3504 agone
1658 3417 2046 3506 persistere,
2100 3416 2505 3518 nullamque
2562 3438 2820 3508 poena-

256 3520 427 3571 rum
482 3503 949 3584 acerbitatem,
990 3503 1219 3573 nullos
1267 3505 1627 3575 verberum
1669 3506 1869 3589 ictuS,
1934 3505 2167 3578 nullas
2213 3506 2626 3576 carnificum
2675 3527 2821 3576 ma-

258 3609 403 3659 nus
447 3591 737 3661 omnino
774 3590 1168 3673 formidare,
1221 3590 1609 3680 fractasque
1657 3616 1825 3664 suae
1858 3595 2204 3681 nequitiae
2244 3596 2422 3666 vires
2459 3595 2822 3685 obstupuit

258 3699 347 3747 ac
393 3677 640 3749 doluit.
697 3679 822 3749 Ubi
862 3701 1018 3750 vero
1064 3681 1416 3770 cruciatus
1461 3703 1740 3765 omnes,
1798 3704 1841 3754 o
1890 3682 2249 3754 fortissimi
2288 3683 2586 3754 athletae
2650 3684 2815 3766 Dei,

262 3765 607 3837 immensa
647 3769 894 3839 virtute
938 3769 1201 3839 vicistis
1233 3824 1249 3850 ,
1312 3770 1782 3841 arbitrabatur
1837 3773 2126 3842 insanus
2181 3771 2424 3854 Judex,
2489 3793 2610 3862 per
2655 3772 2821 3844 ferri

264 3867 522 3926 metum
560 3856 779 3928 robur
823 3869 1084 3927 vestrae
1115 3859 1540 3929 constantiae
1572 3858 1642 3929 in
1678 3860 2119 3931 formidinem
2156 3880 2360 3951 posse
2396 3874 2814 3943 convertere,

264 3958 779 4034 Qaturosque
826 3947 1172 4017 Christum
1224 3948 1510 4038 putavit,
1554 3969 1760 4036 quem
1813 3960 1946 4019 toto
1994 3949 2215 4019 animi
2270 3949 2518 4019 affectu
2564 3972 2822 4023 concu-

263 4031 486 4119 pistis,
531 4036 796 4124 quique
828 4036 900 4104 in
958 4036 1286 4107 cordibus
1320 4037 1587 4119 vestris,
1623 4050 1698 4106 ut
1746 4036 1815 4105 in
1868 4037 2248 4128 purissimo
2288 4038 2821 4129 gratissimoque

263 4117 617 4195 domicilio
663 4123 1126 4194 inhabitabat.
1180 4126 1547 4216 Ignorabat
1593 4145 1859 4206 amens,
1902 4124 2068 4207 fore,
2122 4139 2200 4196 ut
2239 4126 2462 4218 ipsius
2509 4128 2815 4219 gladius,

263 4210 377 4370 2³¹1}
422 4212 815 4286 immensos
845 4213 1212 4302 sanguinis
1267 4213 1489 4296 rivos,
1544 4215 1825 4285 strictus
1872 4214 1944 4284 in
1996 4218 2403 4287 Sanctorum
2456 4216 2813 4307 Jugulum,

378 4314 540 4382 erat,
593 4305 737 4376 sibi
771 4301 1131 4390 imprimis
1186 4314 1457 4391 pararet
1506 4322 1765 4383 necem,
1818 4315 1897 4372 ut
1946 4302 2119 4389 ipsis
2169 4305 2261 4395 pii
2298 4305 2568 4376 cruoris
2607 4304 2846 4373 undis.

266 4389 706 4470 suffocaretur
765 4389 1044 4464 infelix.
1110 4390 1345 4481 Ajebat
1410 4403 1639 4462 autem
1691 4392 2031 4463 militibus
2096 4394 2279 4475 suis,
2335 4393 2559 4463 victus
2616 4404 2824 4480 atque
