2993 4837
550 288 673 350 :it-t
1084 305 1161 350 na
1210 305 1263 349 s.
1320 304 1616 350 orniiiiao
1667 304 1906 349 Anasta
1955 301 2380 349 SANGALLENSI
2655 283 2796 347 Nov.
2833 284 2890 345 16

457 404 671 460 status
713 389 822 458 sui
856 387 1331 457 amittentibus
1382 388 1855 457 rectitudinem
1921 387 2018 457 vel
2069 386 2360 456 sormam
2389 440 2405 466 ,
2457 386 2662 475 capite
2701 385 2764 454 ad
2802 400 2893 456 tei·-

462 502 602 548 ram
645 499 829 546 more
861 476 1394 566 quadrupedum
1448 477 1799 558 inclinato,
1841 498 1975 545 non
2012 475 2237 546 solum
2274 473 2683 545 deformitate
2709 474 2781 564 fig
2952 537 2954 546 ,

458 564 805 647 terribiliS,
844 586 1078 634 verum
1129 565 1331 635 etiam
1384 566 1531 634 viva
1574 588 1736 635 voce
1786 567 1854 635 in
1907 577 2248 636 sanctum¹
2281 563 2395 633 Dei
2427 585 2903 653 peccassemus·

456 669 585 726 tem
601 676 760 745 pore
800 653 1163 723 fatebatur.

543 747 579 831 ξ
626 749 719 815 θ.
775 742 1074 812 Concilio
1122 754 1349 812 autem
1408 743 1645 830 inique
1707 744 2025 812 inchoato
2057 797 2072 823 ,
2129 756 2197 811 et
2245 741 2557 828 iniquius
2603 740 2838 810 termina
2862 768 2897 831 ³⁷7·
2953 727 2954 818 ζ

457 833 560 901 vii·
608 832 721 901 Dei
758 831 1128 902 othmarus
1191 830 1373 921 apud
1418 831 1652 900 villam
1707 836 2064 901 Potamum
2120 830 2154 864 '⁵
2209 829 2458 918 palatio
2509 830 2790 899 inclusus
2828 843 2954 928 :3221

454 920 648 1003 Quod
680 943 835 990 cum
877 919 1113 989 nullus
1153 920 1430 1000 intrare,
1473 920 1572 989 vel
1615 919 1915 1007 colloqui
1962 941 2122 989 cum
2160 940 2239 988 eo
2288 920 2787 1009 permitteretur,
2834 954 2839 980 ι

504 1021 619 1079 uot
652 1009 798 1078 dies
837 1009 1096 1095 absque
1130 1031 1247 1078 cor
1300 1009 1509 1078 oralis
1551 1007 2017 1078 sustentaculo
2051 1008 2273 1077 victus
2307 1009 2656 1098 transegit.
2688 1013 2907 1092 Cumq
2953 999 2954 1004 ¹

453 1032 785 1168 diuturna
843 1098 1190 1167 vexatione
1269 1098 1446 1165 amis
1500 1097 1860 1176 laboraret,
1905 1102 2238 1188 Patgozus
2271 1096 2558 1183 quidam
2592 1119 2627 1166 e
2667 1096 2907 1164 fratrib
2953 1151 2954 1166 ,

453 1189 601 1277 ejus
638 1201 844 1256 noctu
881 1185 1202 1254 advenire
1239 1185 1520 1266 solebat,
1557 1201 1622 1255 et
1670 1187 1731 1255 ei
1782 1187 2002 1256 victus
2051 1185 2293 1256 solatia
2343 1186 2751 1256 ministrare.
2788 1191 2903 1253 Post
2953 1253 2954 1258 ,

455 1276 737 1346 modum
793 1296 945 1343 vero
995 1275 1364 1344 Gozbertus
1409 1274 1722 1375 quidam,
1763 1277 1865 1343 vir
1915 1289 2176 1364 potenS‚
2222 1273 2391 1343 dum
2437 1275 2572 1343 sibi
2615 1276 2811 1344 virum
2850 1284 2891 1332 l·-

455 1363 925 1434 commendari
959 1363 1046 1432 ab
1080 1364 1338 1450 iniquis
1373 1365 1808 1453 principibus
1844 1364 2299 1452 impetrasset,
2337 1363 2413 1431 in
2444 1363 2737 1450 quadani

453 1454 765 1523 fluminis
831 1451 1057 1521 insula
1108 1453 1387 1521 nomine
1444 1454 1672 1532 Stein,
1720 1452 1917 1540 juxta
1969 1452 2325 1541 praedium
2380 1474 2596 1521 suum
2646 1450 2881 1521 cusin?

453 1541 650 1610 illum
703 1541 1073 1630 deputavit.
1122 1542 1246 1610 Ubi
1296 1540 1578 1627 quidem
1623 1555 1904 1611 sanctus
1958 1555 2147 1640 patei·
2185 1540 2486 1631 spiritali
2521 1555 2871 1610 tantummi«

452 1630 795 1708 exercitio,
838 1629 902 1696 id
961 1643 1084 1710 est,
1123 1630 1552 1699 orationibus
1603 1652 1682 1698 ac
1734 1629 2022 1718 Jejuniis
2071 1652 2343 1709 vacans,
2399 1651 2482 1698 eo
2534 1629 2804 1699 liberius
2848 1638 2887 1689 t<

453 1720 641 1788 mino
680 1718 1240 1804 deservivit,'quo
1282 1721 1368 1789 ab
1404 1719 1712 1788 humana
1760 1719 2303 1805 frequentatione
2343 1718 2685 1805 ‘curisque
2728 1740 2821 1787 sec

451 1808 644 1878 ribus
695 1807 914 1878 suerat
960 1807 1343 1877 absolutus.
1379 1809 1502 1876 His
1532 1819 1597 1876 et
1636 1807 1988 1877 similibus
2020 1822 2215 1876 notae
2247 1807 2640 1877 devotionis
2677 1808 2825 1876 insis
2850 1834 2879 1863 ω

448 1896 820 1985 operibus,
875 1909 1107 1965 exacto
1158 1917 1293 1965 non
1349 1896 1551 1965 multi
1600 1897 1928 1985 temporis
1972 1896 2241 1986 spatio,
2300 1897 2387 1965 ab
2437 1896 2556 1967 his
2610 1896 2885 1967 munda

451 1984 985 2071 perturbationis
1032 2007 1115 2053 an

445 2252 886 2341 corruptione
937 2251 1335 2340 permansit.

536 2344 572 2429 ξ
604 2344 681 2411 2.
723 2340 1022 2410 Evolutis
1055 2353 1281 2409 autem
1323 2351 1472 2430 post
1509 2340 1875 2410 transitum
1909 2339 2060 2428 ejus
2095 2339 2328 2409 decem
2358 2340 2598 2422 annis,
2637 2340 2875 2409 fraires

445 2428 632 2498 illius
685 2452 804 2519 per
854 2429 1179 2498 visionem
1240 2451 1277 2497 a
1330 2429 1618 2497 Domino
1674 2429 2078 2499 commoniti
2144 2442 2307 2498 sunt
2341 2484 2356 2511 ,
2412 2443 2492 2498 ut
2549 2451 2793 2519 corpus
2836 2457 2895 2486 vu

449 2519 660 2607 patris
707 2518 790 2587 ad
847 2517 1338 2588 monasterium
1377 2517 1806 2588 reducerent.
1861 2522 2002 2588 Hoc
2054 2517 2384 2606 patefacto
2439 2517 2724 2588 divinae
2756 2516 2899 2586 volu

442 2608 602 2676 tatis
641 2606 953 2687 consili0,
1009 2605 1330 2677 undecim
1383 2629 1463 2676 ex
1520 2605 1760 2675 iisdem
1814 2605 2143 2676 fratribus
2190 2619 2396 2676 noctu
2453 2607 2547 2675 ad
2613 2608 2841 2682 locum,
2882 2629 2899 2664 ει

437 2717 575 2781 quo
623 2695 843 2764 sancti
893 2696 1017 2764 viri
1076 2696 1359 2764 exuviae
1429 2695 1901 2776 servabantur,
1956 2695 2373 2765 deveniunt:
2444 2708 2513 2765 et
2589 2695 2835 2786 sepulc
2884 2735 2898 2742 -·

436 2784 843 2872 aperientes,
882 2806 1133 2874 corpus
1180 2785 1330 2873 ejus
1370 2783 1457 2852 ab
1507 2785 1695 2851 omni
1746 2785 2188 2874 corruptione
2237 2784 2562 2853 illaesum
2606 2783 2907 2875 reperiun

435 2885 712 2961 excepto
760 2872 945 2959 quod
1010 2894 1165 2963 pars
1224 2885 1525 2942 extrema
1576 2871 1770 2961 pedis
1829 2874 2079 2953 uniuS,
2140 2894 2347 2959 quem
2396 2895 2584 2960 aqua
2656 2870 2890 2965 allueba¹

439 2973 703 3030 tantum
764 2962 988 3030 colore
1040 2975 1322 3042 mutato,
1360 2960 1560 3048 quasi
1611 2961 1840 3030 tabida
1891 2961 2272 3031 videbatur.
2329 2967 2405 3030 Et
2451 2985 2767 3053 congruo
2808 2981 2915 3029 sa

442 3047 773 3119 miraculo
826 3051 1043 3140 prima
1095 3050 1477 3119 sanctitatis
1536 3050 1689 3135 ejus
1740 3050 1999 3119 indicia
2045 3050 2489 3131 claruerunt,
2536 3067 2620 3120 ut
2682 3047 2854 3120 videli

440 3153 573 3209 tam
612 3138 925 3208 illaesum
977 3161 1017 3207 a
1065 3140 1506 3229 corruptione
1557 3162 1812 3227 corpus
1851 3139 2004 3226 ejus
2051 3139 2497 3218 inveniretur,
2547 3162 2760 3225 quam
2806 3137 2895 3204 Ιιιει

439 3230 582 3318 ipse
621 3228 840 3297 fuerat
887 3250 926 3296 a
973 3228 1287 3309 crimine,
1332 3226 1539 3314 cujus
1587 3228 2017 3318 oppositione
2079 3239 2444 3320 superatus
2486 3228 2835 3298 videbatur
2875 3253 2901 3282 .-

438 3333 732 3408 tempus.
787 3322 929 3385 Hac
978 3317 1208 3403 itaque
1255 3317 1478 3386 devoti
1528 3314 1769 3387 fratres
1819 3339 2047 3386 rerum
2107 3318 2401 3387 novitate
2459 3316 2818 3405 perfectius
2855 3333 2903 3378 ιε·

434 3406 699 3487 structi,
742 3428 996 3493 corpus
1039 3405 1413 3475 honorifice
1459 3419 1844 3494 sumptum,
1886 3407 2013 3475 rati
2065 3407 2154 3474 im
2211 3419 2568 3475 osuerunt.
2619 3411 2695 3474 Et
2738 3420 2921 3472 accen

433 3494 672 3565 dentes
720 3494 1067 3575 candelas,
1110 3516 1319 3563 unam
1356 3493 1442 3563 ad
1493 3508 1725 3583 caput,
1760 3493 2043 3563 alteram
2079 3517 2158 3565 co
2191 3495 2588 3564 locaverunt
2621 3493 2704 3563 ad
2745 3488 2914 3583 pede}

521 3587 558 3672 ξ
605 3588 688 3657 8.
743 3588 1048 3670 Cumque
1097 3582 1363 3652 deserto
1406 3582 1652 3665 littore,
1692 3583 1970 3653 incertis
2011 3605 2084 3652 se
2133 3582 2496 3674 profundis
2530 3584 2663 3652 viis
2696 3597 2920 3672 commi·

432 3674 706 3754 sissent,
741 3685 806 3742 et
854 3694 1128 3741 summa
1169 3671 1496 3742 instantia
1550 3672 1833 3763 remigio
1868 3672 2282 3753 insistentes,
2319 3671 2450 3741 sub
2497 3671 2691 3740 omni
2736 3666 2918 3737 celeri·

429 3774 563 3832 tate
596 3772 928 3851 cuperent
979 3782 1314 3840 remeare,
1368 3760 1698 3831 continuo
1749 3774 1933 3830 tanta
1991 3761 2089 3830 vis
2150 3761 2421 3851 pluviae
2475 3770 2914 3848 ventorumque

427 3851 767 3941 prorupit,
804 3863 879 3920 ut
926 3849 1035 3918 vix
1081 3849 1412 3940 effugium
1448 3872 1521 3918 se
1553 3849 1909 3919 crederent
1939 3849 2320 3919 habituros.
2360 3848 2487 3919 Sed
2537 3849 2713 3918 mira
2742 3862 2913 3941 omli}-

430 3941 725 4030 potentis
798 3938 908 4008 Dei
957 3937 1492 4028 dispensatione,
1536 3951 1622 4018 et,
1679 3952 1758 4008 ut
1804 3938 2190 4020 credimus,
2254 3938 2470 4009 sancti
2522 3938 2648 4005 viri
2708 3942 2914 4033 meritis

429 4045 659 4100 actum
710 4041 834 4108 est,
902 4039 978 4095 ut
1026 4027 1175 4115 ipsa
1224 4029 1425 4097 etiam
1491 4027 1865 4110 elementa,
1924 4050 2101 4114 quae
2150 4027 2348 4097 nobis
2400 4023 2810 4095 insensibilia
2842 4038 2913 4116 ‚vt-

424 4117 719 4196 dentur‚
777 4115 1184 4186 famulantia
1232 4117 1340 4187 sui
1389 4117 1721 4185 creatoris
1772 4118 2106 4207 imperio,
2165 4116 2407 4204 quanti
2461 4114 2583 4184 viri
2637 4112 2912 4195 reliquiae

484 4316 507 4337 *
539 4318 754 4354 (Pasti-um
783 4314 1039 4357 Bodmiinn.
1069 4314 1124 4353 iul
1155 4314 1454 4356 Constantine
1482 4314 1652 4354 lacum.

484 4368 536 4392 *⁸
567 4368 710 4406 Anno.
740 4370 791 4405 iit.
823 4364 1043 4413 superins
1073 4367 1417 4414 scinoiavimun.
1449 4369 1536 4407 75⁹.

485 4421 565 4445 *Ἠ*
598 4421 817 4459 coenobii
848 4417 1028 4458 scilicet
1060 4422 1100 4460 S.
1133 4422 1269 4462 iiam.

1177 1985 1374 2055 ustiis
1422 1984 1507 2053 ad
1564 1984 1876 2056 coelestis
1931 1984 2365 2055 latitudinem
2417 1986 2691 2074 gaudii,
2729 2008 2817 2055 xvi
2854 1987 2895 2078 'J

448 2072 808 2174 lendarum
884 2008 1354 2143 Decembrium
1407 2073 1518 2141 die
1578 2075 2059 2174 com-migravit
2104 2073 2209 2139 με
2282 2085 2347 2174 et
2406 2095 2671 2175 corpus
2715 2075 2885 2170 ejus·

445 2163 681 2233 eadem
738 2161 965 2231 insula
1027 2161 1443 2231 tumulatum
1477 2216 1492 2243 ,
1551 2163 1790 2232 multis
1846 2163 2172 2252 deinceps
2230 2162 2479 2232 diebus
2537 2164 2784 2233 ibidem
2823 2180 2887 2229 si·
