2993 4837
50 320 203 387 Nor.
260 321 339 383 47
764 338 840 383 nr.
889 338 942 383 s.
1000 336 1313 384 caesonio
1363 337 1832 384 rflAunAruaco
2357 324 2482 400 547

48 444 192 509 quos
223 421 470 510 gentili
501 442 624 490 suo
672 422 1013 509 Dionysio,
1054 423 1172 508 qui
1211 444 1542 491 romanus
1590 436 1732 490 erat
1767 422 2146 510 Episcopus
2195 424 2248 499 ⁴⁸,
2295 423 2570 493 dedica-

30 512 141 593 ÷rit.
176 516 312 579 Non
368 532 629 599 paucae
664 525 928 599 praeter
968 511 1092 579 has
1142 523 1302 580 sunt
1353 510 1542 579 illius
1589 511 1771 598 apud
1815 533 1938 579 nos
1989 511 2349 600 Epistolae.
2388 513 2564 594 Quin

30 600 223 695 „ctiam
262 599 423 667 libri
476 598 662 668 illius
704 612 886 676 sunt,
942 599 1267 689 epistolae
1308 599 1569 678 forman
1625 600 1695 666 hi
1744 615 1908 667 sunt
1947 601 2026 668 de
2074 606 2338 670 Natura
2387 616 2450 670 et
2490 604 2570 671 de

30 690 539 757 enutritionibus.
578 688 670 756 Ad
710 688 1071 757 Basilidem
1128 710 1328 776 porro
1370 688 1826 757 Ecclesiarum
1867 689 2253 775 Pentapolis
2295 690 2569 777 Episco-

32 796 189 867 pum
240 778 573 854 scribens,
612 778 707 845 ait
755 799 825 844 se
865 777 1401 846 Commentarios
1451 778 1520 845 in
1561 777 1979 866 principium
2033 778 2189 846 libri
2231 781 2561 847 Ecclesia-

46 877 154 933 ntes
198 866 593 934 confecisse.

119 957 151 1040 ξ
199 960 348 1025 ²5.
396 959 663 1022 Interea
714 966 841 1022 tem
900 954 1039 1022 oris
1084 954 1442 1041 Dionysius
1490 975 1649 1022 cum
1693 955 1838 1040 jam
1891 954 2123 1022 decem
2183 968 2248 1023 et
2297 968 2557 1044 septem

46 1044 227 1109 annis
271 1044 743 1141 episcopatum
797 1047 841 1110 A
873 1042 1239 1111 exandriae
1287 1043 1860 1121 administrasset,
1907 1044 2319 1112 duodecimo
2379 1066 2603 1119 anno,

48 1128 293 1218 imperii
334 1131 653 1208 Gallieni,
692 1132 977 1199 moritur
1008 1131 1221 1219 (anno
1252 1132 1519 1217 CCLXIV).
1553 1171 1642 1181 —-
1677 1136 2020 1201 Hactenus
2050 1153 2126 1199 ex
2164 1133 2561 1201 Ecclesiast.

48 1220 312 1288 Historia
369 1220 646 1288 Eusebii
695 1220 1171 1289 Caesariensis.
1233 1226 1317 1287 De
1364 1220 1600 1287 eodem
1658 1221 1976 1307 Dionysio
2025 1222 2225 1288 etiam
2281 1226 2346 1289 S.
2405 1222 2566 1289 Hie-

54 1326 353 1393 ronymus
407 1310 474 1376 in
531 1307 843 1396 catalogo
898 1309 1319 1396 Scriptorum
1381 1309 2039 1388 Ecclesiasticorum,
2085 1311 2263 1378 inter
2296 1324 2564 1379 caetera

52 1395 130 1465 sic
159 1398 390 1469 habet:
438 1422 462 1458 ι
508 1398 865 1482 Dionysius
900 1397 1391 1466 Alexandrinae
1434 1398 1628 1466 urbis
1670 1399 2071 1485 EpiscopuS,
2110 1399 2239 1467 sub
2277 1399 2564 1467 Heracla

52 1484 322 1554 scholam
362 1486 718 1574 presbyter
752 1487 988 1565 tenuit,
1027 1499 1091 1554 et
1129 1486 1444 1575 Origenis
1478 1486 1672 1554 valde
1704 1487 1999 1575 insignis
2040 1487 2314 1556 auditor
2346 1488 2558 1556 fuit...

52 1574 150 1641 sed
213 1574 541 1643 adversus
614 1574 900 1643 Paulum
976 1579 1548 1653 Samosatenum,
1620 1590 1774 1643 ante
1837 1597 2090 1663 paucos
2155 1576 2302 1645 dies
2351 1598 2559 1662 quam

52 1676 417 1743 moreretur,
468 1663 761 1753 insignis
796 1664 945 1751 eJus
980 1663 1194 1733 fertur
1240 1663 1552 1752 epistola.
1591 1686 1625 1729 »
1664 1669 1727 1732 S.
1768 1664 2206 1743 Athanasius.
2249 1666 2561 1735 scribens

54 1764 255 1819 eontra
299 1753 608 1831 Arian05‚
662 1752 933 1841 egregie
983 1752 1135 1821 illos
1185 1752 1489 1820 confutat
1549 1752 1921 1822 haereticos
1978 1754 2096 1839 qui
2150 1753 2318 1823 falso
2372 1755 2558 1823 hunc

56 1838 417 1927 Dionysium
475 1863 641 1909 suae
702 1841 1057 1909 haereseos
1129 1841 1692 1928 adstipulatorem
1769 1841 2089 1929 fingunt;
2166 1854 2230 1911 et
2303 1842 2562 1930 pluries

56 1946 187 1995 eum
214 1943 396 1997 vocat
429 1933 665 1997 bealae
696 1932 1052 1997 memoriae
1088 1932 1506 2019 Episcopum,
1539 1954 1581 1997 a
1607 1931 1918 1998 Patribus
1938 1934 2100 2019 jure
2128 1933 2557 2011 celebratam,

62 2026 226 2104 atque
272 2020 659 2087 Catholicae
708 2020 1040 2087 Ecclesiae
1091 2022 1493 2108 maqislram
1544 2019 1633 2083 ⁸⁴¹.

332 2358 569 2458 VtTA
616 2342 715 2377 ”⁴¹
784 2358 867 2458 S.
940 2357 1422 2458 GREGORll
1499 2356 2244 2460 THAUMATURGl

64 2587 152 2637 PER
196 2596 245 2640 D.
282 2597 645 2644 GREGORIUM
694 2597 887 2644 EPISC.
942 2598 1270 2645 NYSSENUM
1321 2598 1600 2656 SCRIPTA,
1638 2599 1950 2647 GENTIANO
2002 2599 2285 2646 HERVETO
2336 2597 2556 2655 GALLO,

784 2704 925 2752 VIRO
974 2704 1340 2752 nocrtssmo
1392 2705 1794 2752 INTERPRETE.

481 2881 743 2937 claruit
784 2895 914 2936 sec.
962 2882 1069 2935 111
1094 2909 1172 2920 —
1210 2877 1437 2936 Putria
1476 2881 2091 2941 NeocaesariensiS.

127 3075 263 3159 ξι.
316 3083 580 3170 Hujus,
635 3102 811 3166 quae
863 3081 927 3147 in
970 3080 1349 3169 praesentia
1411 3080 1741 3158 habetur,
1795 3081 2146 3160 orationis;
2213 3094 2276 3150 et
2346 3084 2553 3151 vestri

60 3179 387 3237 conventus
435 3193 622 3238 unus
660 3169 975 3255 idemque
1022 3181 1123 3236 est
1153 3191 1402 3258 scopus
1452 3183 1517 3237 et
1567 3170 1981 3238 institutum.
2039 3176 2325 3258 Magnus
2369 3172 2555 3239 enim

60 3251 402 3342 Gregorius,
442 3270 507 3326 et
560 3259 746 3327 vobis
794 3281 998 3328 causa
1046 3257 1171 3325 suit
1220 3271 1294 3326 ut
1340 3258 1815 3338 conveniretis,
1849 3259 2115 3326 etmihi
2165 3260 2248 3325 de
2296 3282 2374 3328 eo
2406 3282 2559 3347 pro·

62 3343 313 3422 positum
347 3361 447 3415 est
497 3347 744 3414 dicere.
784 3352 919 3436 Ego
966 3347 1241 3432 quidem
1278 3346 1591 3414 existimo
1640 3346 1944 3434 ejusdem
1988 3369 2135 3415 esse
2185 3347 2552 3429 facultatis,

60 3444 112 3492 se
151 3451 219 3498 ex
263 3435 501 3505 virtute
554 3435 895 3524 praeclare
950 3451 1014 3504 et
1064 3447 1238 3503 recte
1300 3457 1531 3524 gerere
1564 3490 1578 3514 ,
1647 3448 1710 3504 et
1757 3457 2070 3504 sermone
2101 3490 2115 3514 ,
2170 3459 2346 3522 quae
2396 3452 2558 3505 sunt

61 3515 257 3599 pulcra
288 3537 349 3593 et
405 3526 711 3603 honesta,
774 3524 1040 3592 referre.
1102 3526 1561 3606 Quamobrem
1617 3525 1792 3593 idem
1847 3525 2051 3594 suerit
2086 3524 2551 3594 invocandum

60 3607 372 3693 auxilium,
430 3636 549 3703 per
579 3612 763 3699 quod
814 3613 927 3682 ille
973 3613 1043 3681 in
1096 3613 1228 3682 vita
1265 3626 1440 3681 recte
1488 3613 1804 3682 virtutem
1843 3614 2166 3682 exercuit.
2212 3614 2281 3681 [d
2319 3626 2551 3682 autem
2613 3631 2616 3636 ·

60 3706 156 3789 θξῑ,
206 3711 274 3766 ut
329 3724 452 3792 ego
499 3702 778 3788 quidem
849 3703 1113 3788 judic0,
1172 3703 1389 3789 gratia
1441 3702 1668 3770 Sancti
1721 3703 2016 3790 Spiritus
2048 3757 2062 3783 ,
2116 3725 2292 3788 quae
2354 3715 2418 3771 et
2467 3702 2555 3770 ad

63 3795 255 3866 vitam,
290 3804 350 3858 et
382 3792 466 3859 ad
517 3791 791 3859 dicendi
842 3790 1228 3859 facultatem
1286 3791 1368 3858 iis
1402 3792 1578 3858 vires
1639 3792 1937 3879 praebet,
2003 3813 2256 3877 eosque
2303 3791 2556 3860 confir·

64 3885 194 3970 mat,
225 3879 331 3960 qui
370 3880 433 3947 in
473 3892 762 3967 utroque
794 3880 1098 3949 studium
1142 3901 1448 3967 posuere.
1487 3881 1823 3960 Quoniam
1860 3902 2021 3968 ergo
2059 3879 2408 3969 praeclara
2439 3879 2559 3948 illa

64 3968 111 4022 et
152 3965 419 4056 insignis
467 3970 623 4048 vita,
682 3970 907 4038 Sancti
952 3969 1248 4058 Spiritus
1298 3969 1544 4037 virtute
1593 3981 1768 4037 recte
1803 3983 1990 4058 gesta
2031 3983 2154 4049 est,
2209 3968 2554 4037 orandum

106 4121 126 4143 ⁴
151 4122 186 4161 8.
208 4126 438 4177 Dionysius
458 4134 580 4181 Papa
598 4133 680 4181 qui
699 4129 823 4172 sedit
843 4133 898 4171 ab
920 4142 1039 4170 anno
1060 4140 1192 4170 ccmx
1219 4132 1274 4170 ad
1297 4139 1514 4169 cccxx-111.

89 4172 145 4228 ,⁹⁹
170 4177 293 4218 Initio
320 4187 422 4224 anni
443 4189 535 4232 265,
560 4189 612 4224 nt
633 4187 851 4232 superius
868 4187 966 4232 jam
986 4186 1355 4227 annuntiavimus.
1380 4180 1604 4231 provecta
1623 4184 1873 4223 admodum
1896 4185 2063 4226 aetate.
2082 4184 2414 4232 diuturnisque
2439 4180 2562 4222 labo-

68 4224 170 4264 ”bnss
194 4231 365 4280 fractus,
395 4250 475 4278 nec
506 4239 660 4278 minus
682 4237 864 4277 moritis
888 4249 1025 4287 quain
1061 4239 1228 4277 dicbus
1262 4239 1444 4287 plenus,
1461 4239 1504 4276 S.
1525 4235 1791 4285 Dionysius.
1811 4248 1950 4286 quem
1973 4239 2015 4276 S.
2035 4237 2238 4277 Basilius
2263 4237 2441 4286 alitque
2463 4239 2561 4276 sere

71 4282 197 4368 {effiges
222 4287 399 4376 tzmassqut
438 4297 596 4342 patres
612 4321 622 4333 .
664 4290 817 4340 Μαρια·
860 4298 1166 4340 cognomento
1212 4295 1438 4330 exornant
1455 4319 1466 4336 .
1509 4292 1756 4331 mortalem
1800 4292 1917 4331 hanc
1961 4291 2108 4331 vitam
2152 4303 2257 4333 cum
2304 4288 2559 4331 immortali

104 4345 111 4358 ⁵
152 4344 216 4373 mu
242 4343 346 4381 avit.

116 4385 178 4411 **''
210 4391 322 4432 Hanc
351 4398 389 4436 S.
417 4399 631 4446 Gregorii
661 4398 997 4446 Thoumaturgi
1021 4399 1172 4438 vitam
1210 4397 1375 4437 surius
1398 4397 1453 4435 ad
1475 4395 1598 4436 diem
1620 4396 1806 4437 tertiam
1822 4400 1932 4446 ,iulii
1961 4399 2224 4438 collocavit.
2247 4400 2310 4438 Ex
2333 4408 2387 4437 ea
2403 4406 2558 4446 porro·

76 4437 205 4482 utpote
226 4449 399 4494 prolixa,
419 4450 760 4500 semeptiisque
782 4452 968 4496 referta,
988 4452 1143 4501 aliqua
1164 4453 1349 4500 passim,
1371 4453 1513 4500 prout
1535 4452 1669 4491 nobis
1689 4453 1939 4498 videbitur,
1961 4451 2237 4493 recidemus,

2671 4483 2742 4524 f
