2993 4837
50 314 200 379 Not:
254 314 327 377 it
606 330 683 376 nn
732 332 785 376 s.
844 329 1193 376 LAURENHO
1241 330 1532 377 Ancurae.
1589 331 1959 377 nuatum-:nsi
2343 317 2450 377 l-sl

50 437 192 494 suo,
262 415 490 503 majus
539 436 773 482 eorum
832 413 1101 503 pondus
1149 427 1295 493 est,
1366 435 1575 501 quam
1641 413 1956 483 altitudo.
2023 415 2305 484 Illorum
2366 417 2549 484 enim

44 499 303 604 ‘altitudo
352 503 671 590 superari
721 515 939 592 potest
984 516 1049 571 et
1098 503 1389 592 pedibus
1439 503 1728 571 calcari:
1786 503 2057 593 pondus
2106 525 2261 573 vero
2316 526 2551 572 eorum

80 592 173 659 uis
205 591 419 660 ferat?
456 596 580 660 Per
630 606 893 660 montes
933 602 1164 660 autem
1200 591 1654 681 intelligimus
1702 591 2108 681 dignitates,
2164 615 2339 679 quae
2401 592 2558 682 plus

44 613 266 772 §abent
311 679 569 760 oneris,
617 701 825 766 quam
876 679 1182 758 honoris;
1220 701 1395 766 quae
1433 680 1695 770 despici
1744 681 2024 766 quidem
2079 695 2384 770 possunt,
2440 682 2554 750 sed

44 770 352 842 sustinere
398 790 520 836 eas
568 769 726 854 quis
786 769 1053 857 possit?
1118 768 1332 839 Colles
1383 790 1658 856 quoque
1736 769 2069 839 libremus
2127 771 2193 837 in
2255 783 2499 839 statera
2541 825 2555 849 ‚

44 872 318 946 fluantus
367 879 705 928 ascensus
752 878 988 926 eorum
1018 911 1034 936 ,
1090 870 1320 926 tantus
1367 870 1432 926 et
1477 857 1852 927 descensus
1917 858 2396 945 comperietur.
2454 859 2561 927 Sic

44 959 98 1034 pt
130 947 194 1014 in
242 945 724 1035 dignitatibus,
780 967 957 1033 quae
1008 967 1127 1034 per
1173 944 1381 1028 colles
1430 945 1904 1035 designantur,
1959 948 2014 1016 si
2049 947 2443 1015 ascenditur
2476 947 2558 1015 ad

44 1034 542 1123 praelationem,
596 1034 1037 1103 descenditur
1083 1033 1166 1102 ad
1222 1035 1640 1104 servitutem.
1696 1034 1982 1104 Librans
2032 1036 2242 1124 igitur
2288 1037 2565 1106 animus

48 1123 242 1192 sancti
288 1124 411 1192 viri
470 1137 739 1192 montes
788 1123 857 1191 in
896 1122 1218 1211 pondere,
1280 1136 1345 1192 et
1383 1122 1593 1191 colles
1650 1123 1715 1190 in
1770 1136 2041 1203 statera,
2093 1146 2272 1193 onus
2322 1125 2387 1191 in
2443 1125 2563 1193 ho—

44 1233 227 1292 ¹nore,
278 1225 343 1281 et
407 1212 804 1281 servitutem
868 1211 932 1279 in
989 1212 1406 1300 praelatione
1458 1213 1824 1301 pensabat:
1903 1213 2138 1298 sicque
2189 1212 2435 1302 fiebat,
2490 1226 2566 1281 ut

52 1300 478 1371 consideratio
520 1301 867 1371 servitutis
892 1313 957 1369 et
988 1302 1240 1381 oneris,
1275 1320 1548 1369 omnem
1592 1300 2076 1390 appetitionem
2129 1301 2568 1390 praelationis

54 1401 107 1456 et
146 1389 414 1459 honoris
448 1388 539 1458 ab
579 1391 728 1478 ejus
775 1390 1010 1459 animo
1048 1403 1398 1458 averteret.
1444 1389 1742 1458 Tandem
1797 1402 2019 1458 tamen
2073 1411 2144 1459 se
2181 1391 2452 1478 jactans
2497 1390 2564 1458 in

52 1477 417 1558 Dominum,
466 1477 812 1548 desiderio
845 1477 1111 1547 fructus
1147 1479 1448 1568 suscepit
1481 1478 1809 1559 laborem,
1854 1491 1918 1547 et
1974 1501 2013 1547 a
2048 1478 2312 1547 Gelasio
2363 1479 2568 1548 totius

50 1566 389 1650 ‚Hiberniae
441 1568 773 1657 primate‚·
814 1567 882 1635 in
924 1568 1075 1656 ipsa
1115 1566 1515 1636 Dublinensi
1565 1566 1889 1647 Ecclesia,
1931 1567 2168 1637 multis
2214 1567 2568 1656 Episcopis

56 1656 531 1743 praesentibus,
577 1657 834 1744 gratias
867 1668 1110 1743 agente
1147 1655 1423 1754 populo,
1461 1668 1904 1724 consecratus
1949 1671 2072 1727 est.

50 1801 61 1814 .
129 1746 327 1828 §nt
382 1750 633 1813 Beatus
682 1744 891 1834 igitur
944 1749 1347 1813 Laurentius
1404 1743 1866 1832 pontificalem
1917 1745 2207 1834 adeptus
2248 1744 2563 1824 infulam,

54 1828 338 1922 diligenti
387 1831 623 1901 studio
669 1832 1042 1922 satagebat,
1088 1845 1361 1902 utesset
1394 1832 1692 1902 subditis
1726 1832 1873 1902 suis
1902 1833 2118 1903 forma
2168 1833 2569 1913 sanctitatis,

52 1929 114 2002 pt
164 1923 358 1990 totius
408 1922 788 1991 honestatis
860 1921 1291 2009 exemplum:
1349 1943 1432 1989 ne
1533 1921 1988 1989 raedicantem
2050 1921 2150 1990 vel
2218 1924 2571 1991 docentem

62 2011 373 2079 contraria
425 2010 844 2079 remorderet
889 2010 1330 2090 conscientia,
1388 2032 1457 2080 se
1561 2010 1785 2098 potius
1840 2010 2410 2098 praedicationem
2483 2010 2577 2076 vi-

68 2107 151 2165 tae
184 2099 635 2168 sanctimonia
671 2098 1204 2167 commendaret.
1262 2104 1456 2167 Decet
1511 2100 1693 2166 enim
1749 2099 2073 2187 majorem
2127 2112 2314 2179 natu,
2384 2098 2574 2167 decet

66 2197 120 2253 et
144 2185 352 2268 illum,
383 2188 506 2274 qui
551 2187 818 2276 primus
840 2200 941 2255 est
975 2189 1041 2254 in
1068 2187 1389 2268 Ecclesia,
1418 2188 1517 2255 sic
1553 2188 2006 2276 pronunciare
2039 2188 2314 2256 verbum
2354 2187 2577 2255 scien-

72 2273 176 2341 tiae
210 2277 593 2346 secundum
645 2275 1053 2354 doctrinam,
1109 2289 1183 2343 ut
1226 2298 1356 2344 non
1412 2276 1742 2363 impediat
1795 2275 2153 2345 musicam.
2194 2281 2292 2345 Im
2352 2274 2579 2344 editur

68 2375 260 2431 autem
311 2364 610 2435 melodia
662 2365 987 2446 musicae,
1028 2367 1081 2432 si
1149 2363 1469 2433 laudatur
1521 2365 1849 2435 Dominus
1907 2366 1974 2433 in
2028 2386 2194 2434 sono
2231 2378 2305 2434 tu
2357 2385 2458 2441 ae,
2512 2375 2577 2431 et

72 2470 182 2520 non
224 2454 550 2524 laudatur
598 2455 667 2521 in
708 2454 1025 2543 psalterio
1072 2466 1137 2521 et
1179 2454 1464 2522 cithara.
1521 2454 1865 2524 Laudetur
1916 2477 2077 2544 ergo
2128 2456 2457 2523 Dominus
2506 2452 2574 2519 in

75 2541 252 2636 uibali
305 2543 835 2631 praedicationis
882 2563 1080 2621 son0,
1134 2555 1198 2610 et
1236 2557 1563 2611 consonet
1624 2542 2046 2632 psalterium,
2107 2541 2471 2611 concordet
2518 2552 2583 2607 et

76 2629 326 2710 cithara3
358 2645 432 2700 nt
465 2653 604 2700 una
638 2632 724 2699 sit
759 2631 1117 2699 harmonia
1152 2631 1292 2698 sive
1329 2632 1774 2700 consonantia
1816 2631 2364 2720 praedicationiS,
2410 2650 2581 2717 quae

78 2735 172 2803 per
211 2722 437 2790 tubam
493 2719 705 2789 intelli
765 2720 921 2799 itur;
956 2732 1021 2788 et
1057 2720 1479 2788 executionis
1528 2719 1760 2788 decem
1801 2720 2316 2798 mandatorum,
2372 2740 2578 2804 quam

79 2802 549 2878 decachordum
604 2830 725 2896 psa
761 2809 1003 2876 terium
1070 2808 1424 2896 designat;
1493 2808 1792 2894 itemque
1839 2808 2385 2879 mortificationis
2439 2828 2584 2875 car-

83 2893 186 2973 nis,
235 2918 439 2983 quam
496 2897 760 2965 cithara
809 2896 1174 2985 significat.
1234 2902 1467 2983 Itaque
1519 2917 1672 2965 mox
1721 2908 1797 2965 ut
1856 2897 2140 2967 indutus
2187 2911 2288 2966 est
2348 2897 2585 2965 beatus

86 2982 452 3054 Laurentius
493 2984 663 3054 stola
703 2984 984 3074 gloriae,
1020 2986 1221 3053 etiam
1264 2986 1441 3055 vasis
1468 2985 2043 3073 virtutis-expetiit
2078 2987 2415 3055 coronari.
2452 2985 2584 3051 Cir·

81 3073 419 3141 cumcinxit
459 3096 622 3173 crgo
650 3097 721 3143 se
741 3096 910 3142 zona
949 3074 1281 3162 justitiae,
1327 3071 1834 3161 circumpedes}
1860 3087 1924 3141 et
1954 3073 2332 3153 femoralia,
2369 3086 2432 3141 et
2462 3074 2586 3140 liu-

84 3160 301 3229 merale
347 3162 481 3231 sibi
556 3183 966 3251 imponenS,
1025 3163 1328 3232 tunicam
1414 3162 1692 3230 talarem
1768 3173 1969 3228 totam
2033 3162 2380 3230 cilicinam
2454 3181 2582 3227 non

86 3256 313 3317 tantum
373 3251 696 3332 induem,
743 3250 858 3320 sed
921 3250 1113 3318 carni
1160 3260 1489 3330 assuens,
1544 3250 1744 3337 cujus
1802 3248 2010 3317 cilicii
2062 3251 2472 3339 asperitate,
2527 3261 2591 3313 et

86 3338 384 3429 vermium
420 3339 868 3409 multitudine
920 3353 1392 3408 succrescente
1454 3338 1927 3427 perforabatur
1958 3360 2114 3406 caro
2151 3338 2362 3406 sancti
2423 3356 2590 3422 pon-

89 3422 292 3517 tilicis:
336 3441 408 3497 ut
442 3451 524 3497 ex
558 3428 859 3497 interiori
910 3428 1153 3497 ardore
1192 3428 1480 3516 spiritus
1530 3427 1802 3494 flamma
1847 3427 2140 3495 exterius
2193 3423 2585 3500 resultante,

91 3529 102 3573 ι
149 3532 213 3580 sa
255 3537 408 3585 caro
444 3516 627 3586 velut
660 3517 727 3585 in
763 3517 1040 3585 frixorio
1075 3529 1504 3601 coqueretur.
1547 3515 1788 3600 Sicque
1819 3514 2087 3583 clavum
2130 3513 2318 3582 clavo
2365 3523 2594 3579 retun-

129 3621 255 3680 ens,
281 3605 685 3691 punctiones
727 3604 1219 3694 punctionibus
1258 3605 1664 3693 reprimens,
1702 3604 2050 3692 proprium
2103 3598 2591 3698 corpusculum

94 3691 412 3761 exarabat:
465 3708 649 3764 extra
720 3694 846 3764 hoc
895 3708 1036 3774 est,
1090 3716 1165 3762 ex
1213 3714 1418 3761 carne
1490 3693 1715 3780 primo
1778 3690 2138 3759 maledicto
2186 3701 2588 3780 supposita,

96 3776 301 3861 spinas
344 3795 407 3851 et
456 3783 747 3853 tribulos
792 3783 1153 3852 eliminare
1200 3779 1664 3850 contendens:
1699 3792 1775 3847 ut
1823 3780 1920 3848 sic
1951 3802 2266 3850 acervum
2319 3778 2597 3864 frugum

100 3882 294 3961 posset
325 3872 452 3940 sibi
500 3870 859 3941 cumulare
911 3872 975 3938 in
1019 3883 1391 3959 posterum.
1426 3869 1535 3937 Sic
1583 3868 1944 3937 attendens
1973 3869 2104 3938 sibi
2155 3881 2382 3957 pastor
2406 3885 2601 3964 egre-

100 3972 255 4035 glus.
297 3958 377 4027 de
407 3961 596 4028 omni
639 3958 841 4029 corde
883 3981 1006 4029 suo
1056 3973 1197 4028 sata
1252 3959 1407 4027 ebat
1447 3957 1728 4026 laudare
1781 3957 2173 4036 Dominum,
2228 3957 2295 4024 in
2353 3953 2606 4022 divinis

102 4038 314 4112 officiis
358 4047 679 4118 assiduus
727 4061 791 4116 et
820 4048 1142 4117 devotus:
1197 3982 1631 4137 diligensque
1679 4045 1992 4115 decorem
2042 4046 2290 4113 domus
2343 4042 2477 4140 Dei,
2532 4053 2609 4108 ut

104 4131 515 4216 amplificaret
563 4135 793 4207 cultus
841 4136 1058 4206 divini
1092 4138 1546 4216 sanctitatem,
1586 4147 1650 4202 et
1683 4135 1897 4203 sacris
1936 4134 2270 4202 altaribus
2305 4130 2606 4199 debitam

112 4235 438 4311 praestaret
488 4225 956 4305 reverentiam,
1010 4225 1361 4293 constituit
1395 4223 1477 4291 ad
1523 4244 1794 4290 sacrum
1846 4223 2112 4290 Domini
2150 4219 2606 4290 ministerium

114 4322 263 4375 viros
303 4312 575 4383 idoneos
610 4313 952 4392 ordinare,
1010 4337 1091 4382 ne
1130 4326 1401 4401 propter
1450 4310 1808 4377 servitores
1837 4312 2101 4378 servitia
2145 4310 2427 4378 Domino
2466 4307 2612 4373 dis-

122 4392 424 4483 plicerent,
465 4405 645 4474 sicut
694 4402 1024 4490 scriptum
1056 4415 1192 4470 cst:
1227 4405 1319 4468 Nc
1345 4399 1640 4487 offeratis
1673 4401 1855 4464 ultra
1891 4400 2296 4486 sacrificium
2325 4400 2642 4493 frustra!

249 4520 464 4580 surius
493 4552 518 4567 ·
559 4520 731 4579 l'ilt-‘e
764 4518 861 4579 83.
896 4550 926 4564 -
957 4517 1086 4581 Vol.
1117 4516 1217 4580 Xl.
2387 4512 2454 4573 31
