2993 4837
31 311 181 375 Nov.
231 312 272 374 8
671 328 752 373 ΒΕ
800 327 855 373 s.
911 325 1260 373 conssrnmo
1309 326 1406 371 nr.
1462 323 1850 372 mmmmm
2328 310 2454 375 363

31 412 456 500 Epiphaniam
499 411 887 489 convenire,
943 424 1006 478 et
1053 409 1218 495 quid
1258 408 1648 478 faciendum
1685 410 1794 485 sit,
1849 408 2249 479 deliberare.
2302 412 2426 481 Ubi
2464 434 2542 483 eo

31 514 270 570 ventum
323 513 451 577 est,
498 501 785 588 jubente
835 498 1174 568 Ludovico
1219 500 1252 532 ¹*
1303 503 1717 568 Francorum
1769 504 1970 588 Rege,
2021 500 2280 569 accitus
2321 500 2405 569 ab
2444 501 2543 571 eis

27 604 107 658 est
132 590 464 659 Henricus
511 588 735 657 Abbas
777 592 842 657 S.
898 587 1241 670 Quintini,
1314 588 1383 655 in
1444 609 1580 674 quo
1632 588 2041 658 monasterio
2099 588 2199 656 vir
2248 589 2363 657 Dei
2418 593 2544 659 Go-

6 678 305 752 4desridus
372 678 463 747 ab
513 678 686 767 ipsis
738 698 908 766 pene
972 676 1415 746 incunabulis
1464 676 1689 745 sobrie
1729 689 1793 746 et
1859 677 1966 767 pie
2016 675 2388 758 educatuS‚
2453 677 2540 747 ad

6 769 352 848 {summum
399 767 733 835 virtutum
765 765 1028 855 apicem
1065 766 1449 855 pertigerat.
1506 770 1793 834 Vocatus
1826 779 1925 835 est
1954 767 2157 834 etiam
2193 766 2540 837 Hubertus

6 875 289 944 {magnae
336 854 767 925 auctoritatis
818 853 940 933 vir,
996 866 1060 922 et
1106 853 1533 923 celeberrimi
1585 854 2002 934 monasterii,
2054 854 2234 942 quod
2273 854 2545 923 Clunia-

29 964 160 1012 cum
211 957 477 1023 vocant,
535 942 942 1012 monachus.
994 947 1133 1011 Hos
1181 942 1355 1012 duos
1403 966 1560 1012 cum
1621 944 1767 1012 suis
1829 943 2065 1012 litteris
2131 943 2409 1011 mittunt
2456 942 2539 1012 ad

6 1032 236 1101 iratres
283 1033 735 1102 Carthusiae:
790 1042 1032 1111 orant,
1105 1032 1317 1101 immo
1365 1045 1429 1100 et
1478 1032 1858 1120 imperant,
1928 1053 2010 1101 ne
2059 1031 2537 1111 Godefridum,

29 1121 488 1191 Ambianorum
547 1121 956 1210 praesulem,
1011 1120 1194 1208 apud
1249 1143 1318 1189 se
1367 1120 1629 1188 diutius
1679 1120 1932 1189 morari
1979 1119 2231 1201 sinant,
2287 1120 2400 1190 sed
2454 1121 2538 1189 ad

29 1209 224 1278 sedem
273 1234 473 1279 suam
525 1232 742 1299 ocyus
779 1208 997 1276 redire
1024 1209 1463 1298 compellant.
1512 1208 1782 1278 Addunt
1818 1208 2139 1277 mandata
2170 1209 2254 1277 ad
2310 1209 2538 1298 ipsum

33 1299 466 1380 Godesridum,
533 1310 610 1366 ut
656 1296 1009 1368 celerrime
1066 1297 1152 1365 ad
1203 1297 1584 1367 desolatum
1639 1320 1912 1387 gregem
1984 1320 2188 1367 suum
2251 1321 2322 1366 se
2373 1298 2541 1365 reci-

35 1386 170 1474 piat;
215 1388 612 1471 ostendunt,
652 1408 783 1456 non
833 1386 1156 1457 debuisse
1205 1386 1400 1455 illum
1458 1387 1665 1456 semel
1721 1398 2107 1475 susceptam
2170 1386 2539 1455 Ecclesiam

37 1488 150 1543 tam
191 1476 379 1546 facile
429 1477 791 1554 deserere;
854 1475 1012 1564 plus
1059 1496 1214 1543 eum
1267 1474 1452 1562 apud
1520 1476 1883 1544 Dominum
1935 1475 2314 1555 demereri,
2373 1474 2538 1544 dum

35 1562 169 1632 sinit
213 1588 326 1654 per
363 1566 666 1654 abrupta
708 1563 1021 1633 vitiorum
1062 1564 1468 1653 praecipites
1522 1564 1615 1632 ire
1664 1586 1820 1633 oves
1860 1586 2045 1644 suaS,
2080 1586 2286 1650 quam
2329 1563 2545 1653 possit

29 1655 390 1741 promereri,
436 1654 610 1723 dum
662 1652 978 1743 privatim
1032 1652 1098 1720 in
1150 1653 1597 1738 quantumvis
1658 1664 1914 1721 remota
1962 1652 2330 1721 solitudine
2386 1651 2545 1721 vivit

35 1740 203 1810 etiam
249 1742 704 1815 severissime;
759 1752 901 1810 tum
943 1763 1216 1827 quoque
1239 1740 1485 1809 docent
1534 1764 1764 1810 sacros
1812 1753 2032 1809 vetare
2082 1746 2409 1818 Canones,
2458 1762 2541 1808 ne

37 1830 164 1914 quis
192 1834 527 1922 Episcopo
577 1831 822 1899 viventi
872 1832 1305 1910 subrooetur,
1371 1830 1504 1898 nisi
1548 1829 1645 1898 vel
1698 1829 2092 1901 infirmitate
2139 1843 2421 1918 cogente
2474 1829 2541 1896 id

39 1916 157 2007 ipse
202 1934 393 2009 petat,
461 1919 565 1989 vel
615 1919 702 1987 ob
749 1918 1009 1986 crimen
1072 1882 1524 2007 d’eponendus
1575 1919 1682 1988 sit.
1746 1922 1925 1986 Haec
1976 1918 2093 1986 ubi
2135 1917 2545 1988 Godefridus

41 2011 277 2096 accepit,
329 2010 569 2078 animo
612 2006 804 2077 valde
837 2019 1335 2087 consternatus,
1372 2006 1457 2075 ad
1495 2006 1698 2095 pedes
1745 2006 2237 2075 monachorum
2273 2030 2344 2075 se
2384 2029 2543 2094 pro-

47 2097 254 2177 stravit,
305 2121 464 2167 cum
527 2097 766 2164 multis
808 2096 1131 2183 lacrymis
1157 2117 1386 2177 orans,
1425 2118 1509 2163 ne
1541 2097 1842 2164 sinerent
1877 2095 2102 2184 ipsum
2139 2117 2174 2163 a
2208 2117 2279 2163 se
2312 2094 2534 2162 avelli.

49 2181 198 2253 Flent
236 2188 486 2275 pariter
536 2185 739 2253 etiam
794 2184 918 2266 illi,
957 2196 1023 2253 at
1065 2196 1288 2253 tamen
1329 2184 1565 2254 multis
1598 2206 1754 2254 eum
1790 2183 2233 2253 consolantur
2285 2183 2538 2251 modis:

50 2280 102 2367 et
136 2275 268 2359 quia
307 2275 516 2364 Regis
564 2285 630 2341 et
677 2273 1168 2361 Episcoporum
1213 2274 1597 2343 auctoritati
1652 2274 1962 2343 resistere
2012 2294 2145 2341 non
2200 2285 2539 2362 poterant,

48 2378 101 2426 m
131 2382 266 2450 pace
313 2364 513 2436 illum
567 2386 608 2431 a
642 2383 712 2432 se
761 2361 1141 2431 dimittunt.

113 2452 308 2537 MS.
377 2460 588 2523 Porro
638 2464 866 2520 autem
935 2451 1174 2520 beatus
1239 2451 1647 2521 Godesridus
1708 2475 1742 2520 a
1795 2450 2148 2520 carthusia
2219 2472 2350 2519 non
2405 2462 2538 2517 tani

43 2554 242 2622 sponte
289 2566 460 2622 sua,
520 2563 730 2628 quam
784 2540 844 2608 vi
899 2539 1393 2629 propemodum
1469 2540 1779 2620 adactuS,
1832 2541 2108 2621 exienS‚
2163 2541 2401 2609 crebro
2458 2537 2543 2605 ad

29 2643 160 2700 {eam
199 2630 575 2699 reflectebat
624 2628 883 2707 oculOS,
938 2627 1265 2717 lacrymis
1318 2628 1700 2708 madenteS‚
1757 2652 1827 2696 se
1880 2630 2205 2698 miserum
2258 2642 2322 2696 et
2374 2626 2543 2696 inse-

31 2707 202 2792 ¹licem
243 2741 514 2788 summo
563 2717 783 2786 animi
832 2716 1064 2786 dolore
1119 2716 1574 2807 proclamanS,
1621 2718 1731 2788 cui
1768 2718 1832 2785 in
1880 2717 1996 2785 illo
2032 2718 2350 2807 Angelico
2380 2738 2544 2785 con-

29 2801 311 2896 ftubernio
349 2830 483 2876 non
540 2806 814 2875 licuerit
846 2827 1065 2892 usque
1097 2807 1181 2874 ad
1235 2827 1635 2892 supremum
1672 2807 1847 2875 vitae
1894 2807 2074 2874 diem
2117 2827 2539 2895 permanere,

49 2899 98 2955 et
139 2893 242 2962 soli
278 2901 402 2966 Deo
453 2896 865 2982 divinaeque
913 2892 1475 2982 contemplationi
1531 2917 1789 2964 vacare.
1837 2895 1988 2963 Fuit
2020 2909 2244 2964 autem
2292 2895 2356 2963 in
2387 2901 2544 2962 Car-

54 2975 232 3050 thusia
280 3007 314 3051 a
367 2985 556 3054 seriis
607 2984 787 3053 beati
830 2982 1084 3052 Nicolai
1123 2983 1465 3072 Episcopi,
1521 3005 1694 3069 quae
1742 2998 2042 3073 aguntur
2088 2996 2321 3052 octavo
2382 2984 2545 3051 Idus

55 3067 414 3153 Decembris,
463 3096 685 3159 usque
734 3071 816 3141 ad
871 3072 1785 3161 Quadragesimaeinitium,
1843 3071 2214 3140 admodum
2270 3072 2540 3140 interim

52 3155 311 3230 exultans
356 3162 422 3231 in
457 3162 766 3241 Domino,
799 3161 982 3249 quod
1014 3184 1053 3229 a
1085 3160 1372 3229 terrenis
1412 3161 1598 3229 curis
1630 3158 2008 3240 absolutus,
2054 3172 2282 3249 optata
2320 3161 2547 3246 quiete

53 3237 356 3344 frueretur.
421 3251 633 3319 Multa
681 3249 822 3318 illic
874 3249 1149 3336 reliquit
1197 3250 1463 3318 virtutis
1512 3261 1575 3317 et
1638 3248 2015 3318 sanctitatis
2074 3248 2417 3337 exempla,
2473 3260 2548 3315 ut

53 3325 338 3422 hodieque
383 3339 467 3408 de
519 3338 638 3408 illo
676 3339 849 3407 inter
899 3361 969 3406 se
1018 3340 1256 3407 crebro
1306 3339 1681 3407 conferant.
1740 3336 2081 3406 Profectus
2133 3336 2312 3415 inde,
2365 3339 2545 3404 venit

54 3417 119 3485 ad
166 3423 565 3497 Rbemorum
618 3428 887 3508 urbem,
942 3427 1059 3496 ubi
1114 3439 1257 3495 tum
1318 3432 1495 3495 Cono
1549 3425 1926 3495 Cardinalis
1988 3436 2051 3493 et
2109 3424 2373 3514 legatus
2422 3423 2547 3492 sre-

53 3514 525 3587 quentissimam
595 3516 935 3605 synodum
991 3515 1307 3585 habebat.
1363 3515 1654 3584 Adduxit
1703 3529 1926 3584 autem
2001 3536 2157 3582 eum
2225 3515 2289 3581 in
2347 3534 2546 3600 syno-

56 3593 184 3695 dttgn
249 3604 649 3694 Radulphus
697 3607 1118 3675 Rbemorum
1173 3603 1786 3693 Arcliiepiscopus,
1849 3603 2182 3691 jejuniis,
2250 3601 2541 3691 vigiliis,

58 3680 299 3783 aliisque
345 3695 597 3763 sanctis
655 3693 996 3763 exercitiis
1044 3692 1213 3761 adeo
1262 3706 1687 3762 attenuatum
1748 3704 1811 3759 et
1859 3690 2265 3766 consectum,
2321 3703 2396 3758 ut
2443 3691 2549 3758 vix

61 3772 305 3854 pedibus
348 3785 714 3851 consistere
766 3794 1012 3871 posset.
1053 3786 1264 3863 Quem
1299 3792 1374 3850 ut
1409 3780 1724 3849 viderunt
1776 3794 2021 3869 patres,
2078 3779 2271 3848 valde
2322 3778 2547 3846 admi-

63 3859 340 3935 rabantur
383 3870 548 3938 adeo
590 3870 784 3939 illum
840 3892 910 3937 se
953 3870 1235 3950 mund0,
1284 3869 1555 3956 sibique
1606 3869 1941 3937 mundum
1985 3867 2433 3946 crucifixisse,
2474 3881 2550 3936 ut

67 3965 159 4014 nec
201 3958 521 4026 mundum
578 3959 721 4046 ipse
776 3958 1082 4049 diligere,
1131 3981 1256 4027 nec
1309 3957 1613 4026 mundus
1678 3955 1871 4024 illum
1926 3979 2154 4025 amare
2208 3978 2404 4045 posse
2456 3956 2549 4024 vi-

66 4031 307 4125 deretur.
357 4047 763 4115 Duriuscule
810 4069 965 4116 eum
1005 4059 1165 4116 tunc
1202 4046 1573 4137 appellavit
1624 4050 1801 4114 Cono
1852 4044 2139 4133 legatuS,
2209 4043 2391 4131 quod
2447 4044 2549 4112 in-

15 4131 22 4220 ᾒ
59 4138 322 4202 Juncturn
376 4156 630 4204 munus
668 4134 1082 4221 reliquisset:
1123 4136 1370 4204 deinde
1397 4133 1780 4212 admonuit,
1818 4145 1893 4200 ut
1924 4132 2234 4220 propriae
2270 4132 2546 4201 utilitati

17 4227 22 4350 y}
73 4211 388 4288 multorum
437 4223 731 4293 salutem
783 4236 1224 4312 anteponens,
1281 4223 1651 4292 Ambianos
1710 4221 1978 4302 rediret,
2032 4233 2095 4287 et
2154 4241 2277 4287 suo
2325 4220 2547 4289 officio

77 4369 393 4468 agngfftllgficus,
422 4385 460 4423 le
488 4388 626 4428 aros,
657 4384 853 4433 mutim:
885 4387 902 4423 T
931 4384 1066 4423 flius,
1090 4387 1232 4424 Romi
1261 4383 1577 4430 ‹311¹wruacnla
1607 4392 1727 4421 anno
1759 4383 1858 4422 1108
1890 4381 2096 4429 suscepit
2125 4377 2223 4418 vita
2251 4379 2440 4420 functus
2471 4385 2539 4422 est

263 4449 289 4472 l-
