2993 4837
15 338 178 402 ΜΤ.
226 336 323 401 23

209 517 279 579 S.
320 513 697 578 DOMlTlUS
736 514 1116 575 Pnsssnvrssn.

102 628 280 688 Ante
352 622 631 685 medium
693 620 1007 682 saeculum
1082 621 1216 684 VII.

454 702 600 764 Nat.
668 701 900 765 Gallus.

836 349 1361 399 tutn'rYnotomuu
1429 353 1858 400 ILLUSTRATUM

2394 333 2558 402 945*

1377 512 1439 576 S.
1483 512 1830 575 JOANNES
1880 531 1956 575 οε
2007 513 2400 577 ΟΑΡιετκΑΝο
2462 514 2642 578 cosp.

1567 616 1724 681 Obiit
1752 636 1916 681 anno
1950 620 2103 682 1456
2134 656 2207 665 —
2240 621 2455 683 Italus

1454 754 1807 816 Manrraot..
1855 789 1928 799 -
1980 756 2157 832 Apud
2201 756 2520 818 Vilackum
2585 756 2647 816 in

80 840 486 901 MARTYROL.
514 870 589 880 —
616 835 684 895 ln
733 836 1042 896 territorio
1073 834 1307 897 Ambia·
1373 833 1679 896 Pannonia
1701 837 1892 896 sancti
1918 834 2172 897 JOANNIS
2194 836 2268 897 de
2293 834 2647 913 Capistrano

15 920 182 982 iensi
215 918 253 956 *
298 920 510 979 sancti
562 915 797 977 Domru
839 913 1206 993 Presbyteri.

75 1000 141 1061 S.
207 997 485 1060 Domitii
549 994 935 1056 sanctitatem
979 1003 1040 1055 et
1080 994 1312 1057 cultum

13 1078 517 1143 aeclesiasticum
583 1082 884 1135 testantur
929 1073 1101 1136 nobis
1145 1076 1312 1136 varia

13 1158 489 1235 martyrologia.
536 1154 775 1215 Primus
815 1154 921 1232 qui
953 1154 1081 1231 ejus
1111 1154 1309 1216 Vitam

13 1237 406 1315 :onscripsit,
456 1234 732 1297 floruisse
773 1233 1018 1295 videtur
1076 1232 1313 1296 saeculo

15 1318 489 1387 lecimotertio;
533 1314 655 1383 secl,
684 1329 718 1375 e
751 1312 1026 1391 pluribus
1070 1313 1313 1375 indiciis

13 1406 177 1460 recte
203 1396 549 1473 colligitur
582 1395 745 1454 hunc
775 1393 1174 1471 biographum
1207 1410 1310 1455 an-

16 1478 355 1555 tiquiorem
404 1476 593 1536 vitam
658 1488 802 1551 prae
864 1471 1147 1533 manibus
1211 1474 1310 1535 ha-

15 1556 231 1629 buisse,
265 1573 340 1619 ac
370 1556 601 1631 ipsam,
636 1554 700 1614 in
731 1568 835 1613 sua
868 1552 1309 1622 concinnanda.

15 1647 299 1699 secutum
364 1634 583 1696 fuisse.
633 1633 721 1694 Ex
787 1632 894 1694 hac
950 1647 1133 1710 porro
1181 1631 1307 1694 Vita

15 1714 185 1779 facile
215 1716 481 1778 eruitur
509 1711 570 1775 S.
608 1712 937 1773 Domitium
994 1727 1309 1791 nunquam

15 1795 491 1874 Presbyterum,
524 1807 736 1853 verum
780 1791 1101 1853 diaconum
1145 1792 1311 1854 dum·

17 1883 183 1937 taxat
252 1876 472 1938 fuisse.
552 1871 632 1933 lta
705 1872 873 1933 enim
943 1871 1311 1951 biographus

13 1956 288 2033 scripsit:
361 1973 395 2014 κ
468 1952 728 2014 Sanctus
786 1950 1020 2012 obitum
1083 1967 1307 2025 suum,

20 2050 231 2111 parum
266 2040 419 2096 ante
451 2032 766 2093 decessum
802 2045 1013 2104 suum,
1043 2032 1310 2093 sentiens

24 2116 443 2177 imminere...
496 2112 600 2171 nni
665 2110 1070 2183 sacerdotum,
1113 2126 1175 2171 se
1236 2112 1306 2172 ad

24 2192 253 2255 Missam
287 2190 724 2255 celebrandam
773 2192 1173 2265 praeparanti,
1217 2207 1309 2252 ac-

31 2275 218 2346 cessit,
246 2283 312 2336 et
341 2278 423 2333 ab
470 2272 598 2345 ipso
643 2270 839 2345 petiit,
874 2272 937 2331 in
969 2271 1090 2348 ipsa
1135 2270 1307 2332 Missa

32 2349 134 2413 sibi
161 2358 622 2415 sacrosanctam
666 2348 927 2410 hostiam
957 2350 1242 2411 conferri.
1272 2376 1296 2406 n

31 2428 188 2500 Quod
251 2434 305 2495 si
352 2431 664 2494 Domitius
720 2429 1031 2506 presbyter
1077 2429 1308 2505 fuisset,

29 2526 213 2586 quum
257 2529 452 2578 sanus
482 2510 682 2572 adhuc
709 2517 1086 2587 vegetusque
1128 2518 1306 2583 esset,

34 2588 416 2655 Sacrificium
485 2589 608 2667 ipse
673 2588 926 2650 indubie
967 2588 1304 2652 obtulisset.

32 2665 174 2732 Loco
216 2680 431 2734 autem
486 2669 809 2746 superiori,
858 2667 1017 2729 idem
1063 2669 1304 2747 biogra-

30 2749 175 2824 phus
210 2767 355 2812 eum
401 2749 554 2811 dicit
595 2747 957 2809 diaconatus
983 2749 1191 2828 qratia
1217 2747 1308 2810 de·

31 2836 327 2903 ceratum,
358 2831 513 2908 quin
548 2842 813 2904 unquam
857 2826 933 2889 de
975 2828 1308 2890 sacerdotio

31 2905 336 2985 loquatur.
388 2909 611 2970 Merito
676 2908 754 2966 ita
805 2922 878 2968 ue
922 2906 1306 2969 Breviarium

34 2985 440 3051 Ambianense
461 3003 624 3049 anno
648 2984 762 3047 174
823 2985 1084 3058 editum,
1109 2986 1170 3049 S.
1197 2988 1305 3049 Do·

34 3067 272 3130 mitium
316 3070 642 3131 diaconum
675 3073 866 3127 vocat.
914 3066 1100 3128 Porro
1141 3068 1301 3145 quod

33 3145 97 3203 ad
144 3154 406 3225 tempus,
454 3164 574 3226 quo
619 3145 681 3207 S.
731 3145 1030 3207 Domitius
1072 3147 1303 3222 floruit,

44 3224 188 3286 nihil
248 3236 531 3290 accurate
573 3233 636 3286 et
677 3234 842 3287 certe
902 3225 1148 3289 definiri
1195 3242 1300 3305 po·

35 3306 157 3363 test.
199 3306 316 3382 (Ex
359 3305 697 3383 Bolland.).

248 3465 309 3527 S.
357 3465 842 3530 BENEDICTUS
887 3465 1068 3529 Cous.

346 3574 508 3637 Ante
533 3573 852 3637 saeculum
885 3574 991 3637 IX.

109 3699 549 3771 Mammon—
573 3707 638 3768 ln
672 3723 823 3786 pago
854 3707 1215 3769 Pictaviensi
1238 3704 1303 3744 *⁴¹

42 3786 215 3843 sancti
261 3784 592 3849 Bet-temon
637 3787 1024 3850 Confessoris.

71 3858 170 3946 ⁸S.
213 3861 578 3930 Benedictus
605 3868 721 3929 fuit
763 3868 1076 3947 presbyter
1123 3865 1299 3943 depo-

42 3945 184 3999 situs
224 3943 432 4008 Asiani
482 3946 809 4027 (Azenay),
857 3946 1077 4009 deinde
1110 3954 1298 4007 trans-

45 4014 182 4107 latus
243 4022 638 4097 Quinciacum
693 4036 755 4089 et
824 4025 1296 4089 Trenorcbium.

44 4090 276 4173 Reliqua
314 4104 604 4180 fabulosa,
636 4104 1064 4175 Bollandistae,
1093 4106 1295 4166 omni-

48 4169 149 4235 bns
172 4179 502 4259 diligenter
528 4188 827 4264 expensis,
858 4185 1186 4248 definiunt.

94 4317 114 4338 ⁹
145 4322 443 4371 ambianense
478 4329 771 4372 territorium
804 4326 1043 4370 Piccrdiae
1088 4328 1300 4369 occiden-

51 4375 417 4486 taagieffispondet.
449 4393 588 4434 nlius
617 4399 776 4435 autem
794 4393 909 4434 urbs
933 4389 1208 4442 princip-lis
1226 4392 1300 4434 ΘΒ*

1374 912 1766 990 ConfessoriS,
1812 914 2058 976 Ordinis
2106 915 2438 986 Minorum,
2487 919 2647 977 vitae

1370 995 1688 1056 sanctitate
1716 1010 1783 1054 ac
1809 993 1937 1054 zelo
1965 990 2300 1057 Catholicae
2331 995 2468 1056 fidei
2499 1011 2644 1073 pro·

1371 1075 1677 1151 pagandae
1722 1072 1997 1141 illustris,
2043 1075 2148 1152 qui
2180 1074 2512 1136 Taurinum
2555 1091 2648 1135 ar·

1369 1169 1526 1222 cem,
1571 1153 1947 1215 validissimo
1989 1153 2327 1215 Turnat-um
2368 1155 2644 1216 exercitu

1373 1233 1709 1310 profligato,
1755 1235 1880 1294 suis
1923 1233 2201 1310 precibus
2250 1241 2311 1293 et
2338 1233 2646 1295 miraculis

1368 1313 1444 1374 ab
1470 1313 1787 1375 obsidione
1818 1313 2123 1374 liberavit.

1447 1391 1714 1455 Joannes
1758 1391 2178 1470 Capistranus,
2222 1395 2353 1455 sive
2395 1411 2426 1454 a
2473 1390 2644 1470 Capi-

1368 1480 1599 1543 stran0,
1625 1472 1976 1535 Brutiorum
2000 1474 2243 1552 oppido,
2276 1473 2433 1535 haud
2465 1473 2645 1551 longe

1366 1552 1442 1615 ab
1467 1551 1708 1631 Aquila,
1741 1553 2081 1615 Marsorum
2112 1554 2289 1625 urbe,
2323 1552 2508 1614 nobili
2542 1567 2645 1628 ge-

1370 1648 1520 1694 nere
1570 1639 1772 1707 natus‚
1821 1647 1986 1694 anno
2039 1632 2214 1707 1385,
2259 1635 2447 1695 sancti
2494 1631 2645 1692 Ber-

1371 1712 1610 1774 nardini
1642 1712 1933 1775 Senensis
1953 1713 2307 1791 discipulus,
2330 1714 2550 1785 sociuS,
2583 1719 2646 1773 et

1371 1791 1432 1852 in
1468 1794 1799 1868 regimine,
1832 1794 2168 1854 exorientis
2197 1792 2516 1870 Regularis
2536 1789 2646 1854 Ob·

1366 1872 1710 1934 servantiae
1781 1888 2123 1944 successor,
2193 1873 2282 1934 bis
2341 1871 2645 1948 generalis

1368 1951 1648 2024 vicarius,
1695 1953 2060 2028 magistrum
2113 1953 2409 2030 intrepide
2445 1959 2508 2013 et
2555 1953 2644 2010 vi-

1366 2032 1567 2092 riliter
1587 2029 1890 2106 defendit,
1919 2032 2278 2110 adJ'uvitque
2310 2033 2372 2093 in
2408 2046 2642 2109 promo-

1368 2113 1563 2172 vendo
1627 2111 1839 2173 latriae
1895 2111 2097 2173 cultus
2154 2114 2422 2172 nominis
2471 2110 2636 2172 Jesu.

1366 2189 1600 2251 Deinde
1644 2200 1712 2252 ut
1752 2201 1921 2252 sexto
1966 2200 2094 2266 post
2144 2200 2409 2252 mortem
2451 2206 2640 2263 anne,

1368 2270 1431 2330 in
1464 2269 1828 2333 Sanctorum
1861 2287 2124 2333 numero
2154 2272 2510 2343 referretur,
2542 2269 2643 2330 oh·

1368 2350 1576 2411 tinuit.
1624 2349 1901 2427 Eugemo
1932 2350 2026 2424 lv,
2057 2349 2300 2412 Nicolao
2331 2351 2380 2411 V
2427 2358 2486 2412 et
2515 2347 2642 2410 Cal·

1367 2428 1503 2491 listo
1549 2428 1646 2504 111,
1698 2430 1968 2493 Summis
2028 2430 2446 2503 Pontificibus,
2511 2446 2642 2492 ma-

1366 2526 1485 2587 gno
1550 2510 1666 2572 fuit
1726 2511 2028 2588 adjutorio
2097 2511 2159 2571 in
2233 2511 2642 2572 reformandis

1369 2589 1690 2651 hominum
1766 2591 2056 2661 moribuS‚
2121 2597 2182 2651 et
2252 2589 2536 2666 fugandis
2604 2605 2641 2651 e

1367 2670 1576 2731 multis
1599 2673 1932 2748 provinciis
1962 2671 2299 2742 haereticis,
2322 2669 2637 2731 commissa

1364 2750 1476 2811 sibi
1542 2749 1849 2826 generalis
1913 2751 2290 2827 inquisitoris
2347 2749 2484 2810 fidei
2532 2765 2637 2827 po-

1368 2834 1593 2890 testate.
1667 2829 1732 2889 ln
1811 2829 2310 2891 Florentinorum
2387 2828 2637 2889 Patrum

1364 2924 1646 2971 consessu
1690 2911 1882 2984 (anno
1928 2908 2104 2984 1439)
2149 2911 2319 2971 velut
2375 2908 2457 2968 sol
2505 2910 2639 2986 qui-

1361 2988 1496 3049 dam
1544 2991 1802 3050 refulsit.
1850 2988 2195 3052 Fridericus
2224 2989 2322 3060 lll,
2370 2988 2631 3063 impera·

1367 3074 1479 3137 tor.
1534 3071 1710 3130 misso
1773 3068 1974 3130 Aenea
2037 3067 2249 3142 Silvi0,
2295 3069 2563 3132 obtinuit
2604 3084 2637 3129 a

1360 3147 1607 3211 Nicolao
1651 3149 1723 3220 V,
1772 3157 1840 3210 ut
1883 3150 1944 3208 in
1989 3145 2382 3212 Germaniam
2429 3149 2639 3210 mitte-

1362 3239 1555 3303 retur,
1607 3226 1870 3305 populos»
1893 3227 2199 3304 docturus,
2231 3237 2293 3291 et
2335 3230 2639 3306 principes

1360 3307 1432 3369 ad
1478 3309 1770 3369 unionem
1830 3314 1892 3388 et
1932 3307 2162 3369 bellum
2221 3317 2428 3371 contra
2476 3308 2637 3368 Tur·

1360 3404 1455 3449 cas
1512 3388 1909 3450 excitaturus.
1977 3385 2041 3447 ln
2107 3387 2460 3462 Germania,
2506 3388 2634 3447 Au-

1360 3467 1506 3528 stria
1562 3467 1940 3545 praesertim,
1994 3468 2055 3529 in
2108 3467 2419 3543 Hungaria
2465 3474 2525 3528 et
2571 3466 2633 3526 in

1358 3546 1628 3620 polonia,
1671 3547 1867 3608 varias
1929 3548 2373 3610 haereticorum
2423 3555 2635 3620 sectas,

1358 3625 1608 3700 calamo,
1629 3627 1834 3700 verb0,
1860 3627 2239 3704 inquisitoris
2259 3629 2487 3689 auctori
2500 3633 2636 3697 tate,

1357 3723 1474 3785 qua
1519 3706 1923 3783 fungebatur,
1954 3715 2248 3785 perpetuo
2292 3707 2638 3780 insectatuS,

1361 3785 1658 3863 plurimos
1697 3788 1769 3849 ad
1803 3785 2026 3848 Christi
2073 3787 2256 3849 fldem
2299 3787 2630 3849 convertit.

1360 3866 1696 3929 Tui-carum
1729 3869 2163 3946 imperatorem
2203 3882 2422 3945 magna
2453 3865 2636 3928 classe

1355 3953 1419 4007 et
1458 3947 1867 4008 ducentorum
1914 3946 2104 4008 ferme
2149 3945 2414 4008 millium
2457 3961 2632 4007 exer·
2719 3957 2722 3958 *

1356 4027 1507 4100 citu,
1537 4026 1811 4103 Europae
1854 4027 2180 4105 imperium
2223 4025 2340 4088 sibi
2385 4025 2634 4104 promit-

1358 4111 1615 4178 tentem,
1662 4105 2178 4185 fortissimamque
2220 4103 2483 4167 Graecae
2535 4101 2634 4163 Al-

1358 4185 1464 4247 bae
1494 4185 1680 4264 (quae
1709 4193 1770 4248 et
1794 4186 2136 4247 Taurinum
2167 4185 2418 4256 dicitur,
2442 4180 2633 4258 vulgo

1356 4264 1684 4346 Belqrado)
1728 4267 1791 4327 in
1845 4265 2154 4343 Hungaria
2221 4277 2445 4334 arcem,
2489 4276 2632 4322 mu-

1408 4390 1456 4413 ⁵‘
1473 4387 1786 4432 Pictaviensis
1801 4399 1948 4440 pegus
1968 4389 2164 4439 regioni,
2184 4396 2306 4437 quae
2327 4387 2475 4426 Poitou
2493 4381 2635 4425 hodie

1355 4454 1674 4503 nuncupatur,
1694 4453 1962 4502 respondet.
