2993 4837
478 273 559 338 94
1109 288 1187 334 na
1235 288 1290 335 s.
1345 287 1666 334 mazacam
1714 288 1813 333 nr.
1867 288 2210 334 ntanaman
2654 270 2815 335 Nov.
2857 271 2888 334 3

393 373 658 443 actitari
707 372 1031 442 ferentur.
1065 370 1233 441 Inde
1263 383 1387 452 est,
1413 369 1595 457 quod
1632 369 1718 439 de
1756 369 2073 442 finitimis
2109 370 2276 440 locis
2311 369 2622 441 infirmos
2657 384 2719 440 et
2747 371 2893 441 male

395 462 749 543 habenteS,
787 460 908 531 illo
940 472 1208 551 portare
1255 472 1795 529 consueverunt:
1847 472 1911 529 et
1956 472 2292 529 sanantur
2343 458 2563 530 multi.
2618 459 2895 530 Ascendit

396 549 766 632 Malachias
800 571 1068 628 navem,
1120 562 1186 618 et
1236 559 1559 639 prospere
1592 548 1947 639 navigans,
2001 547 2340 638 applicuit
2373 549 2775 617 monasterio
2797 570 2896 618 suo

398 638 877 718 Benchorensi,
911 650 984 708 ut
1069 637 1224 707 rimi
1260 636 1384 706 filii
1472 637 1716 706 rimam
1756 637 2134 727 reciperent
2167 637 2482 726 gratiam.
2514 636 2690 720 Quid
2717 637 2896 708 animi

398 740 599 818 putas
629 726 923 818 gessisse
972 726 1015 795 il
1050 748 1150 806 os,
1193 747 1360 797 sano
1448 747 1484 794 e
1526 726 1632 794 via
1668 739 1802 794 tam
1856 725 2061 816 longa
2121 739 2387 814 recepto
2423 739 2652 814 patre,
2701 741 2763 795 et
2806 725 2899 795 illo

401 820 635 908 patre?
680 822 811 887 Nec
864 815 1141 895 mirum,
1186 814 1245 884 si
1293 836 1365 883 se
1396 827 1529 885 tota
1581 815 1645 883 in
1690 814 2024 905 gaudium
2078 814 2468 885 effuderunt
2525 814 2774 885 viscera
2816 835 2902 883 eo·

398 927 551 975 rum
612 906 679 974 in
732 904 956 973 reditu
1021 902 1207 992 ejuS,
1261 903 1542 990 quando
1602 916 1666 972 et
1711 904 1957 972 exteris
2026 903 2571 990 circumquaque
2619 903 2904 994 gentibus

397 993 872 1064 incredibilem
928 1013 1078 1062 mox
1128 992 1452 1062 laetitiam
1493 991 1680 1062 velox
1733 1014 1969 1063 rumor
2003 992 2275 1061 invexit.
2309 993 2610 1079 Denique
2644 992 2726 1061 de
2768 992 2906 1059 civi-

399 1084 675 1164 tatibus,
712 1095 777 1151 et
803 1080 1129 1162 castellis,
1165 1094 1232 1151 et
1281 1081 1446 1152 vicis
1493 1093 1869 1151 occurrunt
1897 1082 1995 1150 ei:
2034 1092 2100 1150 et
2145 1102 2586 1168 quocumque
2623 1080 2900 1162 divertat,

398 1171 778 1262 suscipitur
822 1169 1238 1239 exultatione
1289 1169 1651 1240 universae
1715 1183 1953 1239 terrae.
2015 1174 2495 1239 Verumtamen
2563 1191 2699 1240 non
2759 1169 2906 1259 sapit

400 1261 654 1331 bonor:
708 1281 885 1349 opus
911 1272 1261 1328 exercetur
1294 1257 1678 1360 legationis.
1718 1258 1946 1328 Multis
1987 1258 2053 1326 in
2093 1257 2261 1327 locis
2307 1258 2743 1329 celebrantur
2776 1280 2906 1327 con·

400 1361 641 1419 ventus
690 1347 915 1429 multi,
957 1368 1041 1414 ne
1088 1368 1226 1434 qua
1257 1368 1466 1437 regio,
1525 1369 1647 1416 seu
1697 1347 1916 1437 portio
1944 1346 2263 1435 regioniS,
2304 1346 2667 1438 legationis
2714 1347 2904 1416 fructu

397 1450 462 1508 et
495 1437 786 1508 utilitate
834 1434 1211 1505 fraudetur.
1259 1436 1649 1505 Seminatur
1697 1457 1906 1525 super
1937 1457 2178 1505 omnes
2204 1457 2460 1523 aquas:
2506 1458 2644 1506 non
2694 1433 2904 1523 estqui

399 1547 469 1598 se
525 1524 902 1595 abscondat
939 1523 1026 1593 ab
1077 1545 1283 1614 opera
1323 1523 1812 1594 sollicitudinis
1857 1525 2028 1613 ejus.
2068 1529 2208 1594 Non
2249 1546 2478 1609 sexus,
2541 1546 2679 1595 non
2727 1538 2902 1601 aetas,

402 1636 534 1684 non
578 1613 926 1692 conditio,
979 1634 1116 1682 non
1167 1612 1498 1703 professio
1548 1625 1924 1703 reputatur.
1981 1612 2247 1702 Ubique
2297 1634 2525 1682 semen
2591 1613 2910 1704 spargitur

399 1703 733 1774 salutare:
785 1701 1047 1789 ubique
1094 1701 1358 1772 intonat
1407 1702 1572 1773 tuba
1618 1702 1951 1772 coelestis.
1994 1702 2259 1792 Ubique
2291 1702 2642 1783 discurrit,
2680 1702 2910 1791 ubique

402 1791 751 1881 irrumpit,
804 1789 1163 1880 evaginato
1221 1789 1452 1882 gladio
1518 1791 1798 1881 linguae
1868 1789 1951 1859 ad
2019 1790 2402 1860 faciendam
2456 1791 2821 1861 vindictam
2851 1790 2902 1858 in

404 1880 823 1961 nationibuS,
877 1879 1380 1970 increpationes
1435 1878 1504 1948 in
1560 1879 1857 1970 populis.
1907 1884 1996 1948 ln
2055 1878 2391 1966 conciliiS,
2450 1900 2632 1969 quae
2684 1879 2904 1972 passim

397 1969 854 2049 celebrantur,
899 1980 1302 2068 repetuntur
1352 1967 1675 2057 antiquae
1733 1968 2154 2049 traditioneS,
2215 1988 2389 2057 quas
2444 1982 2674 2039 tamen
2726 1970 2906 2038 bonas

403 2058 617 2128 fuisse
651 2057 1052 2132 constiterit,
1089 2055 1379 2126 abolitas
1427 2078 1583 2126 vero
1632 2056 2021 2148 negligenia
2052 2056 2507 2127 sacerdotum.
2556 2063 2691 2128 Nec
2739 2055 2908 2127 modo

400 2159 619 2216 vetera
659 2147 1155 2226 instaurantur,
1209 2145 1564 2215 cuduntur
1620 2159 1684 2215 et
1733 2167 1928 2215 nova.
1984 2150 2060 2215 Et
2107 2166 2586 2235 quaecumque
2639 2144 2908 2238 promul·

403 2236 684 2326 gaverit,
739 2248 1093 2321 tamquam
1142 2233 1428 2304 coelitus
1490 2233 1670 2303 edita
1718 2246 2201 2324 acceptantur,
2264 2246 2617 2316 tenentur,
2688 2234 2908 2323 scripto

399 2324 820 2394 mandantur
866 2320 952 2391 ad
990 2323 1389 2392 memoriam
1428 2334 1878 2412 posterorum.
1917 2323 2171 2405 Quidni
2211 2322 2498 2393 coelitus
2549 2325 2762 2395 missa
2790 2345 2908 2392 cre·

397 2410 766 2492 derentur,
820 2431 997 2500 quae
1046 2422 1140 2481 tot
1188 2410 1504 2482 coelestia
1543 2412 1957 2482 confirmant
2022 2411 2409 2482 miracula?
2456 2415 2533 2483 Et
2597 2428 2676 2484 ut
2733 2411 2905 2483 fidem

397 2500 601 2573 dictis
648 2501 936 2578 faciam,
992 2501 1281 2589 perstrin
1337 2524 1446 2570 am
1508 2500 1842 2571 nonnulla
1909 2501 2168 2591 paucis.
2223 2501 2391 2583 Quis
2454 2503 2642 2571 enim
2694 2511 2908 2572 cuncta

397 2592 796 2660 enumeret?
828 2594 1258 2679 Quamquam
1327 2589 1649 2675 ibentius,
1680 2590 1913 2671 fateor,
1957 2589 2310 2659 imitandis
2338 2590 2690 2661 immorer.
2730 2610 2906 2680 quam

399 2677 849 2750 admirandis.

486 2769 522 2854 ξ
572 2772 705 2839 18.
760 2772 837 2836 Et
887 2790 1036 2839 meo
1081 2766 1356 2854 quidem
1400 2766 1669 2858 judicio
1720 2767 2021 2856 primum
2079 2779 2142 2836 et
2199 2768 2575 2838 maximum
2643 2769 2907 2837 miracu-

399 2854 570 2936 lum,
623 2855 803 2943 quod
841 2855 1021 2937 fecit,
1078 2857 1226 2945 ipse
1264 2869 1427 2926 erat.
1488 2861 1567 2926 Ut
1614 2857 1794 2925 enim
1850 2868 2106 2925 taceam
2147 2855 2534 2925 interiorem
2581 2856 2902 2927 hominem

398 2944 571 3033 ejus,
614 2946 817 3034 quus
865 2944 1425 3036 pulcritudinem,
1470 2942 1978 3024 fortitudinem,
2039 2945 2402 3035 puritatem
2457 2945 2624 3014 satis
2667 2944 2906 3013 indica-

399 3032 563 3102 bant
599 3054 821 3105 mores
852 3035 1075 3125 ipsius
1099 3046 1165 3103 et
1197 3035 1331 3123 vit.
1362 3057 1374 3101 :
1416 3034 1646 3122 ipsum
1680 3033 2077 3103 exteriorem
2118 3034 2208 3102 ita
2234 3056 2373 3102 uno
2401 3055 2678 3124 semper
2705 3031 2906 3108 modo,

398 3121 683 3211 ipsoque
731 3122 1237 3193 modestissimo
1283 3134 1349 3191 et
1395 3121 1881 3192 decentissimo
1937 3123 2167 3212 gessit,
2212 3136 2286 3191 ut
2339 3121 2432 3190 nil
2488 3143 2770 3211 prorsus
2813 3142 2908 3207 ap-

403 3222 664 3299 pareret
705 3211 770 3278 in
813 3232 914 3292 eo,
952 3211 1133 3298 quod
1220 3221 1399 3282 osset
1430 3209 1771 3280 offendere
1804 3210 2167 3282 intuentes.
2205 3215 2278 3279 Et
2309 3210 2588 3297 quidem
2633 3212 2752 3299 qui
2793 3229 2903 3278 non

398 3298 679 3369 offendit
725 3300 792 3368 in
845 3302 1073 3382 verb0,
1129 3299 1173 3368 il
1208 3322 1243 3367 e
1280 3298 1617 3389 perfectus
1663 3311 1765 3368 est
1805 3299 1929 3367 vir.
1981 3303 2057 3369 At
2105 3320 2259 3369 vero
2309 3300 2375 3368 in
2415 3299 2748 3370 Malachia
2777 3297 2908 3385 quis

400 3409 733 3475 unquam,
785 3388 1053 3459 etiamsi
1101 3387 1418 3458 curiosus
1466 3387 1885 3468 observarit,
1947 3387 2398 3479 deprehendit
2445 3389 2739 3458 otiosum
2789 3406 2898 3455 non

395 3475 549 3546 dico
604 3474 882 3546 verbum
922 3532 937 3559 ,
992 3475 1107 3546 sed
1180 3478 1474 3545 nutum?
1533 3477 1701 3559 Quis
1766 3498 2097 3557 manum,
2167 3476 2490 3578 pedemve
2552 3486 2904 3546 moventem

396 3564 696 3635 frustra?
741 3570 964 3634 Immo
1011 3565 1175 3653 quid
1229 3586 1362 3635 non
1415 3564 1789 3635 aedificans
1840 3564 1906 3633 in
1957 3570 2104 3653 ejus
2167 3587 2441 3635 incessu
2476 3620 2492 3646 ,
2545 3565 2898 3655 adspectu,

397 3653 636 3724 habitu
668 3709 683 3734 ,
740 3652 988 3724 vultu?
1034 3654 1347 3741 Denique
1390 3653 1620 3724 vultus
1669 3653 2079 3723 hilaritatem
2132 3676 2254 3723 nec
2302 3653 2590 3725 fuscavit
2639 3671 2936 3731 moeror,¹

398 3764 520 3812 nec
552 3742 867 3833 levigavit
907 3743 1110 3813 risus.
1149 3748 1388 3813 Totum
1431 3744 1498 3811 in
1532 3764 1611 3812 eo
1640 3741 2184 3832 disciplinatum,
2241 3756 2450 3813 totum
2495 3743 2760 3832 insigne
2796 3740 2900 3806 vir·

399 3832 559 3900 tutis
593 3886 609 3912 ,
665 3830 1101 3922 perfectionis
1148 3831 1389 3902 forma.
1444 3836 1569 3901 Per
1604 3832 1835 3901 omnia
1892 3832 2159 3910 serius,
2206 3831 2319 3901 sed
2392 3854 2521 3901 non
2582 3845 2896 3923 austerus:

396 3920 754 3990 Remissus
805 3920 1148 3990 interdum
1184 3976 1199 4003 ,
1253 3919 1631 3991 dissolutus
1682 3942 2064 4007 nunquam.
2120 3920 2482 4011 Negligens
2533 3919 2745 3997 nihil,
2796 3929 2897 4014 etsi

397 4027 518 4095 pro
553 4019 855 4098 tempore
908 4008 1124 4079 multa
1171 4008 1646 4079 dissimulans.
1691 4010 1973 4092 Quietus
2022 4032 2245 4099 saepe,
2305 4008 2419 4077 sed
2474 4009 2754 4077 minime
2795 4003 2898 4074 alt·

393 4096 670 4182 quando
717 4097 998 4169 otiosus,
1052 4104 1100 4167 A
1148 4098 1260 4168 die
1310 4098 1533 4189 primo
1580 4098 2046 4167 conversionis
2095 4119 2258 4169 suae
2308 4119 2527 4184 usque
2584 4097 2666 4166 ad
2715 4106 2896 4165 extre·

396 4206 583 4252 mum
637 4185 809 4256 vitae
844 4241 859 4268 ‚
914 4188 1061 4257 sine
1119 4187 1393 4279 proprio
1443 4187 1625 4256 vixit.
1680 4192 1820 4256 Non
1873 4208 2147 4266 servos,
2204 4208 2335 4255 non
2400 4185 2731 4264 ancillas,
2781 4199 2890 4280 non

395 4273 638 4353 villas,
694 4296 829 4343 non
880 4274 1185 4357 vicuIOS,
1243 4296 1374 4345 non
1425 4274 1724 4362 denique
1783 4275 2151 4363 quicquam
2218 4274 2560 4345 redituum
2613 4272 2894 4344 ecclesia·

395 4363 719 4431 sticorum
773 4362 1308 4445 seculariumve,
1367 4362 1463 4432 vel
1526 4364 1594 4431 in
1647 4365 1795 4455 ipso
1857 4363 2096 4434 habuit
2158 4364 2590 4454 Episcopatu.
2656 4368 2890 4431 Mensae
2939 4434 2940 4437 Ἴ
