2993 4837
514 280 642 342 670
1105 295 1179 340 oc
1229 295 1283 340 s.
1336 294 1691 341 carusium
1747 296 1910 341 vinc.
1968 296 2040 341 ετ
2091 297 2281 342 nat.
2632 279 2787 342 Not.
2829 270 2888 342 235

512 385 547 465 ξ
597 385 722 451 n.
756 402 791 444 <‹
828 378 1018 460 Quod
1054 392 1279 446 autem
1313 377 1729 447 crucifixum
1766 401 1846 446 ne
1882 380 2104 449 solum
2142 380 2418 466 quidem
2451 401 2688 449 nomen
2711 378 2892 448 dixisti
2949 389 2950 460 ζ

426 469 673 535 babere
711 466 893 556 apud
946 479 1221 546 vetereS,
1267 479 1528 555 oportet
1573 467 1852 552 quidem
1909 491 2040 536 non
2090 491 2238 539 esse
2292 469 2496 537 nimis
2542 470 2888 546 curiosum,
2949 467 2950 478 ’

425 577 634 640 neque
686 555 772 624 de
818 577 897 623 eo
957 555 1299 624 humanas
1348 556 1639 624 scrutari
1710 556 2046 636 rationes,
2111 557 2293 643 quod
2345 558 2432 627 sit
2485 562 2655 626 Deus
2700 578 2893 634 verus,

420 643 641 733 opifex
690 643 884 723 coeli,
922 657 988 712 et
1021 657 1257 721 terrae,
1314 657 1380 711 et
1428 645 1661 720 maris,
1699 657 1763 713 et
1803 644 1991 724 solis,
2045 659 2112 714 et
2164 645 2368 715 lunae
2399 701 2413 724 ,
2466 660 2533 715 et
2585 658 2895 715 astrorum.

419 747 483 801 et
517 733 818 801 universi
864 733 1219 800 hominum
1274 733 1566 819 generis,
1628 734 2389 823 incornprehensibili5‚
2461 733 2897 806 inscrutabilis,

422 822 923 900 interminatuS,
963 820 1352 890 ineffabilis.
1402 826 1479 889 Ut
1529 843 1681 891 vero
1719 844 1822 890 res
1856 823 2009 909 ejus
2042 846 2122 892 ex
2174 824 2414 893 vestris
2474 845 2742 909 quoque
2784 844 2902 889 con·

420 910 682 977 firmem
719 910 849 998 (sic
874 911 1055 977 enim
1088 909 1291 977 fuerit
1310 910 1595 978 omnino
1620 932 1656 977 a
1676 912 2071 999 suspicione
2097 913 2403 980 alienum
2435 911 2899 986 testimonium

419 998 579 1066 audi
632 999 1208 1087 sapientissimam
1266 999 1438 1065 inter
1491 998 1811 1068 mulieres
1848 1000 2203 1088 Sibyllam,
2253 1002 2758 1090 generationem
2791 1001 2901 1084 eju*

418 1087 800 1156 secundum
844 1108 1146 1165 carnem,
1200 1100 1263 1154 et
1311 1087 1464 1171 ejus
1517 1089 1581 1154 in
1647 1110 1768 1156 nos
1837 1090 2328 1177 providentiam
2382 1105 2449 1159 et
2499 1111 2733 1158 curam
2781 1088 2904 1154 inel-

419 1175 693 1244 sabilem
750 1190 982 1265 aperte
1030 1176 1561 1264 significantem.
1618 1177 1683 1245 Si
1738 1179 1833 1244 vis
1882 1190 2136 1252 autem,
2208 1179 2354 1266 ipsa
2422 1200 2698 1265 quoque
2756 1181 2898 1243 verba

418 1265 817 1333 audiemus:
865 1265 981 1332 Vix
1023 1263 1293 1333 tandem
1345 1277 1573 1332 autem
1629 1265 1846 1334 veniet
1875 1266 2157 1351 quidam
2201 1269 2264 1333 in
2321 1267 2506 1335 hanc
2552 1264 2899 1334 multifidam

418 1369 692 1430 terram,
748 1366 811 1420 et
842 1354 1101 1439 absque
1139 1352 1336 1441 lapsu
1387 1352 1500 1421 fiet
1537 1373 1716 1420 caro,
1772 1355 2140 1424 Inde-fessis
2196 1369 2423 1423 autem
2500 1354 2796 1422 terminis
2833 1353 2898 1418 di·

420 1442 717 1510 vinitatis
766 1440 975 1509 solvet
1013 1441 1535 1529 corruptionum
1578 1442 2012 1511 affectionum
2070 1443 2720 1513 immedicabilium.
2771 1447 2830 1509 Et
2863 1443 2897 1502 a?

308 1606 317 1614 .
415 1531 541 1597 erit
576 1528 832 1598 invidia
873 1530 937 1597 in
977 1528 1329 1597 incredulo
1369 1530 1643 1618 populo,
1688 1543 1750 1598 et
1804 1531 1866 1598 in
1906 1530 2041 1599 alto
2073 1533 2567 1621 suspendetur,
2610 1544 2894 1616 tamquam

418 1641 575 1686 reus
628 1619 883 1687 mortis.
962 1622 1150 1687 Haec·
1210 1630 1434 1686 autem
1488 1620 1719 1688 omnia
1779 1618 2016 1689 leniter
2086 1622 2401 1706 patietur.
2466 1620 2634 1689 Vide
2687 1641 2897 1705 quoqu·

419 1722 630 1775 vatem
665 1730 699 1775 a
755 1706 1111 1776 mendacio
1158 1706 1459 1774 alienum
1518 1708 1930 1795 Apollinem,
1984 1709 2273 1779 oblitum
2337 1709 2584 1778 solitae
2633 1730 2786 1777 suae
2821 1707 2898 1773 ob-

415 1796 760 1864 scuritatis
792 1812 856 1864 et
902 1795 1346 1882 obliquitatis,
1401 1808 1465 1863 et
1508 1796 1790 1873 nudam,
1847 1799 2109 1867 etiamsi
2166 1798 2354 1876 nolit,
2413 1798 2727 1867 edentem
2782 1796 2898 1862 ren·

416 1897 660 1952 tatem:
706 1889 913 1962 Unus,
971 1884 1215 1970 inquit,
1275 1905 1380 1951 me
1443 1885 1622 1973 cogit
1672 1885 2021 1964 coelestis,
2087 1888 2203 1972 qui
2259 1902 2363 1955 est
2416 1887 2538 1956 lux
2609 1884 2900 1975 tripliciter

417 1972 782 2072 refulgens,
838 1975 960 2054 Qui
1016 1994 1167 2042 vero
1220 1994 1467 2061 passus
1513 1987 1613 2041 est
1665 1978 1862 2046 Deus,
1922 1995 2052 2043 non
2114 1997 2314 2064 passa
2363 1990 2467 2044 est
2519 1988 2740 2044 autem
2800 1975 2898 2058 ipsa

412 2061 755 2130 divinitas.
813 2063 1022 2131 Ambo
1060 2075 1160 2130 est
1207 2061 1416 2138 enim,
1471 2074 1535 2128 et
1587 2062 1850 2131 mortali
1903 2085 2231 2151 corpore,
2289 2077 2352 2132 et
2403 2064 2679 2133 alienus
2723 2083 2896 2131 corru-

417 2152 661 2238 ptione.
711 2155 862 2236 Ipse
902 2151 1045 2236 Jam
1103 2155 1276 2218 Deus
1322 2162 1424 2217 est
1472 2153 1594 2228 vir,
1633 2152 1868 2219 omnia
1917 2151 2139 2221 ferens
2192 2153 2257 2219 in
2323 2153 2752 2230 mortalibus
2791 2171 2894 2217 cru·

411 2263 581 2316 cem,
636 2239 1150 2316 contumeliam,
1207 2238 1659 2326 sepulturam.
1715 2239 1840 2320 Qui
1892 2242 2094 2308 etiam
2145 2263 2225 2309 ex
2274 2263 2351 2308 su
2413 2242 2678 2309 erciliis
2700 2237 2896 2307 calidas

410 2327 781 2413 aliquando
816 2327 991 2396 fudit
1025 2327 1387 2412 lacrymas.
1432 2328 1562 2409 Qui
1596 2328 1902 2413 quinque
1955 2329 2169 2398 millia
2223 2331 2364 2418 imp
2399 2332 2540 2400 evit
2591 2329 2886 2398 frumenta.

416 2416 588 2485 Velle
621 2417 802 2485 enim
838 2429 936 2484 est
971 2415 1199 2485 divina
1264 2418 1586 2504 potentia.
1641 2416 1949 2487 Christus
2012 2433 2113 2487 est
2179 2440 2374 2488 meus
2430 2424 2660 2499 Deus,
2717 2413 2890 2503 quiin

412 2504 597 2593 ligno
635 2506 759 2589 l‘nit
804 2521 1146 2577 extensus,
1201 2506 1316 2591 qui
1358 2521 1693 2584 mortuuS,
1735 2507 1852 2592 qui
1895 2529 1972 2576 ex
2024 2507 2376 2596 sepultura
2426 2510 2497 2575 in
2542 2507 2794 2576 coelum
2821 2518 2886 2569 est

409 2594 748 2663 sublatus.

497 2689 530 2767 ἑ
584 2689 724 2753 m.
770 2706 804 2747 «
838 2688 1015 2751 Haec
1044 2682 1241 2752 refert
1266 2682 1502 2771 Apollo
1532 2681 1703 2751 deus
1745 2696 1927 2765 tuuS‚
1965 2684 2214 2752 etenim
2247 2708 2408 2753 cum
2443 2686 2557 2759 sit,
2592 2698 2686 2753 est
2713 2702 2887 2776 expers

412 2772 756 2858 principii,
796 2783 861 2839 et
893 2785 1293 2839 coaeternus
1328 2793 1494 2840 cum·
1543 2776 1691 2840 Deo.
1748 2772 1868 2857 qui
1917 2773 2175 2861 genuit,
2233 2774 2697 2862 principium,
2756 2769 2886 2860 radix

406 2876 467 2925 et
511 2860 661 2927 fons
700 2858 1032 2928 bonorum
1088 2860 1593 2943 universorum;
1645 2873 1900 2929 etcum
1950 2883 2435 2948 quaecumque
2486 2876 2679 2937 sunt,
2720 2882 2784 2927 ex
2821 2879 2894 2922 m-

410 2947 548 3015 hilo
594 2947 1041 3033 produxisset,
1098 2970 1311 3034 eaque
1360 2962 1635 3017 ornaret
1671 2971 1750 3017 ac
1803 2964 2082 3039 regeret,
2127 2964 2192 3019 et
2221 2973 2346 3019 sua
2385 2973 2602 3020 manu
2650 2947 2886 3018 continex

414 3052 531 3114 ret,
590 3049 892 3132 nostrum
945 3059 1165 3127 genus
1199 3049 1299 3107 est
1332 3036 1727 3106 fabricatus:
1765 3052 1829 3106 et
1865 3038 2062 3106 nobis
2101 3039 2349 3107 multas
2405 3041 2551 3109 vias
2589 3031 2883 3105 munina-1

405 3124 718 3194 salntem.
775 3130 936 3194 Cum
980 3148 1094 3195 eos
1141 3138 1366 3195 autem
1416 3125 1691 3195 vidisset
1749 3126 2225 3216 supplantatos
2276 3127 2883 3217 transgressione&

405 3216 719 3282 amisisse
778 3216 1003 3303 ipsum
1053 3228 1262 3303 caput
1317 3214 1583 3291 salutis,
1634 3236 1877 3304 nempe
1936 3215 2393 3285 obedientiam
2427 3272 2441 3295 ‚
2514 3218 2656 3306 ipse
2703 3230 2883 3282 rursu<

406 3303 564 3372 facit
613 3304 703 3378 id.
749 3304 929 3390 quod
967 3315 1065 3372 est
1095 3316 1302 3392 caput
1350 3303 1628 3372 salutis:
1665 3317 1729 3372 et
1776 3304 1893 3390 qui
1929 3318 2030 3372 est
2058 3305 2362 3393 ejusdem
2403 3319 2702 3381 naturae,
2733 3300 2880 3394 cuja<

408 3408 616 3479 pater,
663 3393 736 3461 lit
788 3405 1059 3480 propter
1103 3413 1225 3461 nos
1276 3393 1366 3471 id,
1420 3392 1601 3479 quod
1631 3414 1781 3480 eg0,
1824 3406 1888 3462 et
1931 3406 2242 3462 versatur
2270 3395 2477 3463 simul
2523 3416 2673 3463 cum
2716 3392 2879 3458 hom·-

407 3482 636 3560 nibus,
676 3494 740 3549 et
779 3481 921 3550 obit
948 3493 1220 3560 terram,
1253 3482 1622 3569 castigans,
1661 3480 2063 3563 admonens,
2104 3482 2379 3561 docenS,
2420 3483 2648 3551 onmia
2681 3478 2874 3573 iaciens

403 3583 467 3637 et
500 3592 903 3659 procurans,
954 3569 1202 3638 Deinde
1257 3571 1460 3638 etiam
1514 3569 1699 3638 subit
1753 3584 2033 3639 mortem
2106 3593 2226 3660 pro
2274 3571 2565 3659 ingratis
2614 3564 2870 3636 famulis,

402 3680 691 3743 eamque
729 3659 1487 3747 ignominiosissimam,
1552 3659 2096 3748 conspuiturque
2133 3672 2196 3728 et
2244 3658 2557 3747 colaphis
2602 3654 2868 3723 caeditur-

402 3762 464 3815 et
514 3749 804 3817 sustinet
850 3762 1111 3816 creator
1158 3748 1390 3815 omnia
1433 3769 1610 3832 quae
1656 3749 2133 3816 condemnati:
2196 3762 2258 3817 et
2330 3749 2502 3816 facta
2565 3759 2709 3814 sunt
2753 3746 2866 3833 llaec

403 3839 631 3903 omnia
682 3850 953 3924 propter
989 3858 1132 3915 noS,
1174 3848 1247 3904 ut
1282 3838 1654 3904 solveretur
1698 3838 1918 3923 prima
1959 3838 2461 3916 condemnatio,
2501 3850 2563 3904 et
2599 3836 2674 3902 de
2704 3826 2865 3929 medlo

406 3925 750 3993 tolleretur
786 3926 1102 4014 ⁴tyrannis
1136 3925 1415 4005 diaboli,
1469 3939 1536 3993 et
1582 3925 1751 3993 coeli
1805 3939 2032 4014 portae
2065 3925 2260 3995 nobis
2304 3948 2542 3994 rursus
2587 3936 2862 4011 aperiren-

404 4026 534 4091 tur,
588 4036 760 4099 quas
794 4014 970 4083 male
1009 4014 1207 4084 nobis
1255 4014 1660 4084 clausimus.
1714 4019 1790 4082 Et
1833 4037 1955 4083 neo
1990 4014 2346 4101 bucusque
2394 4013 2656 4101 quidem
2697 4013 2857 4075 stetit:

402 4103 516 4170 sed
546 4125 701 4170 cum
739 4104 940 4170 etiam
988 4104 1180 4172 tertio
1215 4102 1325 4171 die
1356 4103 1782 4182 surrexisset,
1815 4116 1879 4171 et
1917 4105 1980 4170 in
2014 4103 2238 4173 coelos
2277 4102 2694 4174 ascendisset,
2723 4087 2853 4189 unde

404 4191 606 4268 venit,
666 4190 1077 4260 ineffabilem
1130 4192 1347 4260 sancti
1399 4192 1694 4281 Spiritus
1737 4192 1933 4261 nobis
1982 4192 2258 4261 donavit
2297 4193 2600 4281 gratiam,
2647 4199 2699 4252 et
2722 4186 2852 4249 misit

403 4276 815 4364 discipulos,
871 4278 1058 4349 illius
1121 4280 1441 4349 mandata
1492 4279 2008 4370 praedicantes:
2063 4282 2178 4368 qui
2237 4282 2369 4370 ipsi
2411 4298 2656 4367 quoque
2701 4283 2847 4368 omn?-

406 4365 785 4448 periculum
840 4367 1184 4448 subibant,
1226 4383 1290 4438 et
1340 4383 1620 4438 mortem
1666 4370 1970 4456 quotidie
2032 4370 2496 4445 sustinebant,
2540 4379 2602 4435 nt
2642 4370 2845 4430 animae
