2993 4837
34 310 174 376 NOV.
228 310 306 375 213
866 329 941 373 nn
991 329 1046 373 s,
1102 326 1331 373 moseo
1380 325 1676 374 conress.
2326 312 2454 375 447

23 492 24 495 Ἴ
90 415 248 498 ἐϋ.
296 418 650 482 Postremo
683 466 698 492 ‚
752 433 912 481 cum
974 433 1045 480 se
1083 412 1231 500 jam
1285 413 1699 481 moriturum
1761 411 2216 502 intelligeret,
2265 414 2541 482 comitis

21 495 178 601 flius
232 513 296 570 et
342 500 715 591 adjutricis
772 499 1239 580 fidelissimae,
1279 522 1454 585 quae
1507 501 1702 570 illurn
1758 502 1825 568 in
1880 501 2091 590 hujus
2129 501 2301 570 vitae
2356 523 2544 591 pere-

92 590 371 660 'natione
419 611 788 677 nunquam
826 588 1243 670 deseruerat,
1281 587 1411 658 hoc
1459 603 1562 659 est
1608 602 1884 658 sanctae
1920 591 2368 679 paupertatis,
2425 614 2542 662 su·

21 609 223 838 &emo
256 679 430 748 vitae
458 679 575 747 die
607 700 745 747 non
778 678 1056 758 oblituS‚
1090 678 1205 748 sed
1238 679 1306 746 in
1339 678 1491 764 ejus
1521 679 1763 746 intimo
1791 679 1973 758 sinu,
2007 701 2212 765 quam
2248 680 2542 748 maxime

23 767 138 859 :eri
187 780 432 857 posset,
493 767 821 856 spiritum
884 768 1191 836 emittere
1228 769 1543 855 cupienS,
1593 769 1987 837 convocatis
2035 767 2387 848 fratribus,
2427 790 2543 838 eos

21 853 231 925 obnixe
274 856 545 946 rogavit
593 868 671 925 ut
720 855 851 926 sibi
894 869 1145 925 vestem
1195 855 1571 925 obsoletam
1615 868 1679 926 et
1718 855 2041 937 laceram,
2082 857 2542 944 habitumque

21 946 289 1015 omnium
341 945 797 1024 vilissimum,
835 944 903 1012 in
954 966 1091 1031 quo
1142 957 1542 1024 moreretur,
1598 945 2094 1029 concederent;
2138 968 2273 1032 quo
2325 947 2540 1035 impe-

21 1043 181 1113 trato,
218 1032 454 1103 multis
492 1033 802 1122 profusis
837 1032 1186 1122 lacrymiS‚
1224 1034 1309 1102 ab
1346 1034 1453 1103 his
1491 1034 1613 1121 qui
1644 1033 2031 1113 adstabant,
2079 1035 2535 1104 offensionum

21 1133 187 1207 ¹atque
228 1136 619 1192 erratorum
673 1122 940 1190 veniam
982 1122 1384 1211 postulavit;
1423 1123 1682 1209 quibus
1722 1123 1998 1211 copiose
2030 1123 2537 1212 collacryman-

21 1209 192 1291 tibus,
234 1212 402 1301 ipse,
456 1233 670 1280 cruce
704 1210 954 1300 lignea,
994 1233 1202 1297 quam
1252 1210 1337 1280 ad
1376 1225 1586 1301 caput
1634 1211 1950 1292 habebat,
2006 1214 2300 1302 arrepta,
2347 1234 2537 1281 eam-

23 1319 129 1384 que
178 1300 544 1389 amplexus
609 1312 675 1370 et
741 1298 1134 1380 osculatuS,
1202 1313 1492 1386 utroque
1542 1301 1825 1369 brachio
1893 1301 1958 1368 in
2010 1300 2224 1370 altum
2277 1301 2539 1370 sortiter

23 1387 251 1458 sublato
292 1391 489 1478 (cum
542 1399 768 1457 tamen
800 1387 1091 1458 alterum
1144 1389 1333 1477 gravi
1383 1402 1802 1478 apostemate
1854 1402 2127 1459 tumens
2175 1411 2254 1458 ac
2290 1389 2536 1459 debili-

25 1483 203 1547 tatum
256 1491 455 1548 antea
508 1497 785 1545 movere
849 1498 981 1545 non
1037 1477 1415 1565 potuisset),
1462 1478 1823 1564 oculisque
1874 1479 1942 1545 in
2003 1478 2204 1547 vitale
2250 1480 2533 1568 signum

26 1561 247 1647 defixis,
280 1569 487 1637 verba
547 1565 664 1634 illa
711 1587 789 1635 ex
838 1588 1033 1635 sacro
1070 1566 1351 1654 hymnO,
1396 1589 1645 1656 magno
1681 1568 1928 1636 affectu
1972 1589 2359 1655 magnoque
2395 1569 2536 1655 pie-

31 1654 150 1724 lntis
190 1657 432 1745 spiritu
487 1653 1013 1744 pronuntiavit:
1080 1659 1287 1723 Dulce
1338 1657 1645 1744 liquam,
1705 1658 1933 1725 dulces
1993 1660 2249 1736 clavoS,
2304 1658 2537 1726 dulcia

30 1739 204 1827 ferens
228 1746 558 1834 pondera,
594 1767 769 1833 quae
814 1746 962 1811 sola
992 1745 1191 1832 suisti
1235 1744 1447 1832 diqna
1490 1755 1762 1833 portare
1793 1750 2038 1835 Reqem
2092 1749 2424 1814 coelorum
2474 1757 2534 1815 et

32 1831 362 1912 Dominum
396 1854 586 1920 quae
619 1854 779 1901 cum
813 1831 1119 1910 dixisset,
1157 1833 1227 1900 in
1262 1833 1410 1920 ipso
1446 1833 1836 1902 salutiferae
1873 1833 2107 1903 Crucis
2142 1834 2528 1924 complexu,

34 1935 197 2002 quam
242 1924 443 1991 unice
496 1921 867 2001 dilexerat,
922 1943 1129 2006 quam
1181 1922 1251 1989 in
1301 1921 1506 1991 corde
1553 1936 1617 1990 et
1664 1944 1948 2009 corpore
1996 1943 2269 2011 semper
2316 1936 2537 2022 gesta-

34 2019 197 2089 verat,
226 2010 291 2078 in
323 2033 465 2097 qua
503 2010 772 2079 Christo
810 2011 1119 2078 confixus
1147 2024 1211 2078 et
1248 2010 1510 2078 mundo
1545 2010 1918 2079 crucifixus
1949 2010 2189 2091 fuerat,
2224 2032 2529 2080 animam

36 2093 276 2197 efflavit,
330 2113 394 2170 et
445 2099 524 2168 in
576 2099 862 2168 Domino
910 2098 1325 2168 obdormivit
1375 2100 1595 2189 pridie
1645 2100 1811 2169 Idus
1859 2099 2297 2178 Novembris,
2352 2121 2537 2169 anno

40 2181 258 2255 Domini
289 2210 600 2257 ncntxm.

106 2271 135 2357 ξ
168 2280 310 2347 10.
345 2277 439 2346 Ad
481 2275 643 2362 ejus
674 2295 928 2364 corpus
958 2275 1169 2364 (beati
1222 2276 1452 2345 Didaci
1491 2288 1704 2345 morte
1745 2275 2011 2363 audita)
2047 2276 2280 2364 magni
2331 2277 2532 2346 undi-

42 2376 142 2443 que
184 2385 560 2437 concursus
621 2363 826 2443 sacti,
898 2363 1066 2433 illud
1125 2364 1361 2434 devote
1422 2387 1661 2435 omnes
1727 2365 2177 2454 contingere,
2236 2366 2532 2456 amictus

40 2452 358 2549 particulas
394 2452 903 2545 praescindere,
932 2453 1221 2541 capillos
1260 2453 1642 2523 devotionis
1668 2477 1879 2524 causa
1904 2454 2213 2535 evellere,
2250 2454 2529 2524 demum

36 2535 360 2613 ‘thnstiano
411 2545 554 2612 ritu
602 2563 855 2629 corpus
915 2542 1287 2612 honorilice
1338 2543 1699 2613 humatum
1751 2557 1873 2613 est.
1930 2544 2053 2612 Hic
2097 2543 2239 2629 jam
2301 2545 2527 2613 statim

38 2610 179 2725 Deus
233 2634 481 2702 mortui
549 2631 723 2699 servi
773 2631 904 2709 sui,
949 2632 1059 2700 cui
1126 2631 1191 2698 in
1271 2632 1404 2700 vita
1470 2646 1877 2721 cooperatus
1929 2632 2168 2713 fuerat,
2207 2633 2527 2701 eximiam

36 2718 411 2889 {fluitatem
483 2720 708 2809 signis
756 2719 1203 2805 sequentibus
1250 2721 1744 2809 comprobavit.
1799 2726 1964 2791 Nam
2013 2743 2290 2810 corpuS,
2345 2723 2526 2809 quod

93 2822 144 2902 ¹¹¹.
184 2809 547 2891 quatriduo
592 2808 788 2876 humi
837 2807 1183 2897 sepultum
1235 2808 1479 2890 suerat,
1528 2811 1800 2890 iterum,
1847 2832 1977 2878 non
2023 2811 2282 2896 absque
2325 2812 2533 2880 mira-

41 2889 149 2958 cult
180 2895 578 2977 interventu,
619 2897 970 2976 effossum,
1024 2918 1159 2966 non
1220 2897 1443 2985 solum
1512 2900 1853 2988 integrum
1914 2900 2534 2988 incorruptumque

44 2986 330 3080 upparuit,
384 2987 503 3056 sed
559 3008 718 3055 cum
771 3007 892 3075 per
942 2987 1194 3055 multos
1248 3008 1540 3067 menses,
1582 3002 1653 3056 ut
1701 2988 1809 3076 pio
1858 2988 2085 3056 studio
2141 2988 2525 3061 satisfieret.

44 3078 92 3133 et
114 3073 338 3143 civium
388 3090 453 3144 et
485 3075 806 3155 aliorum,
846 3075 966 3160 qui
1005 3097 1083 3143 ex
1132 3074 1420 3144 diversis
1474 3076 1783 3163 partibus
1831 3078 2309 3155 accurrebant,
2349 3079 2532 3147 inse-

34 3156 263 3253 pultum
292 3163 646 3249 jacuisset,
705 3185 837 3232 non
889 3166 1337 3251 computruit,
1378 3165 1646 3233 nullum
1684 3177 1928 3232 tetrum
1966 3164 2241 3233 odorem
2275 3166 2524 3235 emisit.

45 3242 219 3317 Immo
272 3275 422 3322 vero
470 3274 724 3342 corpus
780 3252 973 3331 illud,
1027 3252 1207 3338 quod
1267 3254 1500 3323 vivens
1555 3253 1848 3342 Spiritus
1912 3254 2138 3321 Sancti
2196 3253 2526 3341 templum

44 3326 239 3416 tuerat,
272 3341 545 3411 odorem
599 3340 1089 3410 suavissimum
1125 3341 1421 3421 afflabat,
1458 3365 1596 3429 quo
1648 3363 1887 3411 omnes
1936 3341 2225 3410 mirifice
2267 3363 2530 3410 recrea-

44 3416 273 3507 bantur,
313 3432 427 3517 qui
470 3430 748 3517 quidem
800 3442 864 3498 et
914 3430 981 3497 in
1038 3429 1448 3499 hodiernum
1501 3453 1723 3518 usque
1757 3430 1937 3499 diem
1989 3452 2068 3499 ex
2117 3430 2267 3530 ejus
2302 3431 2529 3515 sepul-

44 3522 132 3576 cro
161 3519 439 3587 suaviter
469 3518 869 3605 etjucunde
911 3518 1207 3607 spirans,
1249 3542 1289 3588 a
1335 3519 1681 3607 plerisque
1730 3541 1930 3609 saepe
1988 3532 2300 3587 sentitur.
2349 3519 2528 3588 Illud

45 3614 270 3687 quoque
318 3607 383 3675 in
422 3609 599 3678 beati
649 3608 775 3676 viri
833 3622 1099 3675 mortuo
1153 3629 1437 3697 corpore
1486 3609 1741 3677 mirum
1802 3609 2110 3688 accessit,
2149 3606 2332 3693 quod
2383 3610 2532 3695 ejus

48 3692 306 3790 membra
336 3708 398 3765 et
429 3710 641 3776 artuS,
683 3695 868 3764 vitali
902 3695 1127 3764 calore
1158 3696 1490 3777 destituti,
1533 3719 1664 3765 non
1699 3697 1847 3765 obri
1905 3709 2177 3775 uerunt,
2212 3718 2334 3765 nec
2370 3696 2532 3765 duri

48 3782 351 3876 autnrigidi
398 3797 558 3855 sunt
595 3786 839 3866 effecti,
887 3797 964 3853 ut
1010 3784 1420 3855 cadaverum
1467 3786 1719 3866 solent3
1774 3809 1843 3855 se
1944 3784 2186 3855 molles
2233 3798 2426 3854 erant
2469 3798 2534 3854 et

50 3857 330 3940 flexibiles
375 3896 812 3960 quocumque
870 3886 1308 3942 verterentur.
1374 3875 1707 3957 Quocirca
1761 3874 2107 3944 laudanda
2155 3887 2255 3943 est
2319 3874 2533 3962 pietas

51 3959 99 4015 θῑ
122 3961 601 4047 magnificentia
630 3964 855 4032 clarae
905 3963 1275 4032 memoriae
1324 3964 1600 4032 Henrici
1643 3969 1748 4043 IV,
1796 3964 2120 4033 Castellae
2172 3961 2375 4051 regie,
2412 3962 2534 4047 qui

23 4052 161 4146 411113
186 4067 328 4143 cum
377 4051 513 4121 filia
557 4052 939 4143 periculose
987 4066 1372 4141 aegrotans,
1415 4064 1479 4121 et
1514 4053 1690 4121 beati
1731 4053 1958 4121 Didaci
1998 4052 2319 4142 precibus
2352 4052 2532 4118 sani-

23 4130 156 4196 ÷tate
194 4151 533 4225 impetrata
570 4196 584 4222 ‚
644 4140 872 4209 nobile
933 4142 1262 4209 sacellum
1328 4143 1500 4231 grati
1554 4141 1768 4209 animi
1833 4143 1942 4209 sui
2006 4154 2530 4211 monumentum

21 4225 318 4322 gmmifit,
354 4228 578 4316 ibique
617 4230 689 4297 in
723 4251 877 4297 arca
910 4228 1145 4297 ferreis
1181 4229 1459 4299 laminis
1491 4231 1856 4321 diligenter
1889 4229 2312 4300 communita
2354 4228 2533 4297 beati

62 4299 246 4377 Bidaci
288 4337 526 4407 corpus
558 4318 873 4387 decenter
907 4318 1182 4387 recondi
1207 4319 1439 4405 jussit.
1481 4321 1572 4387 Ad
1625 4318 1805 4406 quod
1845 4319 2125 4404 quidem
2171 4317 2525 4397 sacellum,

64 4402 119 4458 ut
143 4415 393 4486 constat,
442 4429 576 4476 non
608 4406 830 4476 solum
855 4405 1375 4497 Complutenses
1408 4407 1610 4490 cives,
1644 4408 1759 4478 sed
1798 4408 2007 4476 vicini
2040 4421 2103 4477 et
2137 4406 2533 4475 remotiores
