2993 4837
57 307 186 372 fluv.
232 307 272 368 2
859 327 934 370 ns
981 326 1309 372 mutunus
1357 324 1704 372 auruncus
2384 312 2468 375 45

52 410 292 493 denique
323 429 515 476 anno
554 422 855 477 vertente
903 408 971 477 in
1015 431 1247 496 eorum
1305 411 1706 477 memoriam
1746 432 1938 478 sacra
1970 410 2323 481 obiremus
2351 412 2562 570 fiquae

46 498 273 582 quidem
309 497 482 564 citra
525 496 746 565 ullam
776 498 1302 566 controversiam
1335 499 1682 566 Catholica
1721 512 1787 565 et
1812 500 2190 586 Apostolica
2228 506 2354 568 Ecc:
2389 504 2552 579 esia‚

42 587 465 672 divinitusque
495 584 834 655 collectus
877 587 1097 674 ipsius
1136 586 1455 676 populus,
1489 601 1887 657 constanter
1916 611 1995 655 ac
2047 591 2196 656 sine
2237 588 2378 658 ulla
2411 613 2558 658 am-

42 675 325 761 biguitate
378 674 706 761 retinet),
777 675 903 745 nisi
958 676 1084 744 hoc
1137 676 1202 742 in
1273 677 1489 762 ipsius
1568 675 1791 744 oculis
1852 689 2105 745 rectum
2159 692 2357 747 esset.
2414 684 2552 748 Non

41 767 191 831 enim
235 763 532 832 dubium
589 777 716 842 est,
768 765 960 849 quin,
1003 766 1059 832 si
1101 762 1468 832 ridiculum
1527 764 1590 832 id
1642 777 1854 841 esset,
1910 765 2310 852 fructusque
2358 782 2562 851 atque

40 853 313 920 utilitatis
357 873 639 938 expers,
692 874 847 920 cum
887 854 1085 920 multi
1127 852 1362 921 divino
1397 854 1684 921 numine
1731 854 1938 922 afflati
1977 856 2194 923 sancti
2236 855 2384 936 viri,
2437 862 2560 924 Pa-

41 941 356 1019 marchae,
408 944 678 1019 Patres,
731 963 809 1008 ac
862 941 1171 1029 magistri
1219 942 1610 1022 extiterunt,
1667 943 1794 1010 boc
1834 944 2137 1031 cuipiam
2197 964 2433 1012 eorum
2489 946 2553 1012 in

38 1030 307 1097 animum
360 1030 738 1117 injecisset,
773 1040 847 1096 ut
875 1052 1173 1098 errorem
1211 1031 1718 1119 comprimeret.
1760 1032 1954 1116 Atqui
2010 1054 2209 1101 nemo
2246 1034 2552 1122 ipsorum

42 1121 211 1186 ritum
258 1118 444 1185 hunc
487 1118 627 1185 sibi
675 1140 985 1203 unquam
1054 1118 1581 1187 convellendum
1632 1134 1697 1187 et
1743 1120 2184 1188 evertendum
2253 1124 2552 1209 putavit:

42 1207 225 1272 immo
263 1228 414 1274 vero
472 1207 956 1275 confirmavit:
1034 1208 1394 1294 indiesque
1444 1230 1552 1276 res
1617 1208 1780 1276 haec
1829 1222 2168 1299 augetur,
2222 1233 2300 1279 ac
2354 1234 2560 1280 novas

44 1293 294 1361 subinde
330 1296 771 1364 accessiones
820 1295 1002 1363 facit.
1056 1296 1244 1377 Quod
1284 1297 1339 1364 si
1378 1296 1551 1365 alios
1603 1298 1890 1384 insuper
1936 1300 2310 1367 Historicos
2372 1322 2559 1368 com-

47 1404 376 1451 memorare
410 1406 598 1471 opus
646 1395 769 1462 est,
831 1384 1109 1470 prodeat
1158 1387 1225 1453 in
1280 1384 1582 1479 medium
1621 1388 2570 1473 Gregorius-Dialogus*an—·

48 1471 315 1555 tiquioris
346 1477 611 1541 Romae
660 1473 1064 1562 EpiscopuS‚
1121 1475 1242 1551 vir,
1286 1487 1381 1544 ut.
1406 1497 1647 1545 omues
1682 1487 1955 1554 norunt,
1993 1491 2132 1544 tum
2190 1479 2360 1544 vitae
2395 1500 2553 1546 san-

46 1561 255 1635 ctitate,
308 1574 449 1629 tum
487 1560 881 1629 eruditione
919 1562 1150 1631 clarus
1182 1585 1261 1631 ac
1300 1563 1616 1642 celebris,
1668 1586 1900 1650 quem,
1942 1588 2098 1634 cum
2154 1566 2370 1634 sacris
2403 1588 2560 1655 ope-

51 1662 295 1728 raretur,
334 1648 704 1719 coelestem
743 1673 824 1718 ac
871 1649 1182 1720 divinum
1236 1653 1568 1742 Angelum
1621 1655 2035 1723 sacrosancti
2099 1655 2404 1723 muneris
2452 1676 2561 1723 so-

49 1738 199 1803 cium
261 1738 586 1807 babuisse
649 1753 951 1811 narrant.
1016 1741 1138 1808 Hic
1191 1762 1347 1808 cuin
1407 1763 1524 1828 per
1582 1741 1805 1809 locum
1861 1742 2211 1829 lapidibus
2271 1757 2556 1812 stratum

53 1823 372 1911 aliquando
424 1828 557 1895 iter
606 1827 879 1905 faceret,
953 1827 1181 1897 dedita
1245 1835 1449 1917 opera
1515 1831 1862 1910 constitit,
1927 1832 2560 1918 intentissimasque

62 1934 156 1999 pro
190 1932 613 2002 peccatorum
648 1916 917 2001 Trajani
958 1918 1359 1986 remissione
1404 1940 1638 2006 preces
1667 1918 1749 1986 ad
1788 1920 2178 1987 animarum
2216 1939 2555 1989 aniantem

59 2015 109 2066 et
145 2005 637 2073 misericordem
680 2007 1038 2072 Dominum
1078 2005 1274 2083 fudit,
1313 2008 1681 2091 statimque
1720 2029 1946 2076 vocem
2003 2009 2399 2096 hujusmodi
2451 2010 2554 2076 di·

69 2089 267 2159 vinitus
307 2095 643 2162 omissam
698 2094 985 2171 audivit,
1030 2100 1262 2163 Preces
1301 2105 1457 2165 tuas
1477 2096 1842 2174 (wandini,
1903 2119 1984 2165 ac
2039 2099 2322 2186 Trojano
2373 2100 2561 2187 iquo-

72 2185 263 2248 stu
286 2206 438 2251 vero
468 2184 760 2272 posthac
792 2194 1042 2262 naveta,
1073 2207 1155 2253 ne
1182 2186 1354 2253 mihi
1375 2208 1500 2274 pro
1534 2187 1760 2274 impiis
1792 2189 2088 2275 supplem
2111 2189 2203 2253 sis
2222 2185 2311 2250 ⁴⁴.
2335 2187 2563 2268 Quod—

75 2267 345 2348 quoistud
399 2293 648 2339 verum
710 2272 821 2340 sit.
874 2288 1079 2356 atque
1128 2272 1215 2340 ab
1263 2275 1449 2340 omni
1501 2273 1852 2341 calumnia
1904 2273 2208 2342 alienum
2242 2328 2259 2353 ‚
2322 2276 2563 2343 Oriens

75 2364 213 2423 totns
234 2368 419 2444 atque
470 2359 816 2429 Occidens
859 2371 1215 2429 testantur.
1261 2365 1354 2430 En
1412 2363 1537 2429 boc
1575 2364 2036 2450 praestantius
2082 2384 2161 2434 eo
2208 2375 2332 2444 est,
2379 2364 2558 2450 quod

69 2440 137 2510 tle
168 2446 510 2518 Falconilla
567 2449 876 2518 refertur.
934 2450 1057 2518 Illa
1107 2451 1289 2519 &nim
1347 2467 1612 2540 praeter
1665 2453 2003 2523 idolorum
2056 2452 2318 2522 cultum
2389 2455 2557 2521 nibil

67 2530 212 2628 aliud
255 2538 525 2606 sceleris
582 2555 1033 2627 perpetrarat:
1097 2540 1206 2607 hic
1259 2554 1494 2609 contra
1550 2540 1885 2628 plurimos
1937 2557 2271 2629 martyres
2318 2544 2563 2612 crude-

68 2617 281 2690 lissima
315 2645 529 2696 morte
563 2626 903 2696 affecerat.
961 2628 1292 2696 Mirabilis
1338 2650 1434 2705 es,
1495 2630 1797 2708 Domine,
1847 2644 1919 2699 et·
1965 2632 2302 2699 mirabilia
2357 2654 2559 2720 opera

70 2719 187 2807 tua:
224 2732 508 2784 aetnam
568 2717 758 2784 omni
809 2718 1149 2786 sermonis
1184 2717 1502 2785 facultate
1557 2719 2118 2809 praestantiorem
2177 2721 2562 2789 misericor-

70 2793 210 2866 diam
253 2801 577 2873 laudibus
611 2805 961 2874 vehimus:
999 2808 1326 2892 quoniam
1384 2829 1739 2892 nunquam
1781 2830 1912 2876 non
1951 2809 2033 2875 ad
2075 2809 2560 2897 benignitatem

80 2899 233 2981 {itque
256 2891 688 2961 clementiam
724 2916 981 2982 prunus
1014 2918 1109 2974 ες,
1154 2896 1425 2981 tuisque
1458 2897 1696 2971 servis,
1739 2909 1880 2965 tum
1931 2897 2257 2966 colendae
2292 2914 2566 2967 mutuae

83 2984 720 3060 tutersecharitatiS,
777 2995 917 3050 tum
975 2983 1213 3051 firmae
1258 3005 1416 3073 erga
1463 2997 1523 3053 te
1584 2984 1740 3052 fidei
1792 3008 1870 3054 ac
1920 2986 2090 3072 spei,
2136 2989 2562 3056 occasionem

78 3065 319 3151 praebes,
371 3095 498 3140 nec
554 3068 801 3139 frustra
855 3094 933 3139 ac
983 3086 1233 3141 temere
1285 3095 1402 3160 per
1441 3095 1671 3143 servos
1722 3087 1871 3143 tuos
1915 3074 1977 3142 id
2036 3098 2157 3144 nos
2205 3076 2562 3147 edocuisti.

74 3162 129 3216 ut
162 3172 367 3227 mutuo
414 3161 540 3230 alii
598 3182 719 3248 pro
767 3158 921 3228 aliis
984 3161 1316 3230 beneficia
1367 3175 1794 3250 praestemus
1825 3217 1839 3242 ‚
1901 3164 2457 3250 expiationesque
2506 3181 2569 3234 ct.

72 3236 432 3328 holocausta,
494 3250 934 3336 hymnosque
984 3251 1139 3318 item
1191 3263 1258 3318 et
1310 3251 1732 3339 psalmorum
1782 3268 2030 3319 cantus
2076 3268 2280 3338 atque
2319 3254 2566 3322 oratio-

71 3346 163 3396 nes
185 3334 516 3406 obeamus.
558 3342 657 3405 Tu
698 3338 879 3405 enim
917 3340 1004 3406 ab
1030 3360 1259 3409 errore
1297 3340 1484 3408 omni
1525 3341 1712 3419 abes,
1764 3341 2115 3426 distasque
2161 3342 2564 3429 plurimum,

67 3430 230 3514 atque
269 3425 346 3492 ad
387 3425 826 3516 largiendum
885 3442 1242 3515 promptus
1276 3450 1355 3498 ac
1393 3428 1714 3530 proclivis
1760 3451 1857 3507 θε,
1900 3431 2119 3516 iisque
2165 3431 2282 3516 qni
2338 3431 2401 3497 in
2438 3431 2570 3518 glo-

74 3523 207 3574 riam
239 3524 409 3582 tuam
440 3515 722 3602 quidvis
762 3515 1080 3585 offerunt.
1125 3519 1332 3584 vicem
1392 3518 1683 3587 infinitis
1737 3518 2047 3607 partibus
2084 3522 2407 3608 majorem
2470 3541 2570 3587 re-

76 3596 303 3674 pendis;
359 3626 479 3672 nec
542 3605 915 3690 quicquam
967 3606 1252 3675 omnino
1310 3628 1386 3675 ex
1437 3607 1568 3687 iis,
1613 3629 1790 3694 quae
1845 3608 2145 3677 notiiinis
2208 3608 2303 3677 tui
2364 3629 2568 3678 causa

72 3677 230 3760 fiunt,
267 3689 451 3778 fruge
500 3713 627 3760 sua
678 3707 743 3760 et
794 3692 1085 3761 utilitate
1115 3708 1322 3762 caret.

138 3772 170 3855 ξ
206 3779 278 3846 8.
324 3782 653 3861 Quocirca
691 3803 772 3849 ne
819 3783 979 3867 quis
1017 3783 1142 3850 hoc
1173 3783 1536 3860 existimet,
1574 3789 1835 3854 Fratres
1866 3807 1946 3854 ac
1986 3791 2238 3860 Patres,
2293 3807 2368 3854 ea
2396 3808 2572 3872 quae.

76 3859 180 3926 Deo
211 3886 351 3932 cum
407 3870 541 3938 fide
588 3870 999 3952 offeruntur,
1049 3892 1179 3940 non
1232 3895 1390 3941 cum
1447 3894 1698 3962 magno
1762 3873 2036 3943 foenore
2087 3873 2317 3942 reterri
2402 3881 2572 3957 Que-

75 3948 466 4025 madmodum
519 3959 703 4026 enim
756 3960 875 4045 qui
931 3974 1391 4048 unguentum,
1430 3977 1551 4029 aut
1584 3961 1774 4030 aliud
1825 3964 2050 4031 oleum
2089 3979 2402 4032 sanctum
2460 3987 2572 4032 ae-

77 4053 232 4135 groto
273 4045 626 4115 admovere
673 4049 888 4137 cupit,
938 4050 1239 4137 primum
1296 4051 1583 4133 ungitur
1632 4051 1799 4138 ipse,
1838 4069 2042 4136 atque
2079 4053 2167 4119 ita
2215 4069 2569 4141 aegrotum

76 4124 281 4198 deinde
326 4136 563 4225 ungit:
617 4135 718 4205 sic
750 4137 1070 4224 quisquis
1108 4161 1229 4226 pro
1277 4137 1500 4208 salute
1553 4141 1843 4229 proximi
1911 4140 2210 4221 laborat,
2272 4143 2571 4230 primum

118 4268 139 4290 ⁸
158 4269 334 4319 actitent,
363 4277 645 4327 malvam-nm
672 4281 848 4323 ‘Aue-ror.
879 4282 976 4323 Hoc
1005 4282 1131 4329 opud
1161 4281 1362 4322 Graecos
1392 4293 1652 4332 cognomen
1687 4284 1732 4324 8,
1771 4282 2028 4333 Grngoriun
2062 4285 2259 4330 Magnus
2280 4284 2501 4327 obtinuit.
2522 4293 2575 4323 ex

77 4323 189 4366 {1¹⁰2
215 4329 329 4368 chart
344 4341 381 4371 ιι
400 4334 609 4380 „murex
630 4333 734 4380 rjus
755 4336 967 4384 dialogos
988 4337 1031 4375 tn
1055 4346 1276 4385 graecum
1302 4346 1570 4378 nat-monem
1593 4339 1856 4378 trun-tutat.

118 4373 157 4398 ““
180 4378 286 4420 Haeo
311 4393 423 4432 qum
450 4388 508 4424 de
536 4388 744 4435 'rt-ajano
773 4392 820 4431 ct
847 4389 889 4432 S.
928 4390 1159 4441 aragone
1181 4391 1238 4429 Μ.
1257 4392 1524 4436 traduntur,
1547 4393 1670 4430 tuter
1691 4389 2013 4433 commentitia
2035 4394 2084 4430 ot
2103 4392 2321 4432 sabulos·
2343 4399 2446 4431 enat·
2473 4389 2577 4439 τομ-

84 4425 223 4477 dendo.
243 4444 362 4478 nemo
381 4450 579 4488 proteus
597 4441 799 4491 ignom.

2699 4489 2786 4544 s
