2993 4837
172 286 304 354 lov.
355 292 385 355 1
1058 315 1257 363 sitium
1306 315 1383 361 ns
1427 314 1705 362 oiimsns
1753 313 2011 362 SANCTIS
2632 297 2712 362 ⁴3

230 394 387 494 {S-
453 400 729 468 Nunc
791 400 1056 490 igitur,
1106 422 1147 468 o
1192 399 1574 468 beatissimi
1623 398 1789 480 Viri,
1845 420 1884 468 o
1930 398 2417 489 gloriosissimi
2473 404 2802 488 Martyres

178 485 296 564 Dei,
338 505 465 553 me,
520 487 946 558 miserum
998 489 1237 557 vestris
1273 489 1511 577 Juvate
1558 487 1914 578 precibus,
1970 501 2045 556 ut
2099 488 2168 557 in
2210 487 2331 557 illa
2379 487 2548 556 hora
2597 488 2804 558 mise-

191 572 562 644 ricordiam
626 598 1089 664 consequar,
1139 575 1420 664 quando
1467 576 1829 645 manifesta
1855 588 2058 646 erunt
2094 576 2364 647 occulta
2405 576 2796 646 hominum.

204 667 277 734 ut
310 665 687 754 pincerna
743 664 1038 735 inutilis
1084 687 1165 735 ac
1212 665 1409 735 rudis
1455 665 1649 734 vohis
1706 665 1988 734 effectus
2033 687 2189 735 sum
2225 720 2240 747 ,
2292 686 2333 734 o
2381 664 2804 736 sanctissimi

218 757 562 844 lai-tyres.
624 758 739 823 De
808 754 982 823 vino
1031 754 1229 825 vestri
1290 754 1688 824 certaminis
1735 753 2030 843 inclyti,
2095 753 2262 823 filiis
2325 775 2406 823 ac
2469 752 2804 825 fratribus

236 842 377 914 fidei
402 855 698 915 vestrae
748 843 1094 933 poculum
1145 842 1422 913 tradidi.
1478 847 1567 913 De
1615 841 1966 933 praeclara
2013 864 2255 912 mensa
2300 854 2562 912 vestrae
2592 843 2803 913 victo-

251 934 394 1015 riae,
427 932 854 1023 omnigenis
886 931 1221 1001 instructa
1252 931 1505 1022 epulis,
1550 944 1777 1021 patres
1814 953 1894 1001 ac
1926 930 2193 1012 fratreS‚
2232 931 2802 1022 propinquosque

251 1035 491 1092 vestros
523 1074 541 1101 ,
607 1020 939 1108 quotidie
994 1041 1304 1090 mensam
1344 1032 1638 1089 vestram
1694 1019 2068 1102 adeunteS,
2121 1032 2259 1091 toto
2297 1020 2515 1090 animi
2553 1021 2803 1090 affectu

254 1130 551 1181 recreare
598 1109 962 1180 contendi.
1013 1113 1178 1179 Nam
1227 1130 1386 1178 ecce
1420 1107 1751 1198 psallunt,
1804 1113 2159 1197 Deumque
2190 1129 2348 1179 cum
2390 1109 2807 1178 exultatione

255 1199 643 1288 glorificant
676 1253 695 1278 ‚
748 1198 871 1285 qui
921 1198 1195 1267 virtutis
1258 1209 1521 1266 vestrae
1577 1197 2043 1266 sacratissima
2102 1199 2333 1288 capita
2396 1196 2806 1268 coelestibus

255 1288 522 1358 coronis
567 1286 961 1368 bonoravit,
999 1305 1412 1373 summoque
1441 1307 1601 1356 cum
1635 1284 1890 1377 gaudio
1914 1285 2368 1359 circumstant
2405 1286 2807 1364 certaminis
2869 1299 2877 1307 ·

255 1377 453 1445 vestri
500 1373 835 1462 reliquias
868 1429 884 1456 ,
947 1374 1262 1445 benedici
1326 1375 1682 1466 cupientes
1711 1428 1733 1455 ,
1807 1396 1887 1444 ac
1953 1396 2189 1445 secum
2254 1375 2504 1444 referre
2565 1387 2807 1445 sancta

254 1464 525 1533 animae
569 1463 1026 1554 corporisque
1087 1462 1409 1532 remedia.
1481 1466 1732 1533 Omnes
1789 1485 1954 1554 ergo
2014 1463 2394 1534 benedicite
2424 1519 2439 1547 ‚
2490 1475 2570 1533 ut
2638 1463 2804 1533 boni

254 1552 423 1622 disci
478 1551 583 1623 uli
628 1551 1120 1642 benignissimi
1168 1552 1438 1623 Domini
1471 1552 1950 1644 et‚Salvatoris
2000 1553 2239 1623 nostri.
2292 1558 2430 1642 Ego
2463 1553 2624 1621 item
2668 1553 2802 1621 irn-

260 1640 434 1711 becil
469 1641 571 1722 is,
630 1653 919 1731 accepto
976 1640 1216 1710 vestris
1266 1640 1528 1710 meritis
1575 1663 1654 1710 ac
1702 1641 2026 1741 precibus
2073 1641 2355 1723 robore,
2406 1641 2627 1712 cecini
2674 1653 2813 1711 tota

258 1730 611 1801 devotione
656 1730 886 1799 animi
937 1741 1096 1798 ante
1140 1741 1414 1799 sanctas
1473 1729 1800 1816 reliquias
1847 1741 2105 1800 vestras
2153 1730 2493 1819 hymnum
2545 1743 2810 1800 vestrae

256 1818 481 1888 laudis
526 1832 591 1887 et
634 1818 933 1909 gloriae.
986 1823 1113 1887 Pro
1162 1838 1271 1887 me
1309 1819 1520 1908 igitur
1565 1819 1818 1888 misero
1865 1830 2023 1888 aute
2057 1819 2379 1888 thronum
2432 1819 2809 1909 majestatis

262 1907 574 1987 assistite,
607 1921 684 1977 ut
733 1905 992 1976 vestris
1026 1905 1350 1997 precibus
1396 1907 1645 1977 salvari
1681 1927 1969 1988 merear,
2022 1928 2103 1976 ac
2138 1908 2490 1979 vobiscum
2527 1921 2804 1978 aeterna

259 1995 667 2066 beatitudine
714 1994 1049 2087 perfrui,
1117 1995 1337 2085 gratia
1395 2008 1461 2065 et
1525 1995 2001 2067 misericordia
2053 1996 2322 2064 Domini
2372 1997 2586 2065 nostri
2642 2002 2811 2066 ,Iesu

261 2083 504 2167 Christi,
536 2086 652 2156 cui
684 2098 802 2155 est
831 2106 1003 2154 cum
1037 2090 1231 2154 Patre
1274 2096 1341 2154 et
1368 2085 1628 2175 Spiritu
1666 2089 1912 2153 Sancto
1959 2083 2183 2155 honor
2226 2097 2295 2154 et
2339 2084 2558 2173 gloria
2597 2084 2668 2153 in
2706 2106 2811 2156 se-

265 2173 399 2244 cula
429 2175 876 2256 seculorum,
934 2177 1169 2243 Amen.
2609 2210 2623 2229 ,

942 2491 1254 2571 ΒΕΑΤΙ
1315 2491 1634 2573 PETRI
1695 2492 2144 2573 DAMIANI

498 2736 848 2840 SERMO
924 2734 1034 2835 IN
1098 2733 1408 2836 FESTO
1478 2731 1884 2836 OMNIUM
1948 2730 2566 2836 SANCTORUM

356 2975 398 3050 ἓ
437 2974 506 3043 1.
551 2972 784 3042 Hodie
834 2970 988 3042 dies
1049 2972 1353 3043 serenior
1397 2971 1631 3042 arrisit
1676 2969 1877 3040 nobis
1910 3025 1927 3051 ‚
1991 2979 2058 3038 et
2104 2968 2204 3040 sol
2254 2971 2455 3042 solito
2520 2969 2815 3040 lucidior

265 3057 458 3127 terris
497 3058 756 3130 illuxit,
814 3065 963 3130 Non
1020 3061 1205 3130 enim
1254 3082 1484 3143 unus,
1538 3060 1656 3130 sed
1719 3059 2022 3129 universi
2091 3061 2320 3130 Sancti
2381 3059 2815 3131 sanctificant

257 3165 433 3228 eam,
481 3162 548 3217 et
592 3148 1100 3241 splendoribus
1148 3149 1485 3219 irradiant
1532 3148 1922 3219 luminosis.
1979 3149 2386 3238 Spectabilis
2426 3148 2547 3217 illa
2595 3147 2814 3217 coelo-

258 3255 417 3303 rum
463 3237 903 3318 solemnitas,
956 3259 1133 3324 quae
1185 3259 1323 3307 non
1372 3237 1671 3317 annuis,
1727 3236 1845 3306 sed
1892 3238 2244 3308 continuis
2291 3237 2568 3327 gaudiis
2601 3235 2818 3305 incla-

258 3324 506 3406 resciu
557 3325 682 3395 ubi
731 3326 971 3396 lumen
1039 3326 1307 3412 videtur
1351 3326 1423 3394 in
1475 3324 1740 3396 lumine
1772 3380 1787 3406 ‚
1854 3337 1922 3395 et
1968 3326 2192 3416 ipsius
2237 3326 2588 3396 Trinitatis
2647 3324 2817 3393 sub-

260 3412 520 3482 stantia
565 3414 787 3484 beatis
833 3414 1080 3496 oculis,
1134 3414 1336 3485 oculo
1383 3414 1471 3484 ad
1519 3412 1798 3484 oculum
1838 3414 2168 3515 aperitur.
2222 3414 2327 3484 Ibi
2374 3413 2816 3504 cognoscitur

263 3499 664 3589 Gignentis‚
716 3503 1081 3590 Genitique
1111 3558 1126 3584 ‚
1178 3517 1244 3574 et
1287 3502 1723 3574 Procedentis
1771 3515 1944 3573 ratio
1992 3502 2435 3604 sempiterna,
2479 3522 2657 3589 quae
2706 3500 2817 3572 hic

264 3588 460 3688 credi
506 3603 749 3679 potest,
798 3592 1296 3682 comprehendi
1342 3614 1477 3662 non
1529 3602 1772 3683 potest.
1819 3590 1970 3661 Illic
2003 3596 2264 3683 Regina
2296 3591 2643 3682 virginum
2686 3589 2819 3660 vir-

268 3679 559 3764 ginibus
603 3680 993 3752 innumeris
1039 3681 1385 3764 comitata,
1441 3682 1835 3752 mansiones
1887 3680 2323 3771 perambulat
2369 3677 2812 3770 Angelorum,

270 3776 344 3831 et
378 3767 698 3856 utrisque
744 3770 1012 3840 naturis
1061 3770 1350 3861 gloriam
1400 3770 1553 3860 ejus
1599 3769 2110 3841 admirantibus
2148 3768 2359 3839 dicit:
2413 3790 2450 3836 «
2487 3767 2659 3851 Quid
2710 3789 2819 3838 me

276 3849 773 3928 admiramini?
821 3859 1139 3929 Divinum
1192 3870 1295 3928 est
1341 3859 1744 3949 mysterium
1795 3856 2200 3960 hoc,·quod
2248 3857 2575 3928 cernitis:
2641 3856 2818 3926 divi·
2927 3883 2940 3898 ·

278 3958 458 4010 num
501 3945 818 4034 profect0,
876 3969 1013 4017 non
1064 3947 1477 4029 humanum,
1534 3969 1657 4018 nec
1707 3947 2035 4017 humanis
2073 3966 2383 4033 unquam
2436 3945 2819 4015 rationibus

284 4034 878 4128 comprehensum.
912 4059 950 4103 »
1000 4036 1105 4106 Ibi
1137 4057 1552 4130 numerosus
1582 4035 1995 4126 Angelorum
2027 4033 2368 4105 exercitus
2395 4034 2682 4106 sacratis
2714 4033 2822 4102 di-

292 4122 683 4206 visionibus,
735 4126 1257 4216 insplendescit,
1312 4138 1378 4195 et
1425 4125 1808 4195 volitatorio
1847 4124 2224 4194 delectatus
2269 4123 2621 4211 obsequio.
2677 4142 2819 4191 non

298 4202 495 4308 velat,
522 4212 629 4282 sed
665 4214 920 4284 revelat
951 4214 1224 4285 Domini
1274 4214 1727 4304 majestatem.
1779 4212 1929 4282 Illic
1976 4211 2530 4283 Patriarcharum
2579 4209 2822 4281 electio

303 4299 660 4383 primitiva,
717 4303 1090 4374 reverenda
1150 4304 1440 4374 societas
1493 4302 2029 4393 Prophetarum,
2078 4299 2420 4391 gloriosus
2473 4297 2823 4392 Apostolo-

308 4400 453 4451 rum
495 4390 760 4478 choruS‚
809 4414 1162 4485 purpurea
1213 4397 1588 4483 Martyrum
1644 4389 2037 4471 multitud0,
2089 4389 2527 4481 congregatio
2575 4386 2817 4505 θοῷ»
