<?xml version="1.0" encoding="UTF-8"?>
<!DOCTYPE html PUBLIC "-//W3C//DTD XHTML 1.0 Transitional//EN"
    "http://www.w3.org/TR/xhtml1/DTD/xhtml1-transitional.dtd">
<html xmlns="http://www.w3.org/1999/xhtml" xml:lang="en" lang="en">
 <head>
  <title>
</title>
<meta http-equiv="Content-Type" content="text/html;charset=utf-8" />
  <meta name='ocr-system' content='tesseract 3.04.00' />
  <meta name='ocr-capabilities' content='ocr_page ocr_carea ocr_par ocr_line ocrx_word'/>
</head>
<body>
  <div class='ocr_page' id='page_1' title='image "./historiaeseuvit05lippgoog_0364.png"; bbox 0 0 2993 4837; ppageno 0'>
   <div class='ocr_carea' id='block_1_1' title="bbox 484 281 2893 348">
    <p class='ocr_par' dir='ltr' id='par_1_1' title="bbox 484 281 2893 348">
     <span class='ocr_line' id='line_1_1' title="bbox 484 281 2893 348; baseline 0 0"><span class='ocrx_word' id='word_1_1' title='bbox 484 283 612 348; x_wconf 72' lang='lat'>328</span> <span class='ocrx_word' id='word_1_2' title='bbox 972 299 1048 344; x_wconf 81' lang='lat' dir='ltr'>DE</span> <span class='ocrx_word' id='word_1_3' title='bbox 1097 298 1152 345; x_wconf 91' lang='lat' dir='ltr'>s.</span> <span class='ocrx_word' id='word_1_4' title='bbox 1206 297 1607 344; x_wconf 64' lang='lat' dir='ltr'>mannam-o</span> <span class='ocrx_word' id='word_1_5' title='bbox 1656 294 1948 345; x_wconf 63' lang='lat' dir='ltr'>ancum.</span> <span class='ocrx_word' id='word_1_6' title='bbox 2002 297 2374 346; x_wconf 73' lang='lat' dir='ltr'>coLomENst</span> <span class='ocrx_word' id='word_1_7' title='bbox 2655 281 2819 347; x_wconf 75' lang='lat' dir='ltr'>Nov.</span> <span class='ocrx_word' id='word_1_8' title='bbox 2861 285 2893 348; x_wconf 79' lang='lat'>7</span> 
     </span>
    </p>
   </div>
   <div class='ocr_carea' id='block_1_2' title="bbox 300 381 2964 4290">
    <p class='ocr_par' dir='ltr' id='par_1_2' title="bbox 392 381 2964 2692">
     <span class='ocr_line' id='line_1_2' title="bbox 396 381 2896 463; baseline -0 -9"><span class='ocrx_word' id='word_1_9' title='bbox 396 390 630 455; x_wconf 82' lang='lat' dir='ltr'>Postea</span> <span class='ocrx_word' id='word_1_10' title='bbox 676 383 1097 453; x_wconf 73' lang='lat' dir='ltr'>conscientia</span> <span class='ocrx_word' id='word_1_11' title='bbox 1131 386 1462 463; x_wconf 77' lang='lat' dir='ltr'>serenata,</span> <span class='ocrx_word' id='word_1_12' title='bbox 1518 383 1936 452; x_wconf 77' lang='lat' dir='ltr'>confidenter</span> <span class='ocrx_word' id='word_1_13' title='bbox 1974 383 2104 451; x_wconf 89' lang='lat' dir='ltr'>ait:</span> <span class='ocrx_word' id='word_1_14' title='bbox 2159 406 2195 448; x_wconf 67' lang='grc' dir='ltr'>(ι</span> <span class='ocrx_word' id='word_1_15' title='bbox 2233 381 2427 450; x_wconf 83' lang='lat' dir='ltr'>Modo</span> <span class='ocrx_word' id='word_1_16' title='bbox 2462 382 2760 452; x_wconf 89' lang='lat' dir='ltr'>voluntas</span> <span class='ocrx_word' id='word_1_17' title='bbox 2806 388 2896 453; x_wconf 83' lang='lat' dir='ltr'>Dei</span> 
     </span>
     <span class='ocr_line' id='line_1_3' title="bbox 394 470 2902 561; baseline -0.001 -19"><span class='ocrx_word' id='word_1_18' title='bbox 394 474 477 543; x_wconf 88' lang='lat' dir='ltr'>de</span> <span class='ocrx_word' id='word_1_19' title='bbox 528 494 634 542; x_wconf 91' lang='lat' dir='ltr'>me</span> <span class='ocrx_word' id='word_1_20' title='bbox 674 472 812 540; x_wconf 81' lang='lat' dir='ltr'>fiat.</span> <span class='ocrx_word' id='word_1_21' title='bbox 852 495 887 538; x_wconf 83' lang='lat'>»</span> <span class='ocrx_word' id='word_1_22' title='bbox 939 471 1218 540; x_wconf 80' lang='lat' dir='ltr'><strong>Interim</strong></span> <span class='ocrx_word' id='word_1_23' title='bbox 1273 470 1682 559; x_wconf 77' lang='lat' dir='ltr'><strong>pulsabatur</strong></span> <span class='ocrx_word' id='word_1_24' title='bbox 1726 470 1812 540; x_wconf 91' lang='lat' dir='ltr'>ad</span> <span class='ocrx_word' id='word_1_25' title='bbox 1863 472 2114 541; x_wconf 90' lang='lat' dir='ltr'>ostium</span> <span class='ocrx_word' id='word_1_26' title='bbox 2167 471 2424 548; x_wconf 88' lang='lat' dir='ltr'>sacelli,</span> <span class='ocrx_word' id='word_1_27' title='bbox 2466 472 2578 539; x_wconf 86' lang='lat' dir='ltr'>sed</span> <span class='ocrx_word' id='word_1_28' title='bbox 2619 493 2746 540; x_wconf 89' lang='lat' dir='ltr'>non</span> <span class='ocrx_word' id='word_1_29' title='bbox 2778 495 2902 561; x_wconf 87' lang='lat' dir='ltr'>per-</span> 
     </span>
     <span class='ocr_line' id='line_1_4' title="bbox 397 559 2902 660; baseline -0 -29"><span class='ocrx_word' id='word_1_30' title='bbox 397 561 582 631; x_wconf 80' lang='lat' dir='ltr'>misit</span> <span class='ocrx_word' id='word_1_31' title='bbox 628 584 663 631; x_wconf 93' lang='lat' dir='ltr'>a</span> <span class='ocrx_word' id='word_1_32' title='bbox 720 561 880 630; x_wconf 90' lang='lat' dir='ltr'>eriri</span> <span class='ocrx_word' id='word_1_33' title='bbox 928 559 1255 629; x_wconf 90' lang='lat' dir='ltr'>dominus</span> <span class='ocrx_word' id='word_1_34' title='bbox 1296 559 1888 660; x_wconf 78' lang='lat' dir='ltr'>ArcbiepiscopuS‚</span> <span class='ocrx_word' id='word_1_35' title='bbox 1925 582 2004 629; x_wconf 92' lang='lat' dir='ltr'>eo</span> <span class='ocrx_word' id='word_1_36' title='bbox 2036 560 2217 647; x_wconf 92' lang='lat' dir='ltr'>quod</span> <span class='ocrx_word' id='word_1_37' title='bbox 2276 560 2551 629; x_wconf 89' lang='lat' dir='ltr'>baberet</span> <span class='ocrx_word' id='word_1_38' title='bbox 2582 560 2809 630; x_wconf 88' lang='lat' dir='ltr'>oculos</span> <span class='ocrx_word' id='word_1_39' title='bbox 2838 584 2902 630; x_wconf 82' lang='lat' dir='ltr'>ex</span> 
     </span>
     <span class='ocr_line' id='line_1_5' title="bbox 396 647 2902 749; baseline -0 -30"><span class='ocrx_word' id='word_1_40' title='bbox 396 652 559 720; x_wconf 88' lang='lat' dir='ltr'>ssetu</span> <span class='ocrx_word' id='word_1_41' title='bbox 607 673 643 719; x_wconf 90' lang='lat' dir='ltr'>a</span> <span class='ocrx_word' id='word_1_42' title='bbox 699 650 834 718; x_wconf 86' lang='lat' dir='ltr'>huc</span> <span class='ocrx_word' id='word_1_43' title='bbox 899 647 1200 717; x_wconf 90' lang='lat' dir='ltr'>tumidos</span> <span class='ocrx_word' id='word_1_44' title='bbox 1246 663 1312 717; x_wconf 88' lang='lat' dir='ltr'>et</span> <span class='ocrx_word' id='word_1_45' title='bbox 1361 648 1705 717; x_wconf 77' lang='lat' dir='ltr'>humidos.</span> <span class='ocrx_word' id='word_1_46' title='bbox 1777 653 2083 736; x_wconf 86' lang='lat' dir='ltr'>Cumque</span> <span class='ocrx_word' id='word_1_47' title='bbox 2145 648 2485 737; x_wconf 89' lang='lat' dir='ltr'>pulsando</span> <span class='ocrx_word' id='word_1_48' title='bbox 2552 671 2902 749; x_wconf 84' lang='lat' dir='ltr'>persevera-</span> 
     </span>
     <span class='ocr_line' id='line_1_6' title="bbox 394 737 2899 827; baseline -0.001 -18"><span class='ocrx_word' id='word_1_49' title='bbox 394 754 564 821; x_wconf 90' lang='lat' dir='ltr'>rent,</span> <span class='ocrx_word' id='word_1_50' title='bbox 603 739 1043 824; x_wconf 82' lang='lat' dir='ltr'>dicerentque</span> <span class='ocrx_word' id='word_1_51' title='bbox 1078 737 1676 806; x_wconf 86' lang='lat' dir='ltr'>Monasteriensem</span> <span class='ocrx_word' id='word_1_52' title='bbox 1705 750 1770 806; x_wconf 93' lang='lat' dir='ltr'>et</span> <span class='ocrx_word' id='word_1_53' title='bbox 1808 737 2409 827; x_wconf 83' lang='lat' dir='ltr'>osnaburgensem</span> <span class='ocrx_word' id='word_1_54' title='bbox 2447 743 2807 827; x_wconf 79' lang='lat' dir='ltr'>Episcopus</span> <span class='ocrx_word' id='word_1_55' title='bbox 2835 739 2899 807; x_wconf 82' lang='lat' dir='ltr'>ad</span> 
     </span>
     <span class='ocr_line' id='line_1_7' title="bbox 394 825 2904 915; baseline -0.001 -18"><span class='ocrx_word' id='word_1_56' title='bbox 394 830 641 897; x_wconf 86' lang='lat' dir='ltr'>ostium</span> <span class='ocrx_word' id='word_1_57' title='bbox 682 840 881 903; x_wconf 90' lang='lat' dir='ltr'>stare,</span> <span class='ocrx_word' id='word_1_58' title='bbox 940 837 1297 914; x_wconf 74' lang='lat' dir='ltr'>postquam</span> <span class='ocrx_word' id='word_1_59' title='bbox 1331 825 1568 895; x_wconf 91' lang='lat' dir='ltr'>oculos</span> <span class='ocrx_word' id='word_1_60' title='bbox 1601 827 1874 895; x_wconf 82' lang='lat' dir='ltr'>extersit</span> <span class='ocrx_word' id='word_1_61' title='bbox 1905 840 1969 896; x_wconf 91' lang='lat' dir='ltr'>et</span> <span class='ocrx_word' id='word_1_62' title='bbox 2000 826 2241 895; x_wconf 87' lang='lat' dir='ltr'>faciem</span> <span class='ocrx_word' id='word_1_63' title='bbox 2287 827 2588 907; x_wconf 82' lang='lat' dir='ltr'>siccavit,</span> <span class='ocrx_word' id='word_1_64' title='bbox 2630 828 2904 915; x_wconf 80' lang='lat' dir='ltr'>permisit</span> 
     </span>
     <span class='ocr_line' id='line_1_8' title="bbox 392 914 2903 1004; baseline -0.001 -19"><span class='ocrx_word' id='word_1_65' title='bbox 392 938 507 986; x_wconf 86' lang='lat' dir='ltr'>eos</span> <span class='ocrx_word' id='word_1_66' title='bbox 558 914 963 989; x_wconf 84' lang='lat' dir='ltr'>intromitti:</span> <span class='ocrx_word' id='word_1_67' title='bbox 1017 915 1273 1002; x_wconf 91' lang='lat' dir='ltr'>quibus</span> <span class='ocrx_word' id='word_1_68' title='bbox 1319 927 1386 983; x_wconf 92' lang='lat' dir='ltr'>et</span> <span class='ocrx_word' id='word_1_69' title='bbox 1430 915 1570 984; x_wconf 86' lang='lat' dir='ltr'>ait:</span> <span class='ocrx_word' id='word_1_70' title='bbox 1611 938 1647 980; x_wconf 89' lang='lat'>«</span> <span class='ocrx_word' id='word_1_71' title='bbox 1693 919 1842 994; x_wconf 88' lang='lat' dir='ltr'>Vos,</span> <span class='ocrx_word' id='word_1_72' title='bbox 1879 915 2169 996; x_wconf 91' lang='lat' dir='ltr'>domini,</span> <span class='ocrx_word' id='word_1_73' title='bbox 2209 915 2413 983; x_wconf 88' lang='lat' dir='ltr'>ambo</span> <span class='ocrx_word' id='word_1_74' title='bbox 2470 914 2739 1004; x_wconf 82' lang='lat' dir='ltr'>cognati</span> <span class='ocrx_word' id='word_1_75' title='bbox 2798 917 2903 983; x_wconf 84' lang='lat' dir='ltr'>mei</span> 
     </span>
     <span class='ocr_line' id='line_1_9' title="bbox 393 1002 2903 1095; baseline -0.002 -20"><span class='ocrx_word' id='word_1_76' title='bbox 393 1006 597 1075; x_wconf 85' lang='lat' dir='ltr'>estis:</span> <span class='ocrx_word' id='word_1_77' title='bbox 650 1025 797 1095; x_wconf 89' lang='lat' dir='ltr'>eg0‚</span> <span class='ocrx_word' id='word_1_78' title='bbox 852 1002 1031 1073; x_wconf 89' lang='lat' dir='ltr'>sicut</span> <span class='ocrx_word' id='word_1_79' title='bbox 1062 1004 1318 1092; x_wconf 90' lang='lat' dir='ltr'>optime</span> <span class='ocrx_word' id='word_1_80' title='bbox 1368 1004 1606 1083; x_wconf 91' lang='lat' dir='ltr'>nostis,</span> <span class='ocrx_word' id='word_1_81' title='bbox 1663 1004 1729 1072; x_wconf 92' lang='lat' dir='ltr'>in</span> <span class='ocrx_word' id='word_1_82' title='bbox 1776 1003 1967 1073; x_wconf 91' lang='lat' dir='ltr'>nullo</span> <span class='ocrx_word' id='word_1_83' title='bbox 2004 1026 2119 1073; x_wconf 89' lang='lat' dir='ltr'>vos</span> <span class='ocrx_word' id='word_1_84' title='bbox 2169 1003 2376 1082; x_wconf 89' lang='lat' dir='ltr'>laesi,</span> <span class='ocrx_word' id='word_1_85' title='bbox 2432 1003 2545 1072; x_wconf 90' lang='lat' dir='ltr'>sed</span> <span class='ocrx_word' id='word_1_86' title='bbox 2598 1016 2903 1090; x_wconf 87' lang='lat' dir='ltr'>quantum</span> 
     </span>
     <span class='ocr_line' id='line_1_10' title="bbox 396 1091 2902 1184; baseline -0.002 -22"><span class='ocrx_word' id='word_1_87' title='bbox 396 1094 634 1184; x_wconf 88' lang='lat' dir='ltr'>potui,</span> <span class='ocrx_word' id='word_1_88' title='bbox 690 1114 961 1180; x_wconf 82' lang='lat' dir='ltr'>semper</span> <span class='ocrx_word' id='word_1_89' title='bbox 1013 1092 1340 1181; x_wconf 85' lang='lat' dir='ltr'>promovi.</span> <span class='ocrx_word' id='word_1_90' title='bbox 1408 1096 1484 1160; x_wconf 89' lang='lat' dir='ltr'>Et</span> <span class='ocrx_word' id='word_1_91' title='bbox 1530 1113 1686 1161; x_wconf 90' lang='lat' dir='ltr'>ecce</span> <span class='ocrx_word' id='word_1_92' title='bbox 1732 1115 1771 1161; x_wconf 90' lang='lat' dir='ltr'>a</span> <span class='ocrx_word' id='word_1_93' title='bbox 1819 1092 2108 1163; x_wconf 87' lang='lat' dir='ltr'>diversis</span> <span class='ocrx_word' id='word_1_94' title='bbox 2139 1147 2158 1171; x_wconf 87' lang='lat'>,</span> <span class='ocrx_word' id='word_1_95' title='bbox 2218 1107 2352 1162; x_wconf 88' lang='lat' dir='ltr'>tam</span> <span class='ocrx_word' id='word_1_96' title='bbox 2425 1091 2666 1162; x_wconf 89' lang='lat' dir='ltr'>litteris</span> <span class='ocrx_word' id='word_1_97' title='bbox 2725 1112 2902 1179; x_wconf 71' lang='lat' dir='ltr'>quain</span> 
     </span>
     <span class='ocr_line' id='line_1_11' title="bbox 399 1180 2902 1259; baseline 0.001 -11"><span class='ocrx_word' id='word_1_98' title='bbox 399 1184 665 1259; x_wconf 84' lang='lat' dir='ltr'>verbis,</span> <span class='ocrx_word' id='word_1_99' title='bbox 727 1181 1074 1250; x_wconf 89' lang='lat' dir='ltr'>indicatur</span> <span class='ocrx_word' id='word_1_100' title='bbox 1122 1180 1290 1249; x_wconf 90' lang='lat' dir='ltr'>mihi</span> <span class='ocrx_word' id='word_1_101' title='bbox 1328 1235 1343 1257; x_wconf 91' lang='lat'>‚</span> <span class='ocrx_word' id='word_1_102' title='bbox 1397 1182 1721 1250; x_wconf 86' lang='lat' dir='ltr'>Comitem</span> <span class='ocrx_word' id='word_1_103' title='bbox 1782 1181 2202 1251; x_wconf 81' lang='lat' dir='ltr'>Fridericum</span> <span class='ocrx_word' id='word_1_104' title='bbox 2253 1180 2529 1249; x_wconf 87' lang='lat' dir='ltr'>fratrem</span> <span class='ocrx_word' id='word_1_105' title='bbox 2586 1194 2902 1251; x_wconf 82' lang='lat' dir='ltr'>vestrum.</span> 
     </span>
     <span class='ocr_line' id='line_1_12' title="bbox 394 1268 2964 1358; baseline -0.002 -18"><span class='ocrx_word' id='word_1_106' title='bbox 394 1293 594 1358; x_wconf 91' lang='lat' dir='ltr'>quem</span> <span class='ocrx_word' id='word_1_107' title='bbox 647 1293 725 1339; x_wconf 89' lang='lat' dir='ltr'>ex</span> <span class='ocrx_word' id='word_1_108' title='bbox 773 1270 1004 1339; x_wconf 90' lang='lat' dir='ltr'>animo</span> <span class='ocrx_word' id='word_1_109' title='bbox 1052 1268 1303 1348; x_wconf 84' lang='lat' dir='ltr'>dilexi,</span> <span class='ocrx_word' id='word_1_110' title='bbox 1356 1282 1421 1338; x_wconf 91' lang='lat' dir='ltr'>et</span> <span class='ocrx_word' id='word_1_111' title='bbox 1466 1270 1580 1338; x_wconf 89' lang='lat' dir='ltr'>cui</span> <span class='ocrx_word' id='word_1_112' title='bbox 1633 1291 1765 1339; x_wconf 91' lang='lat' dir='ltr'>non</span> <span class='ocrx_word' id='word_1_113' title='bbox 1820 1271 2071 1349; x_wconf 89' lang='lat' dir='ltr'>nocui,</span> <span class='ocrx_word' id='word_1_114' title='bbox 2131 1269 2390 1338; x_wconf 90' lang='lat' dir='ltr'>malum</span> <span class='ocrx_word' id='word_1_115' title='bbox 2454 1269 2618 1338; x_wconf 83' lang='lat' dir='ltr'>mihi</span> <span class='ocrx_word' id='word_1_116' title='bbox 2676 1270 2908 1338; x_wconf 85' lang='lat' dir='ltr'>machi·</span> <span class='ocrx_word' id='word_1_117' title='bbox 2961 1274 2964 1323; x_wconf 70' lang='lat' dir='ltr'>l</span> 
     </span>
     <span class='ocr_line' id='line_1_13' title="bbox 398 1357 2909 1447; baseline -0.001 -19"><span class='ocrx_word' id='word_1_118' title='bbox 398 1361 569 1441; x_wconf 92' lang='lat' dir='ltr'>nari,</span> <span class='ocrx_word' id='word_1_119' title='bbox 628 1380 732 1427; x_wconf 89' lang='lat' dir='ltr'>me</span> <span class='ocrx_word' id='word_1_120' title='bbox 784 1381 869 1428; x_wconf 89' lang='lat' dir='ltr'>ue</span> <span class='ocrx_word' id='word_1_121' title='bbox 918 1358 1086 1427; x_wconf 91' lang='lat' dir='ltr'>velle</span> <span class='ocrx_word' id='word_1_122' title='bbox 1134 1357 1536 1428; x_wconf 88' lang='lat' dir='ltr'>occidere.»</span> <span class='ocrx_word' id='word_1_123' title='bbox 1587 1363 1661 1428; x_wconf 78' lang='lat' dir='ltr'>At</span> <span class='ocrx_word' id='word_1_124' title='bbox 1708 1358 1807 1427; x_wconf 90' lang='lat' dir='ltr'>illi</span> <span class='ocrx_word' id='word_1_125' title='bbox 1859 1359 2289 1437; x_wconf 71' lang='lat' dir='ltr'>simulantes,</span> <span class='ocrx_word' id='word_1_126' title='bbox 2342 1358 2522 1444; x_wconf 84' lang='lat' dir='ltr'>quod</span> <span class='ocrx_word' id='word_1_127' title='bbox 2568 1360 2630 1426; x_wconf 90' lang='lat' dir='ltr'>in</span> <span class='ocrx_word' id='word_1_128' title='bbox 2672 1371 2909 1447; x_wconf 84' lang='lat' dir='ltr'>pectore</span> 
     </span>
     <span class='ocr_line' id='line_1_14' title="bbox 396 1446 2904 1537; baseline -0.003 -19"><span class='ocrx_word' id='word_1_129' title='bbox 396 1472 528 1518; x_wconf 89' lang='lat' dir='ltr'>non</span> <span class='ocrx_word' id='word_1_130' title='bbox 582 1448 716 1517; x_wconf 87' lang='lat' dir='ltr'>hab</span> <span class='ocrx_word' id='word_1_131' title='bbox 807 1461 945 1529; x_wconf 89' lang='lat' dir='ltr'>ant,</span> <span class='ocrx_word' id='word_1_132' title='bbox 1002 1447 1228 1536; x_wconf 91' lang='lat' dir='ltr'>pavidi</span> <span class='ocrx_word' id='word_1_133' title='bbox 1280 1446 1816 1537; x_wconf 88' lang='lat' dir='ltr'>responderunt:</span> <span class='ocrx_word' id='word_1_134' title='bbox 1877 1478 1899 1509; x_wconf 72' lang='lat' dir='ltr'>e</span> <span class='ocrx_word' id='word_1_135' title='bbox 1938 1448 2125 1517; x_wconf 80' lang='lat' dir='ltr'>Absit</span> <span class='ocrx_word' id='word_1_136' title='bbox 2174 1447 2325 1527; x_wconf 88' lang='lat' dir='ltr'>hoc,</span> <span class='ocrx_word' id='word_1_137' title='bbox 2373 1447 2677 1526; x_wconf 89' lang='lat' dir='ltr'>domine,</span> <span class='ocrx_word' id='word_1_138' title='bbox 2715 1448 2904 1515; x_wconf 84' lang='lat' dir='ltr'>absit:</span> 
     </span>
     <span class='ocr_line' id='line_1_15' title="bbox 398 1535 2909 1622; baseline -0.002 -17"><span class='ocrx_word' id='word_1_139' title='bbox 398 1537 565 1606; x_wconf 88' lang='lat' dir='ltr'>nihil</span> <span class='ocrx_word' id='word_1_140' title='bbox 620 1559 896 1607; x_wconf 87' lang='lat' dir='ltr'>necesse</span> <span class='ocrx_word' id='word_1_141' title='bbox 943 1549 1043 1606; x_wconf 89' lang='lat' dir='ltr'>est</span> <span class='ocrx_word' id='word_1_142' title='bbox 1093 1557 1207 1604; x_wconf 90' lang='lat' dir='ltr'>vos</span> <span class='ocrx_word' id='word_1_143' title='bbox 1256 1536 1383 1604; x_wconf 87' lang='lat' dir='ltr'>boc</span> <span class='ocrx_word' id='word_1_144' title='bbox 1435 1535 1927 1615; x_wconf 80' lang='lat' dir='ltr'>reformidare,</span> <span class='ocrx_word' id='word_1_145' title='bbox 1983 1537 2147 1622; x_wconf 85' lang='lat' dir='ltr'>quia</span> <span class='ocrx_word' id='word_1_146' title='bbox 2212 1557 2569 1621; x_wconf 88' lang='lat' dir='ltr'>nunquam</span> <span class='ocrx_word' id='word_1_147' title='bbox 2630 1535 2909 1605; x_wconf 85' lang='lat' dir='ltr'>ascendit</span> 
     </span>
     <span class='ocr_line' id='line_1_16' title="bbox 396 1624 2907 1713; baseline -0 -19"><span class='ocrx_word' id='word_1_148' title='bbox 396 1628 463 1695; x_wconf 89' lang='lat' dir='ltr'>in</span> <span class='ocrx_word' id='word_1_149' title='bbox 514 1647 633 1696; x_wconf 93' lang='lat' dir='ltr'>cor</span> <span class='ocrx_word' id='word_1_150' title='bbox 679 1627 849 1713; x_wconf 87' lang='lat' dir='ltr'>ejus.</span> <span class='ocrx_word' id='word_1_151' title='bbox 892 1629 1141 1695; x_wconf 89' lang='lat' dir='ltr'>Omnes</span> <span class='ocrx_word' id='word_1_152' title='bbox 1178 1644 1295 1713; x_wconf 91' lang='lat' dir='ltr'>per</span> <span class='ocrx_word' id='word_1_153' title='bbox 1336 1647 1451 1695; x_wconf 90' lang='lat' dir='ltr'>vos</span> <span class='ocrx_word' id='word_1_154' title='bbox 1481 1625 1700 1706; x_wconf 89' lang='lat' dir='ltr'>ditati,</span> <span class='ocrx_word' id='word_1_155' title='bbox 1757 1626 2066 1694; x_wconf 84' lang='lat' dir='ltr'>honorati</span> <span class='ocrx_word' id='word_1_156' title='bbox 2102 1637 2167 1693; x_wconf 91' lang='lat' dir='ltr'>et</span> <span class='ocrx_word' id='word_1_157' title='bbox 2215 1624 2569 1695; x_wconf 89' lang='lat' dir='ltr'>sublimati</span> <span class='ocrx_word' id='word_1_158' title='bbox 2605 1646 2907 1694; x_wconf 65' lang='lat' dir='ltr'>sumus.-</span> 
     </span>
     <span class='ocr_line' id='line_1_17' title="bbox 395 1712 2906 1801; baseline -0.002 -17"><span class='ocrx_word' id='word_1_159' title='bbox 395 1720 471 1784; x_wconf 91' lang='lat' dir='ltr'>Et</span> <span class='ocrx_word' id='word_1_160' title='bbox 519 1715 645 1784; x_wconf 89' lang='lat' dir='ltr'>boc</span> <span class='ocrx_word' id='word_1_161' title='bbox 692 1714 968 1801; x_wconf 87' lang='lat' dir='ltr'>quidem</span> <span class='ocrx_word' id='word_1_162' title='bbox 1024 1714 1452 1783; x_wconf 90' lang='lat' dir='ltr'>verissimum</span> <span class='ocrx_word' id='word_1_163' title='bbox 1506 1727 1674 1782; x_wconf 88' lang='lat' dir='ltr'>erat.</span> <span class='ocrx_word' id='word_1_164' title='bbox 1735 1719 1897 1783; x_wconf 89' lang='lat' dir='ltr'>Nam</span> <span class='ocrx_word' id='word_1_165' title='bbox 1963 1713 2457 1783; x_wconf 68' lang='lat' dir='ltr'>&#39;theodoricum</span> <span class='ocrx_word' id='word_1_166' title='bbox 2494 1767 2509 1793; x_wconf 94' lang='lat'>‚</span> <span class='ocrx_word' id='word_1_167' title='bbox 2563 1712 2815 1783; x_wconf 88' lang='lat' dir='ltr'>electus</span> <span class='ocrx_word' id='word_1_168' title='bbox 2855 1714 2906 1780; x_wconf 88' lang='lat' dir='ltr'>in</span> 
     </span>
     <span class='ocr_line' id='line_1_18' title="bbox 396 1801 2905 1904; baseline -0.001 -31"><span class='ocrx_word' id='word_1_169' title='bbox 396 1804 1023 1904; x_wconf 79' lang='lat' dir='ltr'>Arcbiepiscopum,</span> <span class='ocrx_word' id='word_1_170' title='bbox 1079 1801 1303 1871; x_wconf 89' lang='lat' dir='ltr'>statim</span> <span class='ocrx_word' id='word_1_171' title='bbox 1359 1803 1697 1891; x_wconf 86' lang='lat' dir='ltr'>promovit</span> <span class='ocrx_word' id='word_1_172' title='bbox 1746 1804 1812 1870; x_wconf 88' lang='lat' dir='ltr'>in</span> <span class='ocrx_word' id='word_1_173' title='bbox 1864 1802 2119 1870; x_wconf 89' lang='lat' dir='ltr'>summi</span> <span class='ocrx_word' id='word_1_174' title='bbox 2165 1802 2395 1889; x_wconf 88' lang='lat' dir='ltr'>templi</span> <span class='ocrx_word' id='word_1_175' title='bbox 2439 1803 2905 1891; x_wconf 81' lang='lat' dir='ltr'>Praepositum.</span> 
     </span>
     <span class='ocr_line' id='line_1_19' title="bbox 394 1890 2906 1981; baseline -0.002 -20"><span class='ocrx_word' id='word_1_176' title='bbox 394 1916 474 1961; x_wconf 90' lang='lat' dir='ltr'>ac</span> <span class='ocrx_word' id='word_1_177' title='bbox 530 1892 777 1961; x_wconf 90' lang='lat' dir='ltr'>deinde</span> <span class='ocrx_word' id='word_1_178' title='bbox 826 1915 893 1960; x_wconf 85' lang='grc' dir='ltr'>ιη</span> <span class='ocrx_word' id='word_1_179' title='bbox 947 1891 1543 1960; x_wconf 85' lang='lat' dir='ltr'>Monasteriensem</span> <span class='ocrx_word' id='word_1_180' title='bbox 1598 1890 2053 1980; x_wconf 89' lang='lat' dir='ltr'>Episcopum;</span> <span class='ocrx_word' id='word_1_181' title='bbox 2109 1891 2593 1981; x_wconf 88' lang='lat' dir='ltr'>Engelbertum</span> <span class='ocrx_word' id='word_1_182' title='bbox 2664 1913 2815 1959; x_wconf 88' lang='lat' dir='ltr'>vero</span> <span class='ocrx_word' id='word_1_183' title='bbox 2856 1892 2906 1956; x_wconf 91' lang='lat' dir='ltr'>in</span> 
     </span>
     <span class='ocr_line' id='line_1_20' title="bbox 401 1979 2962 2070; baseline -0.002 -21"><span class='ocrx_word' id='word_1_184' title='bbox 401 1981 863 2070; x_wconf 86' lang='lat' dir='ltr'>Praepositum</span> <span class='ocrx_word' id='word_1_185' title='bbox 904 1985 969 2049; x_wconf 89' lang='lat' dir='ltr'>S.</span> <span class='ocrx_word' id='word_1_186' title='bbox 1009 1979 1301 2069; x_wconf 84' lang='lat' dir='ltr'>Georgii,</span> <span class='ocrx_word' id='word_1_187' title='bbox 1338 1992 1402 2048; x_wconf 88' lang='lat' dir='ltr'>et</span> <span class='ocrx_word' id='word_1_188' title='bbox 1452 1991 1680 2068; x_wconf 88' lang='lat' dir='ltr'>postea</span> <span class='ocrx_word' id='word_1_189' title='bbox 1731 1980 1798 2048; x_wconf 91' lang='lat' dir='ltr'>in</span> <span class='ocrx_word' id='word_1_190' title='bbox 1844 1980 2254 2069; x_wconf 86' lang='lat' dir='ltr'>Episcopum</span> <span class='ocrx_word' id='word_1_191' title='bbox 2294 1979 2902 2069; x_wconf 79' lang='lat' dir='ltr'>osnaburgensem:</span> <span class='ocrx_word' id='word_1_192' title='bbox 2961 1988 2962 2007; x_wconf 66' lang='lat'>¹</span> 
     </span>
     <span class='ocr_line' id='line_1_21' title="bbox 395 2067 2906 2159; baseline -0.002 -20"><span class='ocrx_word' id='word_1_193' title='bbox 395 2082 458 2139; x_wconf 91' lang='lat' dir='ltr'>et</span> <span class='ocrx_word' id='word_1_194' title='bbox 513 2070 903 2159; x_wconf 80' lang='lat' dir='ltr'>Philippum</span> <span class='ocrx_word' id='word_1_195' title='bbox 958 2068 1230 2137; x_wconf 89' lang='lat' dir='ltr'>fratrem</span> <span class='ocrx_word' id='word_1_196' title='bbox 1286 2067 1588 2147; x_wconf 89' lang='lat' dir='ltr'>illorum,</span> <span class='ocrx_word' id='word_1_197' title='bbox 1647 2069 1709 2135; x_wconf 93' lang='lat' dir='ltr'>in</span> <span class='ocrx_word' id='word_1_198' title='bbox 1765 2090 2035 2139; x_wconf 89' lang='lat' dir='ltr'>summa</span> <span class='ocrx_word' id='word_1_199' title='bbox 2071 2068 2451 2139; x_wconf 80' lang='lat' dir='ltr'>Coloniensi</span> <span class='ocrx_word' id='word_1_200' title='bbox 2489 2069 2774 2138; x_wconf 87' lang='lat' dir='ltr'>ecclesia</span> <span class='ocrx_word' id='word_1_201' title='bbox 2813 2072 2906 2136; x_wconf 80' lang='lat' dir='ltr'>Ca·</span> 
     </span>
     <span class='ocr_line' id='line_1_22' title="bbox 398 2156 2906 2243; baseline -0.002 -17"><span class='ocrx_word' id='word_1_202' title='bbox 398 2162 771 2239; x_wconf 77' lang='lat' dir='ltr'>nomicum,</span> <span class='ocrx_word' id='word_1_203' title='bbox 826 2171 890 2226; x_wconf 88' lang='lat' dir='ltr'>et</span> <span class='ocrx_word' id='word_1_204' title='bbox 940 2157 1440 2226; x_wconf 86' lang='lat' dir='ltr'>thesaurarium</span> <span class='ocrx_word' id='word_1_205' title='bbox 1496 2156 1673 2225; x_wconf 84' lang='lat' dir='ltr'>fecit.</span> <span class='ocrx_word' id='word_1_206' title='bbox 1729 2162 1939 2242; x_wconf 81' lang='lat' dir='ltr'>Atque</span> <span class='ocrx_word' id='word_1_207' title='bbox 1985 2178 2063 2225; x_wconf 91' lang='lat' dir='ltr'>eo</span> <span class='ocrx_word' id='word_1_208' title='bbox 2123 2171 2426 2243; x_wconf 86' lang='lat' dir='ltr'>tempore</span> <span class='ocrx_word' id='word_1_209' title='bbox 2482 2179 2623 2243; x_wconf 89' lang='lat' dir='ltr'>quo</span> <span class='ocrx_word' id='word_1_210' title='bbox 2672 2157 2906 2226; x_wconf 86' lang='lat' dir='ltr'>occisus</span> 
     </span>
     <span class='ocr_line' id='line_1_23' title="bbox 394 2244 2906 2337; baseline -0.002 -22"><span class='ocrx_word' id='word_1_211' title='bbox 394 2261 516 2325; x_wconf 90' lang='lat' dir='ltr'>est,</span> <span class='ocrx_word' id='word_1_212' title='bbox 548 2269 821 2337; x_wconf 88' lang='lat' dir='ltr'>operam</span> <span class='ocrx_word' id='word_1_213' title='bbox 854 2246 1081 2325; x_wconf 89' lang='lat' dir='ltr'>dabat,</span> <span class='ocrx_word' id='word_1_214' title='bbox 1110 2259 1183 2315; x_wconf 90' lang='lat' dir='ltr'>ut</span> <span class='ocrx_word' id='word_1_215' title='bbox 1206 2251 1430 2314; x_wconf 92' lang='lat' dir='ltr'>Bruno</span> <span class='ocrx_word' id='word_1_216' title='bbox 1460 2244 1663 2313; x_wconf 82' lang='lat' dir='ltr'>frater</span> <span class='ocrx_word' id='word_1_217' title='bbox 1687 2267 1921 2313; x_wconf 89' lang='lat' dir='ltr'>eorum</span> <span class='ocrx_word' id='word_1_218' title='bbox 1952 2247 2384 2335; x_wconf 76' lang='lat' dir='ltr'>praepositus</span> <span class='ocrx_word' id='word_1_219' title='bbox 2412 2245 2603 2314; x_wconf 84' lang='lat' dir='ltr'>fieret</span> <span class='ocrx_word' id='word_1_220' title='bbox 2629 2265 2906 2315; x_wconf 81' lang='lat' dir='ltr'>summae</span> 
     </span>
     <span class='ocr_line' id='line_1_24' title="bbox 396 2333 2906 2424; baseline -0.002 -20"><span class='ocrx_word' id='word_1_221' title='bbox 396 2336 583 2407; x_wconf 86' lang='lat' dir='ltr'>aedis</span> <span class='ocrx_word' id='word_1_222' title='bbox 624 2335 1099 2424; x_wconf 85' lang='lat' dir='ltr'>Trajectensis.</span> <span class='ocrx_word' id='word_1_223' title='bbox 1138 2338 1322 2415; x_wconf 85' lang='lat' dir='ltr'>Quae</span> <span class='ocrx_word' id='word_1_224' title='bbox 1374 2333 1632 2402; x_wconf 89' lang='lat' dir='ltr'>idcirco</span> <span class='ocrx_word' id='word_1_225' title='bbox 1660 2355 2198 2404; x_wconf 87' lang='lat' dir='ltr'>commemorare</span> <span class='ocrx_word' id='word_1_226' title='bbox 2231 2334 2436 2413; x_wconf 89' lang='lat' dir='ltr'>volui,</span> <span class='ocrx_word' id='word_1_227' title='bbox 2485 2348 2560 2403; x_wconf 92' lang='lat' dir='ltr'>ut</span> <span class='ocrx_word' id='word_1_228' title='bbox 2595 2334 2796 2404; x_wconf 89' lang='lat' dir='ltr'>lector</span> <span class='ocrx_word' id='word_1_229' title='bbox 2821 2354 2906 2402; x_wconf 88' lang='lat' dir='ltr'>co·</span> 
     </span>
     <span class='ocr_line' id='line_1_25' title="bbox 395 2420 2905 2515; baseline -0.003 -21"><span class='ocrx_word' id='word_1_230' title='bbox 395 2439 724 2515; x_wconf 84' lang='lat' dir='ltr'>gnoscat.</span> <span class='ocrx_word' id='word_1_231' title='bbox 794 2423 1064 2511; x_wconf 87' lang='lat' dir='ltr'>qualem</span> <span class='ocrx_word' id='word_1_232' title='bbox 1136 2425 1193 2491; x_wconf 90' lang='lat' dir='ltr'>ei</span> <span class='ocrx_word' id='word_1_233' title='bbox 1258 2425 1468 2492; x_wconf 90' lang='lat' dir='ltr'>vicem</span> <span class='ocrx_word' id='word_1_234' title='bbox 1536 2424 1993 2512; x_wconf 86' lang='lat' dir='ltr'>rependerint.</span> <span class='ocrx_word' id='word_1_235' title='bbox 2055 2429 2301 2494; x_wconf 86' lang='lat' dir='ltr'>Revera</span> <span class='ocrx_word' id='word_1_236' title='bbox 2364 2424 2824 2494; x_wconf 90' lang='lat' dir='ltr'>retribuerunt</span> <span class='ocrx_word' id='word_1_237' title='bbox 2862 2420 2905 2489; x_wconf 82' lang='lat' dir='ltr'>ei</span> 
     </span>
     <span class='ocr_line' id='line_1_26' title="bbox 397 2512 2907 2602; baseline -0.002 -19"><span class='ocrx_word' id='word_1_238' title='bbox 397 2515 574 2584; x_wconf 89' lang='lat' dir='ltr'>mala</span> <span class='ocrx_word' id='word_1_239' title='bbox 628 2535 747 2602; x_wconf 91' lang='lat' dir='ltr'>pro</span> <span class='ocrx_word' id='word_1_240' title='bbox 796 2512 1043 2594; x_wconf 91' lang='lat' dir='ltr'>bonis;</span> <span class='ocrx_word' id='word_1_241' title='bbox 1096 2525 1159 2580; x_wconf 90' lang='lat' dir='ltr'>et</span> <span class='ocrx_word' id='word_1_242' title='bbox 1206 2534 1363 2581; x_wconf 92' lang='lat' dir='ltr'>cum</span> <span class='ocrx_word' id='word_1_243' title='bbox 1419 2512 1811 2599; x_wconf 85' lang='lat' dir='ltr'>loqueretur</span> <span class='ocrx_word' id='word_1_244' title='bbox 1862 2512 1997 2581; x_wconf 91' lang='lat' dir='ltr'>illis</span> <span class='ocrx_word' id='word_1_245' title='bbox 2026 2526 2090 2581; x_wconf 93' lang='lat' dir='ltr'>et</span> <span class='ocrx_word' id='word_1_246' title='bbox 2128 2535 2247 2602; x_wconf 95' lang='lat' dir='ltr'>pro</span> <span class='ocrx_word' id='word_1_247' title='bbox 2299 2513 2434 2581; x_wconf 90' lang='lat' dir='ltr'>illis</span> <span class='ocrx_word' id='word_1_248' title='bbox 2487 2515 2771 2592; x_wconf 90' lang='lat' dir='ltr'>bonum,</span> <span class='ocrx_word' id='word_1_249' title='bbox 2808 2512 2907 2579; x_wconf 87' lang='lat' dir='ltr'>im·</span> 
     </span>
     <span class='ocr_line' id='line_1_27' title="bbox 396 2601 1180 2692; baseline -0.004 -20"><span class='ocrx_word' id='word_1_250' title='bbox 396 2616 707 2692; x_wconf 85' lang='lat' dir='ltr'>pugnant</span> <span class='ocrx_word' id='word_1_251' title='bbox 753 2623 909 2670; x_wconf 90' lang='lat' dir='ltr'>eum</span> <span class='ocrx_word' id='word_1_252' title='bbox 947 2601 1180 2690; x_wconf 83' lang='lat' dir='ltr'>gratis,</span> 
     </span>
    </p>

    <p class='ocr_par' dir='ltr' id='par_1_3' title="bbox 300 2687 2906 4290">
     <span class='ocr_line' id='line_1_28' title="bbox 482 2687 2906 2790; baseline -0.003 -29"><span class='ocrx_word' id='word_1_253' title='bbox 482 2697 517 2776; x_wconf 61' lang='grc' dir='ltr'>ξ</span> <span class='ocrx_word' id='word_1_254' title='bbox 570 2696 705 2763; x_wconf 78' lang='lat' dir='ltr'>u.</span> <span class='ocrx_word' id='word_1_255' title='bbox 759 2695 995 2759; x_wconf 87' lang='lat' dir='ltr'>Comes</span> <span class='ocrx_word' id='word_1_256' title='bbox 1045 2690 1430 2758; x_wconf 87' lang='lat' dir='ltr'>Fridericus</span> <span class='ocrx_word' id='word_1_257' title='bbox 1470 2702 1545 2758; x_wconf 92' lang='lat' dir='ltr'>ut</span> <span class='ocrx_word' id='word_1_258' title='bbox 1583 2702 1982 2790; x_wconf 90' lang='lat' dir='ltr'>conceptam</span> <span class='ocrx_word' id='word_1_259' title='bbox 2043 2689 2373 2759; x_wconf 87' lang='lat' dir='ltr'>malitiam</span> <span class='ocrx_word' id='word_1_260' title='bbox 2439 2690 2693 2761; x_wconf 91' lang='lat' dir='ltr'>melius</span> <span class='ocrx_word' id='word_1_261' title='bbox 2739 2687 2906 2758; x_wconf 86' lang='lat' dir='ltr'>dissi·</span> 
     </span>
     <span class='ocr_line' id='line_1_29' title="bbox 398 2778 2904 2869; baseline -0.002 -23"><span class='ocrx_word' id='word_1_262' title='bbox 398 2779 658 2848; x_wconf 89' lang='lat' dir='ltr'>mulare</span> <span class='ocrx_word' id='word_1_263' title='bbox 709 2791 971 2868; x_wconf 85' lang='lat' dir='ltr'>posset,</span> <span class='ocrx_word' id='word_1_264' title='bbox 1032 2800 1153 2868; x_wconf 91' lang='lat' dir='ltr'>pro</span> <span class='ocrx_word' id='word_1_265' title='bbox 1217 2778 1392 2847; x_wconf 88' lang='lat' dir='ltr'>bono</span> <span class='ocrx_word' id='word_1_266' title='bbox 1453 2778 1640 2866; x_wconf 89' lang='lat' dir='ltr'>pacis</span> <span class='ocrx_word' id='word_1_267' title='bbox 1690 2780 1819 2867; x_wconf 82' lang='lat' dir='ltr'>ipsi</span> <span class='ocrx_word' id='word_1_268' title='bbox 1868 2801 1908 2847; x_wconf 89' lang='lat' dir='ltr'>a</span> <span class='ocrx_word' id='word_1_269' title='bbox 1968 2778 2251 2848; x_wconf 92' lang='lat' dir='ltr'>domino</span> <span class='ocrx_word' id='word_1_270' title='bbox 2318 2779 2657 2869; x_wconf 90' lang='lat' dir='ltr'>Episcopo</span> <span class='ocrx_word' id='word_1_271' title='bbox 2713 2778 2904 2848; x_wconf 82' lang='lat' dir='ltr'>oblata</span> 
     </span>
     <span class='ocr_line' id='line_1_30' title="bbox 398 2867 2903 2956; baseline -0.001 -24"><span class='ocrx_word' id='word_1_272' title='bbox 398 2871 801 2937; x_wconf 80' lang='lat' dir='ltr'>verbotenus</span> <span class='ocrx_word' id='word_1_273' title='bbox 873 2867 1284 2956; x_wconf 86' lang='lat' dir='ltr'>acceptavit,</span> <span class='ocrx_word' id='word_1_274' title='bbox 1340 2888 1498 2936; x_wconf 91' lang='lat' dir='ltr'>cum</span> <span class='ocrx_word' id='word_1_275' title='bbox 1550 2890 1627 2936; x_wconf 88' lang='lat' dir='ltr'>eo</span> <span class='ocrx_word' id='word_1_276' title='bbox 1689 2890 1726 2937; x_wconf 90' lang='lat' dir='ltr'>a</span> <span class='ocrx_word' id='word_1_277' title='bbox 1792 2872 2036 2937; x_wconf 87' lang='lat' dir='ltr'>Susato</span> <span class='ocrx_word' id='word_1_278' title='bbox 2104 2868 2376 2946; x_wconf 83' lang='lat' dir='ltr'>exiens,</span> <span class='ocrx_word' id='word_1_279' title='bbox 2439 2889 2742 2955; x_wconf 90' lang='lat' dir='ltr'>eumque</span> <span class='ocrx_word' id='word_1_280' title='bbox 2796 2880 2903 2935; x_wconf 86' lang='lat' dir='ltr'>tam</span> 
     </span>
     <span class='ocr_line' id='line_1_31' title="bbox 396 2956 2902 3047; baseline -0.002 -23"><span class='ocrx_word' id='word_1_281' title='bbox 396 2956 823 3025; x_wconf 85' lang='lat' dir='ltr'>familiariter</span> <span class='ocrx_word' id='word_1_282' title='bbox 870 2956 1239 3037; x_wconf 81' lang='lat' dir='ltr'>deducens,</span> <span class='ocrx_word' id='word_1_283' title='bbox 1295 2970 1372 3024; x_wconf 89' lang='lat' dir='ltr'>ut</span> <span class='ocrx_word' id='word_1_284' title='bbox 1433 2957 1493 3023; x_wconf 89' lang='lat' dir='ltr'>ei</span> <span class='ocrx_word' id='word_1_285' title='bbox 1543 2960 1590 3024; x_wconf 89' lang='lat' dir='ltr'>E</span> <span class='ocrx_word' id='word_1_286' title='bbox 1649 2957 1925 3047; x_wconf 91' lang='lat' dir='ltr'>iscopus</span> <span class='ocrx_word' id='word_1_287' title='bbox 1972 2957 2271 3026; x_wconf 86' lang='lat' dir='ltr'>diceret:</span> <span class='ocrx_word' id='word_1_288' title='bbox 2326 2979 2360 3022; x_wconf 90' lang='lat'>«</span> <span class='ocrx_word' id='word_1_289' title='bbox 2396 2961 2728 3046; x_wconf 83' lang='lat' dir='ltr'>Cognate,</span> <span class='ocrx_word' id='word_1_290' title='bbox 2776 2974 2902 3024; x_wconf 86' lang='lat' dir='ltr'>cum</span> 
     </span>
     <span class='ocr_line' id='line_1_32' title="bbox 397 3043 2902 3145; baseline -0.002 -32"><span class='ocrx_word' id='word_1_291' title='bbox 397 3046 609 3115; x_wconf 90' lang='lat' dir='ltr'>multa</span> <span class='ocrx_word' id='word_1_292' title='bbox 635 3044 1069 3134; x_wconf 84' lang='lat' dir='ltr'>jucunditate</span> <span class='ocrx_word' id='word_1_293' title='bbox 1117 3043 1324 3114; x_wconf 90' lang='lat' dir='ltr'>simul</span> <span class='ocrx_word' id='word_1_294' title='bbox 1376 3066 1576 3113; x_wconf 89' lang='lat' dir='ltr'>ascen</span> <span class='ocrx_word' id='word_1_295' title='bbox 1633 3067 1832 3114; x_wconf 92' lang='lat' dir='ltr'>emus</span> <span class='ocrx_word' id='word_1_296' title='bbox 1855 3045 1937 3113; x_wconf 90' lang='lat' dir='ltr'>ad</span> <span class='ocrx_word' id='word_1_297' title='bbox 1992 3045 2364 3113; x_wconf 90' lang='lat' dir='ltr'>solemnem</span> <span class='ocrx_word' id='word_1_298' title='bbox 2413 3047 2621 3145; x_wconf 87' lang='lat' dir='ltr'>Regis</span> <span class='ocrx_word' id='word_1_299' title='bbox 2653 3060 2716 3115; x_wconf 91' lang='lat' dir='ltr'>et</span> <span class='ocrx_word' id='word_1_300' title='bbox 2750 3044 2902 3134; x_wconf 83' lang='lat' dir='ltr'>prin·</span> 
     </span>
     <span class='ocr_line' id='line_1_33' title="bbox 393 3132 2900 3224; baseline -0.002 -21"><span class='ocrx_word' id='word_1_301' title='bbox 393 3135 624 3224; x_wconf 89' lang='lat' dir='ltr'>cipum</span> <span class='ocrx_word' id='word_1_302' title='bbox 669 3147 1102 3214; x_wconf 89' lang='lat' dir='ltr'>conventum,</span> <span class='ocrx_word' id='word_1_303' title='bbox 1142 3134 1257 3220; x_wconf 91' lang='lat' dir='ltr'>qui</span> <span class='ocrx_word' id='word_1_304' title='bbox 1287 3135 1771 3224; x_wconf 88' lang='lat' dir='ltr'>Nurenbergae</span> <span class='ocrx_word' id='word_1_305' title='bbox 1803 3133 1837 3168; x_wconf 62' lang='lat'>⁴</span> <span class='ocrx_word' id='word_1_306' title='bbox 1866 3132 2399 3203; x_wconf 81' lang='lat' dir='ltr'>celebrabitur.»</span> <span class='ocrx_word' id='word_1_307' title='bbox 2432 3139 2671 3206; x_wconf 79' lang='lat' dir='ltr'>Sciens</span> <span class='ocrx_word' id='word_1_308' title='bbox 2708 3145 2900 3202; x_wconf 86' lang='lat' dir='ltr'>autem</span> 
     </span>
     <span class='ocr_line' id='line_1_34' title="bbox 398 3217 2903 3312; baseline -0.002 -21"><span class='ocrx_word' id='word_1_309' title='bbox 398 3224 804 3303; x_wconf 82' lang='lat' dir='ltr'>Fridericus,</span> <span class='ocrx_word' id='word_1_310' title='bbox 834 3223 1014 3309; x_wconf 92' lang='lat' dir='ltr'>quod</span> <span class='ocrx_word' id='word_1_311' title='bbox 1073 3235 1339 3312; x_wconf 88' lang='lat' dir='ltr'>postera</span> <span class='ocrx_word' id='word_1_312' title='bbox 1387 3222 1499 3291; x_wconf 91' lang='lat' dir='ltr'>die</span> <span class='ocrx_word' id='word_1_313' title='bbox 1529 3222 1975 3293; x_wconf 88' lang='lat' dir='ltr'>dedicaturus</span> <span class='ocrx_word' id='word_1_314' title='bbox 2022 3235 2197 3292; x_wconf 90' lang='lat' dir='ltr'>esset</span> <span class='ocrx_word' id='word_1_315' title='bbox 2230 3222 2591 3292; x_wconf 90' lang='lat' dir='ltr'>ecclesiam</span> <span class='ocrx_word' id='word_1_316' title='bbox 2636 3224 2700 3291; x_wconf 88' lang='lat' dir='ltr'>in</span> <span class='ocrx_word' id='word_1_317' title='bbox 2736 3217 2903 3291; x_wconf 79' lang='lat' dir='ltr'>swel-</span> 
     </span>
     <span class='ocr_line' id='line_1_35' title="bbox 396 3307 2899 3404; baseline -0.003 -23"><span class='ocrx_word' id='word_1_318' title='bbox 396 3336 503 3381; x_wconf 91' lang='lat' dir='ltr'>me</span> <span class='ocrx_word' id='word_1_319' title='bbox 540 3314 631 3394; x_wconf 52' lang='grc' dir='ltr'>μ,</span> <span class='ocrx_word' id='word_1_320' title='bbox 686 3313 913 3383; x_wconf 90' lang='lat' dir='ltr'>oblata</span> <span class='ocrx_word' id='word_1_321' title='bbox 962 3311 1090 3380; x_wconf 86' lang='lat' dir='ltr'>bac</span> <span class='ocrx_word' id='word_1_322' title='bbox 1138 3311 1521 3391; x_wconf 90' lang='lat' dir='ltr'>occasione,</span> <span class='ocrx_word' id='word_1_323' title='bbox 1574 3311 1887 3401; x_wconf 84' lang='lat' dir='ltr'>exemplo</span> <span class='ocrx_word' id='word_1_324' title='bbox 1933 3311 2154 3381; x_wconf 85' lang='lat' dir='ltr'>Judae</span> <span class='ocrx_word' id='word_1_325' title='bbox 2204 3312 2395 3401; x_wconf 86' lang='lat' dir='ltr'>petiit</span> <span class='ocrx_word' id='word_1_326' title='bbox 2445 3311 2783 3381; x_wconf 88' lang='lat' dir='ltr'>licentiam</span> <span class='ocrx_word' id='word_1_327' title='bbox 2831 3307 2899 3404; x_wconf 77' lang='lat' dir='ltr'>ab</span> 
     </span>
     <span class='ocr_line' id='line_1_36' title="bbox 396 3396 2902 3492; baseline -0.002 -23"><span class='ocrx_word' id='word_1_328' title='bbox 396 3402 727 3492; x_wconf 86' lang='lat' dir='ltr'>Episcopo</span> <span class='ocrx_word' id='word_1_329' title='bbox 761 3400 1184 3480; x_wconf 89' lang='lat' dir='ltr'>discedendi,</span> <span class='ocrx_word' id='word_1_330' title='bbox 1239 3400 1475 3485; x_wconf 89' lang='lat' dir='ltr'>sicque</span> <span class='ocrx_word' id='word_1_331' title='bbox 1534 3399 1618 3468; x_wconf 88' lang='lat' dir='ltr'>ad</span> <span class='ocrx_word' id='word_1_332' title='bbox 1672 3400 1997 3470; x_wconf 90' lang='lat' dir='ltr'>satellites</span> <span class='ocrx_word' id='word_1_333' title='bbox 2046 3423 2206 3469; x_wconf 92' lang='lat' dir='ltr'>suos</span> <span class='ocrx_word' id='word_1_334' title='bbox 2258 3401 2481 3478; x_wconf 87' lang='lat' dir='ltr'>rediit,</span> <span class='ocrx_word' id='word_1_335' title='bbox 2533 3421 2776 3488; x_wconf 87' lang='lat' dir='ltr'>eosque</span> <span class='ocrx_word' id='word_1_336' title='bbox 2816 3396 2902 3463; x_wconf 76' lang='grc' dir='ltr'>ἀι-</span> 
     </span>
     <span class='ocr_line' id='line_1_37' title="bbox 396 3486 2892 3577; baseline -0.001 -20"><span class='ocrx_word' id='word_1_337' title='bbox 396 3492 606 3560; x_wconf 89' lang='lat' dir='ltr'>versis</span> <span class='ocrx_word' id='word_1_338' title='bbox 657 3491 723 3559; x_wconf 91' lang='lat' dir='ltr'>in</span> <span class='ocrx_word' id='word_1_339' title='bbox 778 3490 946 3560; x_wconf 91' lang='lat' dir='ltr'>locis</span> <span class='ocrx_word' id='word_1_340' title='bbox 977 3489 1265 3559; x_wconf 89' lang='lat' dir='ltr'>insidias</span> <span class='ocrx_word' id='word_1_341' title='bbox 1300 3487 1576 3557; x_wconf 92' lang='lat' dir='ltr'>tendere</span> <span class='ocrx_word' id='word_1_342' title='bbox 1616 3489 1848 3574; x_wconf 88' lang='lat' dir='ltr'>jussit,</span> <span class='ocrx_word' id='word_1_343' title='bbox 1901 3489 2208 3577; x_wconf 84' lang='lat' dir='ltr'>quidque</span> <span class='ocrx_word' id='word_1_344' title='bbox 2241 3489 2542 3558; x_wconf 87' lang='lat' dir='ltr'>facerent</span> <span class='ocrx_word' id='word_1_345' title='bbox 2589 3486 2892 3558; x_wconf 80' lang='lat' dir='ltr'>instruxit.</span> 
     </span>
     <span class='ocr_line' id='line_1_38' title="bbox 392 3577 2900 3668; baseline -0.003 -22"><span class='ocrx_word' id='word_1_346' title='bbox 392 3592 456 3648; x_wconf 90' lang='lat' dir='ltr'>et</span> <span class='ocrx_word' id='word_1_347' title='bbox 502 3581 691 3649; x_wconf 90' lang='lat' dir='ltr'>omni</span> <span class='ocrx_word' id='word_1_348' title='bbox 741 3601 879 3666; x_wconf 89' lang='lat' dir='ltr'>quo</span> <span class='ocrx_word' id='word_1_349' title='bbox 929 3579 1149 3668; x_wconf 89' lang='lat' dir='ltr'>potuit</span> <span class='ocrx_word' id='word_1_350' title='bbox 1195 3577 1424 3646; x_wconf 90' lang='lat' dir='ltr'>studio</span> <span class='ocrx_word' id='word_1_351' title='bbox 1472 3579 1556 3645; x_wconf 91' lang='lat' dir='ltr'>ad</span> <span class='ocrx_word' id='word_1_352' title='bbox 1619 3577 1887 3647; x_wconf 89' lang='lat' dir='ltr'>facinus</span> <span class='ocrx_word' id='word_1_353' title='bbox 1937 3579 2288 3646; x_wconf 89' lang='lat' dir='ltr'>animavit.</span> <span class='ocrx_word' id='word_1_354' title='bbox 2349 3583 2501 3647; x_wconf 87' lang='lat' dir='ltr'>Erat</span> <span class='ocrx_word' id='word_1_355' title='bbox 2559 3592 2700 3648; x_wconf 92' lang='lat' dir='ltr'>tum</span> <span class='ocrx_word' id='word_1_356' title='bbox 2748 3587 2900 3646; x_wconf 78' lang='lat' dir='ltr'>sexta</span> 
     </span>
     <span class='ocr_line' id='line_1_39' title="bbox 393 3663 2891 3758; baseline -0.003 -22"><span class='ocrx_word' id='word_1_357' title='bbox 393 3667 561 3738; x_wconf 88' lang='lat' dir='ltr'>feria</span> <span class='ocrx_word' id='word_1_358' title='bbox 603 3681 751 3758; x_wconf 91' lang='lat' dir='ltr'>post</span> <span class='ocrx_word' id='word_1_359' title='bbox 790 3668 1033 3738; x_wconf 87' lang='lat' dir='ltr'>festum</span> <span class='ocrx_word' id='word_1_360' title='bbox 1086 3666 1397 3736; x_wconf 88' lang='lat' dir='ltr'>omnium</span> <span class='ocrx_word' id='word_1_361' title='bbox 1453 3672 1884 3746; x_wconf 91' lang='lat' dir='ltr'>Sanctorum,</span> <span class='ocrx_word' id='word_1_362' title='bbox 1937 3681 2001 3735; x_wconf 90' lang='lat' dir='ltr'>et</span> <span class='ocrx_word' id='word_1_363' title='bbox 2052 3668 2319 3736; x_wconf 91' lang='lat' dir='ltr'>Domini</span> <span class='ocrx_word' id='word_1_364' title='bbox 2376 3667 2633 3737; x_wconf 90' lang='lat' dir='ltr'>electus</span> <span class='ocrx_word' id='word_1_365' title='bbox 2694 3663 2891 3758; x_wconf 76' lang='lat' dir='ltr'>eodem</span> 
     </span>
     <span class='ocr_line' id='line_1_40' title="bbox 392 3750 2894 3846; baseline -0.002 -22"><span class='ocrx_word' id='word_1_366' title='bbox 392 3757 501 3826; x_wconf 91' lang='lat' dir='ltr'>die</span> <span class='ocrx_word' id='word_1_367' title='bbox 552 3757 818 3827; x_wconf 90' lang='lat' dir='ltr'>Sanctis</span> <span class='ocrx_word' id='word_1_368' title='bbox 865 3755 1191 3824; x_wconf 90' lang='lat' dir='ltr'>omnibus</span> <span class='ocrx_word' id='word_1_369' title='bbox 1229 3776 1347 3843; x_wconf 87' lang='lat' dir='ltr'>per</span> <span class='ocrx_word' id='word_1_370' title='bbox 1388 3756 1705 3824; x_wconf 89' lang='lat' dir='ltr'>meritum</span> <span class='ocrx_word' id='word_1_371' title='bbox 1767 3756 2108 3845; x_wconf 89' lang='lat' dir='ltr'>passionis</span> <span class='ocrx_word' id='word_1_372' title='bbox 2157 3755 2552 3834; x_wconf 86' lang='lat' dir='ltr'>sociandus,</span> <span class='ocrx_word' id='word_1_373' title='bbox 2611 3755 2690 3823; x_wconf 87' lang='lat' dir='ltr'>ad</span> <span class='ocrx_word' id='word_1_374' title='bbox 2737 3750 2894 3846; x_wconf 65' lang='lat' dir='ltr'>dedi-</span> 
     </span>
     <span class='ocr_line' id='line_1_41' title="bbox 391 3844 2892 3933; baseline -0.005 -18"><span class='ocrx_word' id='word_1_375' title='bbox 391 3847 681 3916; x_wconf 90' lang='lat' dir='ltr'>cationis</span> <span class='ocrx_word' id='word_1_376' title='bbox 710 3847 932 3915; x_wconf 90' lang='lat' dir='ltr'>locum</span> <span class='ocrx_word' id='word_1_377' title='bbox 968 3844 1252 3933; x_wconf 84' lang='lat' dir='ltr'>jejunus</span> <span class='ocrx_word' id='word_1_378' title='bbox 1286 3844 1519 3913; x_wconf 89' lang='lat' dir='ltr'>venire</span> <span class='ocrx_word' id='word_1_379' title='bbox 1548 3845 1922 3914; x_wconf 87' lang='lat' dir='ltr'>constituit.</span> <span class='ocrx_word' id='word_1_380' title='bbox 1959 3845 2201 3914; x_wconf 89' lang='lat' dir='ltr'>Eodem</span> <span class='ocrx_word' id='word_1_381' title='bbox 2240 3858 2466 3913; x_wconf 91' lang='lat' dir='ltr'>autem</span> <span class='ocrx_word' id='word_1_382' title='bbox 2497 3845 2607 3913; x_wconf 90' lang='lat' dir='ltr'>die</span> <span class='ocrx_word' id='word_1_383' title='bbox 2638 3847 2892 3912; x_wconf 76' lang='lat' dir='ltr'>occurrit</span> 
     </span>
     <span class='ocr_line' id='line_1_42' title="bbox 393 3925 2892 4034; baseline -0.004 -32"><span class='ocrx_word' id='word_1_384' title='bbox 393 3937 452 4002; x_wconf 88' lang='lat' dir='ltr'>ei</span> <span class='ocrx_word' id='word_1_385' title='bbox 504 3936 709 4004; x_wconf 89' lang='lat' dir='ltr'>vidua</span> <span class='ocrx_word' id='word_1_386' title='bbox 756 3933 1123 4021; x_wconf 82' lang='lat' dir='ltr'>quaedam,</span> <span class='ocrx_word' id='word_1_387' title='bbox 1179 3955 1387 4034; x_wconf 90' lang='lat' dir='ltr'>super</span> <span class='ocrx_word' id='word_1_388' title='bbox 1433 3933 1710 4002; x_wconf 89' lang='lat' dir='ltr'>duabus</span> <span class='ocrx_word' id='word_1_389' title='bbox 1743 3933 1973 4003; x_wconf 87' lang='lat' dir='ltr'>causis</span> <span class='ocrx_word' id='word_1_390' title='bbox 2017 3934 2147 4002; x_wconf 91' lang='lat' dir='ltr'>sub</span> <span class='ocrx_word' id='word_1_391' title='bbox 2195 3934 2411 4002; x_wconf 89' lang='lat' dir='ltr'>divini</span> <span class='ocrx_word' id='word_1_392' title='bbox 2463 3932 2746 4002; x_wconf 90' lang='lat' dir='ltr'>nominis</span> <span class='ocrx_word' id='word_1_393' title='bbox 2793 3925 2892 3994; x_wconf 90' lang='lat' dir='ltr'>ob—</span> 
     </span>
     <span class='ocr_line' id='line_1_43' title="bbox 394 4014 2889 4112; baseline -0.005 -21"><span class='ocrx_word' id='word_1_394' title='bbox 394 4025 747 4093; x_wconf 89' lang='lat' dir='ltr'>testatione</span> <span class='ocrx_word' id='word_1_395' title='bbox 786 4022 1132 4110; x_wconf 84' lang='lat' dir='ltr'>judicium</span> <span class='ocrx_word' id='word_1_396' title='bbox 1190 4022 1379 4090; x_wconf 77' lang='lat' dir='ltr'>illius</span> <span class='ocrx_word' id='word_1_397' title='bbox 1426 4023 1769 4111; x_wconf 86' lang='lat' dir='ltr'>flagitans.</span> <span class='ocrx_word' id='word_1_398' title='bbox 1826 4022 2038 4109; x_wconf 87' lang='lat' dir='ltr'>Cujus</span> <span class='ocrx_word' id='word_1_399' title='bbox 2079 4022 2557 4091; x_wconf 86' lang='lat' dir='ltr'>vociferatione</span> <span class='ocrx_word' id='word_1_400' title='bbox 2617 4014 2889 4112; x_wconf 33' lang='lat' dir='ltr'>sacerd-os</span> 
     </span>
     <span class='ocr_line' id='line_1_44' title="bbox 300 4108 2881 4201; baseline -0.001 -22"><span class='ocrx_word' id='word_1_401' title='bbox 300 4115 313 4129; x_wconf 75' lang='lat'><em>⁶</em></span> <span class='ocrx_word' id='word_1_402' title='bbox 399 4115 505 4181; x_wconf 81' lang='lat' dir='ltr'>Dei</span> <span class='ocrx_word' id='word_1_403' title='bbox 536 4128 944 4191; x_wconf 80' lang='lat' dir='ltr'>commotuS,</span> <span class='ocrx_word' id='word_1_404' title='bbox 980 4134 1063 4180; x_wconf 88' lang='lat' dir='ltr'>ne</span> <span class='ocrx_word' id='word_1_405' title='bbox 1092 4112 1157 4179; x_wconf 92' lang='lat' dir='ltr'>in</span> <span class='ocrx_word' id='word_1_406' title='bbox 1201 4111 1327 4180; x_wconf 85' lang='lat' dir='ltr'>hoc</span> <span class='ocrx_word' id='word_1_407' title='bbox 1378 4109 1660 4179; x_wconf 89' lang='lat' dir='ltr'>inferior</span> <span class='ocrx_word' id='word_1_408' title='bbox 1707 4111 2318 4201; x_wconf 89' lang='lat' dir='ltr'>videreturjudice</span> <span class='ocrx_word' id='word_1_409' title='bbox 2360 4111 2477 4180; x_wconf 91' lang='lat' dir='ltr'>illo</span> <span class='ocrx_word' id='word_1_410' title='bbox 2525 4108 2881 4194; x_wconf 74' lang='lat' dir='ltr'>iniquitatis,</span> 
     </span>
     <span class='ocr_line' id='line_1_45' title="bbox 394 4192 2879 4290; baseline -0.003 -22"><span class='ocrx_word' id='word_1_411' title='bbox 394 4201 477 4268; x_wconf 87' lang='lat' dir='ltr'>de</span> <span class='ocrx_word' id='word_1_412' title='bbox 526 4223 662 4288; x_wconf 92' lang='lat' dir='ltr'>quo</span> <span class='ocrx_word' id='word_1_413' title='bbox 715 4202 1045 4270; x_wconf 89' lang='lat' dir='ltr'>Dominus</span> <span class='ocrx_word' id='word_1_414' title='bbox 1094 4200 1261 4269; x_wconf 91' lang='lat' dir='ltr'>dicit</span> <span class='ocrx_word' id='word_1_415' title='bbox 1311 4200 1375 4268; x_wconf 90' lang='lat' dir='ltr'>in</span> <span class='ocrx_word' id='word_1_416' title='bbox 1444 4199 1833 4290; x_wconf 87' lang='lat' dir='ltr'>Evangelio,</span> <span class='ocrx_word' id='word_1_417' title='bbox 1888 4199 2069 4285; x_wconf 89' lang='lat' dir='ltr'>quod</span> <span class='ocrx_word' id='word_1_418' title='bbox 2149 4222 2271 4268; x_wconf 90' lang='lat' dir='ltr'>nec</span> <span class='ocrx_word' id='word_1_419' title='bbox 2340 4205 2545 4269; x_wconf 93' lang='lat' dir='ltr'>Deum</span> <span class='ocrx_word' id='word_1_420' title='bbox 2607 4192 2879 4266; x_wconf 72' lang='lat' dir='ltr'>timebat,</span> 
     </span>
    </p>
   </div>
   <div class='ocr_carea' id='block_1_3' title="bbox 388 4348 2861 4453">
    <p class='ocr_par' dir='ltr' id='par_1_4' title="bbox 388 4348 2861 4453">
     <span class='ocr_line' id='line_1_46' title="bbox 388 4348 2861 4453; baseline -0.015 -17"><span class='ocrx_word' id='word_1_421' title='bbox 388 4421 393 4426; x_wconf 54' lang='grc' dir='ltr'><em>ι</em></span> <span class='ocrx_word' id='word_1_422' title='bbox 448 4364 915 4453; x_wconf 47' lang='grc' dir='ltr'>ἶ.ὓὸἱῗ’ὦΝζζῖὂίζιῗῖἕ.</span> <span class='ocrx_word' id='word_1_423' title='bbox 936 4363 1041 4412; x_wconf 60' lang='grc' dir='ltr'>μη.</span> <span class='ocrx_word' id='word_1_424' title='bbox 1064 4363 1347 4412; x_wconf 63' lang='grc' dir='ltr'>Ναινεηιὸτιῃ,</span> <span class='ocrx_word' id='word_1_425' title='bbox 1370 4362 1484 4402; x_wconf 75' lang='lat' dir='ltr'>urbs</span> <span class='ocrx_word' id='word_1_426' title='bbox 1506 4361 1702 4410; x_wconf 66' lang='lat' dir='ltr'>ant&#39;qtza</span> <span class='ocrx_word' id='word_1_427' title='bbox 1723 4369 1767 4402; x_wconf 77' lang='lat' dir='ltr'>et</span> <span class='ocrx_word' id='word_1_428' title='bbox 1791 4359 2061 4412; x_wconf 56' lang='lat' dir='ltr'>{mperialiffi</span> <span class='ocrx_word' id='word_1_429' title='bbox 2083 4372 2206 4402; x_wconf 76' lang='lat' dir='ltr'>anno</span> <span class='ocrx_word' id='word_1_430' title='bbox 2230 4365 2329 4402; x_wconf 71' lang='lat'>1805</span> <span class='ocrx_word' id='word_1_431' title='bbox 2349 4363 2570 4402; x_wconf 66' lang='lat' dir='ltr'>Bavartae</span> <span class='ocrx_word' id='word_1_432' title='bbox 2583 4367 2708 4408; x_wconf 70' lang='lat' dir='ltr'>regno</span> <span class='ocrx_word' id='word_1_433' title='bbox 2722 4348 2861 4392; x_wconf 50' lang='lat'>“³³5⁸</span> 
     </span>
    </p>
   </div>
  </div>
 </body>
</html>
