<?xml version="1.0" encoding="UTF-8"?>
<!DOCTYPE html PUBLIC "-//W3C//DTD XHTML 1.0 Transitional//EN"
    "http://www.w3.org/TR/xhtml1/DTD/xhtml1-transitional.dtd">
<html xmlns="http://www.w3.org/1999/xhtml" xml:lang="en" lang="en">
 <head>
  <title>
</title>
<meta http-equiv="Content-Type" content="text/html;charset=utf-8" />
  <meta name='ocr-system' content='tesseract 3.04.00' />
  <meta name='ocr-capabilities' content='ocr_page ocr_carea ocr_par ocr_line ocrx_word'/>
</head>
<body>
  <div class='ocr_page' id='page_1' title='image "./historiaeseuvit05lippgoog_0553.png"; bbox 0 0 2993 4837; ppageno 0'>
   <div class='ocr_carea' id='block_1_1' title="bbox 37 265 2463 336">
    <p class='ocr_par' dir='ltr' id='par_1_1' title="bbox 37 265 2463 336">
     <span class='ocr_line' id='line_1_1' title="bbox 37 265 2463 336; baseline 0.001 -6"><span class='ocrx_word' id='word_1_1' title='bbox 37 265 185 336; x_wconf 59' lang='lat' dir='ltr'><strong>NOV.</strong></span> <span class='ocrx_word' id='word_1_2' title='bbox 242 266 331 330; x_wconf 72' lang='lat'><strong>⁴6</strong></span> <span class='ocrx_word' id='word_1_3' title='bbox 632 285 710 331; x_wconf 75' lang='lat' dir='ltr'><strong>1)ss</strong></span> <span class='ocrx_word' id='word_1_4' title='bbox 758 286 812 331; x_wconf 91' lang='lat' dir='ltr'><strong>s.</strong></span> <span class='ocrx_word' id='word_1_5' title='bbox 867 285 1165 332; x_wconf 69' lang='lat' dir='ltr'><strong>ommno</strong></span> <span class='ocrx_word' id='word_1_6' title='bbox 1214 287 1455 332; x_wconf 65' lang='lat' dir='ltr'><strong>Auum</strong></span> <span class='ocrx_word' id='word_1_7' title='bbox 1504 285 1924 334; x_wconf 69' lang='lat' dir='ltr'><strong>sANeALLaNffl</strong></span> <span class='ocrx_word' id='word_1_8' title='bbox 2336 271 2463 334; x_wconf 72' lang='lat'><strong>5⁴3</strong></span> 
     </span>
    </p>
   </div>
   <div class='ocr_carea' id='block_1_2' title="bbox 37 368 2566 4452">
    <p class='ocr_par' dir='ltr' id='par_1_2' title="bbox 37 368 2566 4452">
     <span class='ocr_line' id='line_1_2' title="bbox 37 368 2548 460; baseline 0.002 -24"><span class='ocrx_word' id='word_1_9' title='bbox 37 368 331 458; x_wconf 71' lang='lat' dir='ltr'><strong>mietem,</strong></span> <span class='ocrx_word' id='word_1_10' title='bbox 391 389 598 454; x_wconf 86' lang='lat' dir='ltr'><strong>quam</strong></span> <span class='ocrx_word' id='word_1_11' title='bbox 663 369 732 437; x_wconf 90' lang='lat' dir='ltr'><strong>in</strong></span> <span class='ocrx_word' id='word_1_12' title='bbox 785 369 1031 439; x_wconf 80' lang='lat' dir='ltr'>Christi</span> <span class='ocrx_word' id='word_1_13' title='bbox 1095 370 1393 448; x_wconf 88' lang='lat' dir='ltr'><strong>servitio,</strong></span> <span class='ocrx_word' id='word_1_14' title='bbox 1448 369 1605 440; x_wconf 90' lang='lat' dir='ltr'><strong>licet</strong></span> <span class='ocrx_word' id='word_1_15' title='bbox 1660 392 1793 439; x_wconf 90' lang='lat' dir='ltr'><strong>non</strong></span> <span class='ocrx_word' id='word_1_16' title='bbox 1852 391 2093 460; x_wconf 87' lang='lat' dir='ltr'><strong>parum</strong></span> <span class='ocrx_word' id='word_1_17' title='bbox 2148 368 2548 453; x_wconf 90' lang='lat' dir='ltr'><strong>laborando,</strong></span> 
     </span>
     <span class='ocr_line' id='line_1_3' title="bbox 37 456 2555 546; baseline 0.002 -21"><span class='ocrx_word' id='word_1_18' title='bbox 37 456 334 542; x_wconf 56' lang='lat' dir='ltr'><strong>possedit,</strong></span> <span class='ocrx_word' id='word_1_19' title='bbox 387 457 784 546; x_wconf 89' lang='lat' dir='ltr'><strong>perturbare</strong></span> <span class='ocrx_word' id='word_1_20' title='bbox 830 458 1203 528; x_wconf 79' lang='lat' dir='ltr'>contendit.</span> <span class='ocrx_word' id='word_1_21' title='bbox 1257 460 1381 528; x_wconf 88' lang='lat' dir='ltr'><strong>Sed</strong></span> <span class='ocrx_word' id='word_1_22' title='bbox 1424 460 1742 546; x_wconf 86' lang='lat' dir='ltr'><strong>quamvis</strong></span> <span class='ocrx_word' id='word_1_23' title='bbox 1790 457 2070 527; x_wconf 87' lang='lat' dir='ltr'><strong>flatibus</strong></span> <span class='ocrx_word' id='word_1_24' title='bbox 2126 458 2555 530; x_wconf 87' lang='lat' dir='ltr'><strong>adversitatis</strong></span> 
     </span>
     <span class='ocr_line' id='line_1_4' title="bbox 142 545 2547 636; baseline 0.001 -22"><span class='ocrx_word' id='word_1_25' title='bbox 142 546 463 635; x_wconf 88' lang='lat' dir='ltr'><strong>porariae</strong></span> <span class='ocrx_word' id='word_1_26' title='bbox 527 545 839 635; x_wconf 90' lang='lat' dir='ltr'><strong>pulsata,</strong></span> <span class='ocrx_word' id='word_1_27' title='bbox 901 547 1199 616; x_wconf 90' lang='lat' dir='ltr'><strong>radicem</strong></span> <span class='ocrx_word' id='word_1_28' title='bbox 1268 561 1496 636; x_wconf 89' lang='lat' dir='ltr'><strong>petrae</strong></span> <span class='ocrx_word' id='word_1_29' title='bbox 1556 548 1856 616; x_wconf 85' lang='lat' dir='ltr'><strong>veritatis</strong></span> <span class='ocrx_word' id='word_1_30' title='bbox 1910 546 2172 616; x_wconf 87' lang='lat' dir='ltr'><strong>habens</strong></span> <span class='ocrx_word' id='word_1_31' title='bbox 2223 548 2547 628; x_wconf 82' lang='lat' dir='ltr'><strong>infixam,</strong></span> 
     </span>
     <span class='ocr_line' id='line_1_5' title="bbox 98 634 2555 726; baseline 0.002 -25"><span class='ocrx_word' id='word_1_32' title='bbox 98 635 307 703; x_wconf 89' lang='lat' dir='ltr'><strong>radisi</strong></span> <span class='ocrx_word' id='word_1_33' title='bbox 364 634 614 704; x_wconf 81' lang='lat' dir='ltr'><strong>cedrus</strong></span> <span class='ocrx_word' id='word_1_34' title='bbox 682 635 1083 705; x_wconf 90' lang='lat' dir='ltr'><strong>inconvulsa</strong></span> <span class='ocrx_word' id='word_1_35' title='bbox 1153 637 1554 726; x_wconf 81' lang='lat' dir='ltr'><strong>permansit.</strong></span> <span class='ocrx_word' id='word_1_36' title='bbox 1623 641 1790 705; x_wconf 89' lang='lat' dir='ltr'><strong>Nam</strong></span> <span class='ocrx_word' id='word_1_37' title='bbox 1859 637 2175 706; x_wconf 82' lang='lat' dir='ltr'><strong>warinus</strong></span> <span class='ocrx_word' id='word_1_38' title='bbox 2242 651 2307 705; x_wconf 93' lang='lat' dir='ltr'><strong>et</strong></span> <span class='ocrx_word' id='word_1_39' title='bbox 2373 643 2555 706; x_wconf 89' lang='lat' dir='ltr'><strong>Rua-</strong></span> 
     </span>
     <span class='ocr_line' id='line_1_6' title="bbox 102 723 2556 815; baseline 0.001 -24"><span class='ocrx_word' id='word_1_40' title='bbox 102 723 366 803; x_wconf 89' lang='lat' dir='ltr'><strong>ardus,</strong></span> <span class='ocrx_word' id='word_1_41' title='bbox 430 724 548 810; x_wconf 88' lang='lat' dir='ltr'><strong>qui</strong></span> <span class='ocrx_word' id='word_1_42' title='bbox 600 735 764 793; x_wconf 89' lang='lat' dir='ltr'><strong>tunc</strong></span> <span class='ocrx_word' id='word_1_43' title='bbox 820 724 1146 815; x_wconf 87' lang='lat' dir='ltr'><strong>temporis</strong></span> <span class='ocrx_word' id='word_1_44' title='bbox 1201 726 1407 794; x_wconf 91' lang='lat' dir='ltr'><strong>totius</strong></span> <span class='ocrx_word' id='word_1_45' title='bbox 1460 724 1901 794; x_wconf 84' lang='lat' dir='ltr'><strong>Alemanniae</strong></span> <span class='ocrx_word' id='word_1_46' title='bbox 1957 746 2195 794; x_wconf 91' lang='lat' dir='ltr'><strong>curam</strong></span> <span class='ocrx_word' id='word_1_47' title='bbox 2254 724 2556 794; x_wconf 89' lang='lat' dir='ltr'><strong>admini-</strong></span> 
     </span>
     <span class='ocr_line' id='line_1_7' title="bbox 105 811 2556 905; baseline 0.002 -25"><span class='ocrx_word' id='word_1_48' title='bbox 105 813 340 892; x_wconf 89' lang='lat' dir='ltr'><strong>abant,</strong></span> <span class='ocrx_word' id='word_1_49' title='bbox 403 811 680 882; x_wconf 91' lang='lat' dir='ltr'><strong>diabolo</strong></span> <span class='ocrx_word' id='word_1_50' title='bbox 727 813 1081 893; x_wconf 81' lang='lat' dir='ltr'><strong>suadente,</strong></span> <span class='ocrx_word' id='word_1_51' title='bbox 1123 813 1628 883; x_wconf 89' lang='lat' dir='ltr'><strong>immanissimo</strong></span> <span class='ocrx_word' id='word_1_52' title='bbox 1677 813 2002 883; x_wconf 89' lang='lat' dir='ltr'><strong>avaritiae</strong></span> <span class='ocrx_word' id='word_1_53' title='bbox 2061 814 2298 883; x_wconf 92' lang='lat' dir='ltr'><strong>morbo</strong></span> <span class='ocrx_word' id='word_1_54' title='bbox 2364 837 2556 905; x_wconf 90' lang='lat' dir='ltr'><strong>prae-</strong></span> 
     </span>
     <span class='ocr_line' id='line_1_8' title="bbox 38 901 2554 993; baseline 0.002 -24"><span class='ocrx_word' id='word_1_55' title='bbox 38 901 209 981; x_wconf 70' lang='lat' dir='ltr'><strong>tenti,</strong></span> <span class='ocrx_word' id='word_1_56' title='bbox 267 922 378 970; x_wconf 90' lang='lat' dir='ltr'><strong>res</strong></span> <span class='ocrx_word' id='word_1_57' title='bbox 418 901 866 971; x_wconf 89' lang='lat' dir='ltr'><strong>ecclesiarum</strong></span> <span class='ocrx_word' id='word_1_58' title='bbox 920 902 1051 971; x_wconf 92' lang='lat' dir='ltr'><strong>sub</strong></span> <span class='ocrx_word' id='word_1_59' title='bbox 1090 923 1217 970; x_wconf 87' lang='lat' dir='ltr'><strong>sua</strong></span> <span class='ocrx_word' id='word_1_60' title='bbox 1256 915 1580 992; x_wconf 76' lang='lat' dir='ltr'><strong>potestate</strong></span> <span class='ocrx_word' id='word_1_61' title='bbox 1614 902 1928 982; x_wconf 90' lang='lat' dir='ltr'><strong>sitarum,</strong></span> <span class='ocrx_word' id='word_1_62' title='bbox 1969 924 2216 991; x_wconf 87' lang='lat' dir='ltr'><strong>magna</strong></span> <span class='ocrx_word' id='word_1_63' title='bbox 2252 924 2331 971; x_wconf 86' lang='lat' dir='ltr'><strong>ex</strong></span> <span class='ocrx_word' id='word_1_64' title='bbox 2364 917 2554 993; x_wconf 89' lang='lat' dir='ltr'><strong>parte</strong></span> 
     </span>
     <span class='ocr_line' id='line_1_9' title="bbox 43 989 2551 1079; baseline 0.002 -23"><span class='ocrx_word' id='word_1_65' title='bbox 43 1010 79 1056; x_wconf 90' lang='lat' dir='ltr'><strong>n</strong></span> <span class='ocrx_word' id='word_1_66' title='bbox 130 990 570 1079; x_wconf 87' lang='lat' dir='ltr'><strong>proprietatis</strong></span> <span class='ocrx_word' id='word_1_67' title='bbox 612 1013 776 1059; x_wconf 88' lang='lat' dir='ltr'><strong>suae</strong></span> <span class='ocrx_word' id='word_1_68' title='bbox 809 989 1198 1059; x_wconf 89' lang='lat' dir='ltr'><strong>dominium</strong></span> <span class='ocrx_word' id='word_1_69' title='bbox 1262 1012 1380 1079; x_wconf 90' lang='lat' dir='ltr'><strong>per</strong></span> <span class='ocrx_word' id='word_1_70' title='bbox 1437 991 1571 1059; x_wconf 92' lang='lat' dir='ltr'><strong>vim</strong></span> <span class='ocrx_word' id='word_1_71' title='bbox 1622 1004 2130 1059; x_wconf 84' lang='lat' dir='ltr'><strong>contraxerunt.</strong></span> <span class='ocrx_word' id='word_1_72' title='bbox 2198 991 2326 1073; x_wconf 87' lang='lat' dir='ltr'><strong>Qui</strong></span> <span class='ocrx_word' id='word_1_73' title='bbox 2390 1014 2551 1061; x_wconf 90' lang='lat' dir='ltr'><strong>cum</strong></span> 
     </span>
     <span class='ocr_line' id='line_1_10' title="bbox 39 1077 2556 1170; baseline 0.002 -26"><span class='ocrx_word' id='word_1_74' title='bbox 39 1077 138 1146; x_wconf 61' lang='lat' dir='ltr'><strong>iibi</strong></span> <span class='ocrx_word' id='word_1_75' title='bbox 171 1078 255 1147; x_wconf 93' lang='lat' dir='ltr'><strong>de</strong></span> <span class='ocrx_word' id='word_1_76' title='bbox 307 1079 866 1169; x_wconf 86' lang='lat' dir='ltr'><strong>possessionibus</strong></span> <span class='ocrx_word' id='word_1_77' title='bbox 915 1079 1092 1148; x_wconf 89' lang='lat' dir='ltr'><strong>beati</strong></span> <span class='ocrx_word' id='word_1_78' title='bbox 1126 1078 1299 1149; x_wconf 89' lang='lat' dir='ltr'><strong>Galli</strong></span> <span class='ocrx_word' id='word_1_79' title='bbox 1350 1079 1675 1170; x_wconf 77' lang='lat' dir='ltr'><strong>perplura</strong></span> <span class='ocrx_word' id='word_1_80' title='bbox 1715 1080 1949 1149; x_wconf 91' lang='lat' dir='ltr'><strong>eodem</strong></span> <span class='ocrx_word' id='word_1_81' title='bbox 1991 1079 2349 1150; x_wconf 90' lang='lat' dir='ltr'><strong>violentiae</strong></span> <span class='ocrx_word' id='word_1_82' title='bbox 2378 1103 2556 1150; x_wconf 85' lang='lat' dir='ltr'><strong>ausu</strong></span> 
     </span>
     <span class='ocr_line' id='line_1_11' title="bbox 45 1167 2555 1258; baseline 0.002 -25"><span class='ocrx_word' id='word_1_83' title='bbox 45 1167 522 1246; x_wconf 47' lang='lat' dir='ltr'><strong>‘indicassenh</strong></span> <span class='ocrx_word' id='word_1_84' title='bbox 587 1168 689 1236; x_wconf 89' lang='lat' dir='ltr'><strong>vir</strong></span> <span class='ocrx_word' id='word_1_85' title='bbox 765 1167 879 1236; x_wconf 85' lang='lat' dir='ltr'><strong>Dei</strong></span> <span class='ocrx_word' id='word_1_86' title='bbox 951 1168 1366 1250; x_wconf 78' lang='lat' dir='ltr'><strong>OthmaruS,</strong></span> <span class='ocrx_word' id='word_1_87' title='bbox 1444 1190 1576 1237; x_wconf 88' lang='lat' dir='ltr'><strong>non</strong></span> <span class='ocrx_word' id='word_1_88' title='bbox 1643 1168 2196 1258; x_wconf 89' lang='lat' dir='ltr'><strong>possessionibus</strong></span> <span class='ocrx_word' id='word_1_89' title='bbox 2269 1169 2555 1238; x_wconf 88' lang='lat' dir='ltr'><strong>terrenis</strong></span> 
     </span>
     <span class='ocr_line' id='line_1_12' title="bbox 48 1255 2555 1346; baseline 0.002 -23"><span class='ocrx_word' id='word_1_90' title='bbox 48 1255 309 1338; x_wconf 76' lang='lat' dir='ltr'><strong>nhianS,</strong></span> <span class='ocrx_word' id='word_1_91' title='bbox 367 1255 488 1324; x_wconf 91' lang='lat' dir='ltr'><strong>sed</strong></span> <span class='ocrx_word' id='word_1_92' title='bbox 565 1256 985 1326; x_wconf 89' lang='lat' dir='ltr'><strong>coenobialis</strong></span> <span class='ocrx_word' id='word_1_93' title='bbox 1036 1257 1230 1338; x_wconf 90' lang='lat' dir='ltr'><strong>vitae,</strong></span> <span class='ocrx_word' id='word_1_94' title='bbox 1277 1257 1343 1325; x_wconf 90' lang='lat' dir='ltr'><strong>in</strong></span> <span class='ocrx_word' id='word_1_95' title='bbox 1396 1257 1633 1325; x_wconf 90' lang='lat' dir='ltr'><strong>eodem</strong></span> <span class='ocrx_word' id='word_1_96' title='bbox 1697 1257 1841 1325; x_wconf 94' lang='lat' dir='ltr'><strong>loco</strong></span> <span class='ocrx_word' id='word_1_97' title='bbox 1898 1278 2123 1325; x_wconf 90' lang='lat' dir='ltr'><strong>rerum</strong></span> <span class='ocrx_word' id='word_1_98' title='bbox 2192 1257 2555 1346; x_wconf 84' lang='lat' dir='ltr'><strong>ingruente</strong></span> 
     </span>
     <span class='ocr_line' id='line_1_13' title="bbox 47 1343 2553 1436; baseline 0.002 -25"><span class='ocrx_word' id='word_1_99' title='bbox 47 1345 322 1425; x_wconf 69' lang='lat' dir='ltr'><strong>tenuria,</strong></span> <span class='ocrx_word' id='word_1_100' title='bbox 381 1343 726 1414; x_wconf 87' lang='lat' dir='ltr'><strong>defectum</strong></span> <span class='ocrx_word' id='word_1_101' title='bbox 792 1358 1294 1434; x_wconf 85' lang='lat' dir='ltr'><strong>praemetuens,</strong></span> <span class='ocrx_word' id='word_1_102' title='bbox 1346 1347 1668 1434; x_wconf 86' lang='lat' dir='ltr'><strong>Pipinum</strong></span> <span class='ocrx_word' id='word_1_103' title='bbox 1723 1350 1972 1435; x_wconf 83' lang='lat' dir='ltr'><strong>Regem</strong></span> <span class='ocrx_word' id='word_1_104' title='bbox 2024 1345 2217 1429; x_wconf 90' lang='lat' dir='ltr'><strong>adiit,</strong></span> <span class='ocrx_word' id='word_1_105' title='bbox 2264 1347 2395 1436; x_wconf 85' lang='lat' dir='ltr'><strong>ipsi</strong></span> <span class='ocrx_word' id='word_1_106' title='bbox 2449 1360 2553 1436; x_wconf 81' lang='lat' dir='ltr'><strong>ty-</strong></span> 
     </span>
     <span class='ocr_line' id='line_1_14' title="bbox 48 1433 2549 1524; baseline 0.002 -25"><span class='ocrx_word' id='word_1_107' title='bbox 48 1433 364 1503; x_wconf 87' lang='lat' dir='ltr'><strong>·annicam</strong></span> <span class='ocrx_word' id='word_1_108' title='bbox 429 1456 669 1503; x_wconf 90' lang='lat' dir='ltr'><strong>eorum</strong></span> <span class='ocrx_word' id='word_1_109' title='bbox 736 1434 1362 1524; x_wconf 84' lang='lat' dir='ltr'><strong>praesumptionem</strong></span> <span class='ocrx_word' id='word_1_110' title='bbox 1412 1434 1749 1523; x_wconf 84' lang='lat' dir='ltr'><strong>exposuit,</strong></span> <span class='ocrx_word' id='word_1_111' title='bbox 1803 1435 2056 1524; x_wconf 89' lang='lat' dir='ltr'><strong>pariter</strong></span> <span class='ocrx_word' id='word_1_112' title='bbox 2114 1446 2549 1524; x_wconf 65' lang='lat' dir='ltr'><strong>protestatus»,</strong></span> 
     </span>
     <span class='ocr_line' id='line_1_15' title="bbox 50 1522 2552 1624; baseline 0.002 -34"><span class='ocrx_word' id='word_1_113' title='bbox 50 1543 211 1624; x_wconf 63' lang='lat' dir='ltr'><strong>grave</strong></span> <span class='ocrx_word' id='word_1_114' title='bbox 255 1544 417 1591; x_wconf 92' lang='lat' dir='ltr'><strong>eum</strong></span> <span class='ocrx_word' id='word_1_115' title='bbox 471 1522 732 1591; x_wconf 85' lang='lat' dir='ltr'><strong>crimen</strong></span> <span class='ocrx_word' id='word_1_116' title='bbox 800 1523 1246 1593; x_wconf 88' lang='lat' dir='ltr'><strong>incursurum</strong></span> <span class='ocrx_word' id='word_1_117' title='bbox 1281 1577 1295 1602; x_wconf 90' lang='lat'>‚</span> <span class='ocrx_word' id='word_1_118' title='bbox 1341 1523 1397 1591; x_wconf 93' lang='lat' dir='ltr'><strong>si</strong></span> <span class='ocrx_word' id='word_1_119' title='bbox 1446 1543 1682 1591; x_wconf 88' lang='lat' dir='ltr'><strong>eorum</strong></span> <span class='ocrx_word' id='word_1_120' title='bbox 1740 1523 2007 1593; x_wconf 91' lang='lat' dir='ltr'><strong>actibus</strong></span> <span class='ocrx_word' id='word_1_121' title='bbox 2060 1523 2552 1594; x_wconf 90' lang='lat' dir='ltr'><strong>consentiendo</strong></span> 
     </span>
     <span class='ocr_line' id='line_1_16' title="bbox 52 1610 2550 1701; baseline 0.001 -21"><span class='ocrx_word' id='word_1_122' title='bbox 52 1624 274 1680; x_wconf 75' lang='lat' dir='ltr'><strong>averet.</strong></span> <span class='ocrx_word' id='word_1_123' title='bbox 318 1617 469 1693; x_wconf 89' lang='lat' dir='ltr'><strong>Qua</strong></span> <span class='ocrx_word' id='word_1_124' title='bbox 508 1634 630 1701; x_wconf 90' lang='lat' dir='ltr'><strong>pro</strong></span> <span class='ocrx_word' id='word_1_125' title='bbox 668 1633 872 1680; x_wconf 89' lang='lat' dir='ltr'><strong>causa</strong></span> <span class='ocrx_word' id='word_1_126' title='bbox 911 1610 1284 1681; x_wconf 88' lang='lat' dir='ltr'><strong>benevolus</strong></span> <span class='ocrx_word' id='word_1_127' title='bbox 1335 1611 1655 1699; x_wconf 89' lang='lat' dir='ltr'><strong>princeps</strong></span> <span class='ocrx_word' id='word_1_128' title='bbox 1691 1625 2060 1698; x_wconf 86' lang='lat' dir='ltr'><strong>utrumque</strong></span> <span class='ocrx_word' id='word_1_129' title='bbox 2108 1613 2550 1693; x_wconf 82' lang='lat' dir='ltr'><strong>convenienS,</strong></span> 
     </span>
     <span class='ocr_line' id='line_1_17' title="bbox 56 1698 2552 1789; baseline 0.002 -23"><span class='ocrx_word' id='word_1_130' title='bbox 56 1701 496 1768; x_wconf 67' lang='lat' dir='ltr'><strong>interminatus</strong></span> <span class='ocrx_word' id='word_1_131' title='bbox 530 1713 630 1770; x_wconf 90' lang='lat' dir='ltr'><strong>est</strong></span> <span class='ocrx_word' id='word_1_132' title='bbox 665 1701 786 1772; x_wconf 87' lang='lat' dir='ltr'><strong>eis,</strong></span> <span class='ocrx_word' id='word_1_133' title='bbox 827 1700 1046 1789; x_wconf 72' lang='lat' dir='ltr'><strong>gratia</strong></span> <span class='ocrx_word' id='word_1_134' title='bbox 1082 1704 1203 1770; x_wconf 73' lang='lat' dir='ltr'><strong>sua</strong></span> <span class='ocrx_word' id='word_1_135' title='bbox 1258 1698 1412 1768; x_wconf 92' lang='lat' dir='ltr'><strong>illos</strong></span> <span class='ocrx_word' id='word_1_136' title='bbox 1443 1699 1864 1769; x_wconf 87' lang='lat' dir='ltr'><strong>omnimodis</strong></span> <span class='ocrx_word' id='word_1_137' title='bbox 1912 1701 2272 1780; x_wconf 80' lang='lat' dir='ltr'><strong>cariturOS,</strong></span> <span class='ocrx_word' id='word_1_138' title='bbox 2311 1702 2369 1770; x_wconf 90' lang='lat' dir='ltr'><strong>si</strong></span> <span class='ocrx_word' id='word_1_139' title='bbox 2421 1724 2552 1770; x_wconf 88' lang='lat' dir='ltr'><strong>non</strong></span> 
     </span>
     <span class='ocr_line' id='line_1_18' title="bbox 52 1787 2558 1876; baseline 0.002 -22"><span class='ocrx_word' id='word_1_140' title='bbox 52 1787 312 1858; x_wconf 64' lang='lat' dir='ltr'><strong>icelesiis</strong></span> <span class='ocrx_word' id='word_1_141' title='bbox 364 1789 528 1869; x_wconf 89' lang='lat' dir='ltr'><strong>Dei,</strong></span> <span class='ocrx_word' id='word_1_142' title='bbox 591 1810 765 1875; x_wconf 89' lang='lat' dir='ltr'><strong>quae</strong></span> <span class='ocrx_word' id='word_1_143' title='bbox 818 1789 1070 1876; x_wconf 86' lang='lat' dir='ltr'><strong>injuste</strong></span> <span class='ocrx_word' id='word_1_144' title='bbox 1118 1790 1624 1866; x_wconf 88' lang='lat' dir='ltr'><strong>abstraxerant,</strong></span> <span class='ocrx_word' id='word_1_145' title='bbox 1683 1789 1942 1876; x_wconf 89' lang='lat' dir='ltr'><strong>absque</strong></span> <span class='ocrx_word' id='word_1_146' title='bbox 2000 1791 2558 1868; x_wconf 84' lang='lat' dir='ltr'><strong>recrastinatione</strong></span> 
     </span>
     <span class='ocr_line' id='line_1_19' title="bbox 52 1877 2559 1966; baseline 0.001 -22"><span class='ocrx_word' id='word_1_147' title='bbox 52 1878 470 1947; x_wconf 67' lang='lat' dir='ltr'><strong>estituerent.</strong></span> <span class='ocrx_word' id='word_1_148' title='bbox 511 1884 584 1946; x_wconf 76' lang='lat' dir='ltr'><strong>At</strong></span> <span class='ocrx_word' id='word_1_149' title='bbox 620 1877 719 1946; x_wconf 87' lang='lat' dir='ltr'><strong>illi</strong></span> <span class='ocrx_word' id='word_1_150' title='bbox 773 1878 1059 1965; x_wconf 90' lang='lat' dir='ltr'><strong>patriam</strong></span> <span class='ocrx_word' id='word_1_151' title='bbox 1114 1890 1518 1966; x_wconf 88' lang='lat' dir='ltr'><strong>repetentes,</strong></span> <span class='ocrx_word' id='word_1_152' title='bbox 1559 1877 1719 1946; x_wconf 91' lang='lat' dir='ltr'><strong>vitio</strong></span> <span class='ocrx_word' id='word_1_153' title='bbox 1756 1878 2150 1966; x_wconf 89' lang='lat' dir='ltr'><strong>rapacitatis</strong></span> <span class='ocrx_word' id='word_1_154' title='bbox 2200 1878 2454 1959; x_wconf 86' lang='lat' dir='ltr'><strong>infecti,</strong></span> <span class='ocrx_word' id='word_1_155' title='bbox 2494 1892 2559 1948; x_wconf 91' lang='lat' dir='ltr'><strong>et</strong></span> 
     </span>
     <span class='ocr_line' id='line_1_20' title="bbox 53 1965 2555 2056; baseline 0.001 -22"><span class='ocrx_word' id='word_1_156' title='bbox 53 1966 276 2034; x_wconf 70' lang='lat' dir='ltr'><strong>iestiali</strong></span> <span class='ocrx_word' id='word_1_157' title='bbox 326 1966 612 2035; x_wconf 89' lang='lat' dir='ltr'><strong>saevitia</strong></span> <span class='ocrx_word' id='word_1_158' title='bbox 676 1967 971 2035; x_wconf 80' lang='lat' dir='ltr'><strong>efferatis</strong></span> <span class='ocrx_word' id='word_1_159' title='bbox 1007 2021 1022 2042; x_wconf 85' lang='lat'><strong>,</strong></span> <span class='ocrx_word' id='word_1_160' title='bbox 1075 1967 1460 2055; x_wconf 85' lang='lat' dir='ltr'><strong>jussionem</strong></span> <span class='ocrx_word' id='word_1_161' title='bbox 1518 1967 1773 2055; x_wconf 88' lang='lat' dir='ltr'><strong>regiam</strong></span> <span class='ocrx_word' id='word_1_162' title='bbox 1821 1965 2286 2056; x_wconf 85' lang='lat' dir='ltr'><strong>neglexerunt.</strong></span> <span class='ocrx_word' id='word_1_163' title='bbox 2321 1969 2555 2036; x_wconf 86' lang='lat' dir='ltr'><strong>Virum</strong></span> 
     </span>
     <span class='ocr_line' id='line_1_21' title="bbox 52 2052 2559 2144; baseline 0.001 -22"><span class='ocrx_word' id='word_1_164' title='bbox 52 2052 210 2122; x_wconf 63' lang='lat' dir='ltr'><strong>aiam</strong></span> <span class='ocrx_word' id='word_1_165' title='bbox 263 2056 377 2124; x_wconf 92' lang='lat' dir='ltr'><strong>Dei</strong></span> <span class='ocrx_word' id='word_1_166' title='bbox 440 2055 874 2135; x_wconf 86' lang='lat' dir='ltr'><strong>Othmarum,</strong></span> <span class='ocrx_word' id='word_1_167' title='bbox 918 2078 1074 2124; x_wconf 92' lang='lat' dir='ltr'><strong>cum</strong></span> <span class='ocrx_word' id='word_1_168' title='bbox 1133 2077 1254 2144; x_wconf 85' lang='lat' dir='ltr'><strong>pro</strong></span> <span class='ocrx_word' id='word_1_169' title='bbox 1304 2056 1430 2124; x_wconf 85' lang='lat' dir='ltr'><strong>hac</strong></span> <span class='ocrx_word' id='word_1_170' title='bbox 1494 2076 1564 2123; x_wconf 88' lang='lat' dir='ltr'><strong>re</strong></span> <span class='ocrx_word' id='word_1_171' title='bbox 1629 2056 1871 2123; x_wconf 92' lang='lat' dir='ltr'><strong>iterum</strong></span> <span class='ocrx_word' id='word_1_172' title='bbox 1942 2055 2321 2143; x_wconf 86' lang='lat' dir='ltr'><strong>principem</strong></span> <span class='ocrx_word' id='word_1_173' title='bbox 2368 2056 2559 2124; x_wconf 89' lang='lat' dir='ltr'><strong>adire</strong></span> 
     </span>
     <span class='ocr_line' id='line_1_22' title="bbox 53 2138 2556 2231; baseline 0.001 -21"><span class='ocrx_word' id='word_1_174' title='bbox 53 2138 229 2224; x_wconf 72' lang='lat' dir='ltr'><strong>vellet,</strong></span> <span class='ocrx_word' id='word_1_175' title='bbox 284 2144 523 2212; x_wconf 87' lang='lat' dir='ltr'><strong>missis</strong></span> <span class='ocrx_word' id='word_1_176' title='bbox 576 2143 973 2213; x_wconf 86' lang='lat' dir='ltr'><strong>clanculum</strong></span> <span class='ocrx_word' id='word_1_177' title='bbox 1028 2157 1177 2231; x_wconf 88' lang='lat' dir='ltr'><strong>post</strong></span> <span class='ocrx_word' id='word_1_178' title='bbox 1233 2166 1388 2212; x_wconf 90' lang='lat' dir='ltr'><strong>eum</strong></span> <span class='ocrx_word' id='word_1_179' title='bbox 1447 2142 1807 2223; x_wconf 81' lang='lat' dir='ltr'><strong>militibus.</strong></span> <span class='ocrx_word' id='word_1_180' title='bbox 1870 2144 2162 2212; x_wconf 89' lang='lat' dir='ltr'><strong>vinculis</strong></span> <span class='ocrx_word' id='word_1_181' title='bbox 2225 2143 2556 2231; x_wconf 81' lang='lat' dir='ltr'><strong>injectum</strong></span> 
     </span>
     <span class='ocr_line' id='line_1_23' title="bbox 117 2232 2560 2319; baseline 0.002 -22"><span class='ocrx_word' id='word_1_182' title='bbox 117 2253 143 2297; x_wconf 89' lang='lat' dir='ltr'><strong>r</strong></span> <span class='ocrx_word' id='word_1_183' title='bbox 183 2232 313 2301; x_wconf 91' lang='lat' dir='ltr'><strong>vim</strong></span> <span class='ocrx_word' id='word_1_184' title='bbox 366 2233 610 2301; x_wconf 76' lang='lat' dir='ltr'><strong>reduci</strong></span> <span class='ocrx_word' id='word_1_185' title='bbox 654 2232 979 2302; x_wconf 88' lang='lat' dir='ltr'><strong>fecerunt.</strong></span> <span class='ocrx_word' id='word_1_186' title='bbox 1020 2238 1289 2302; x_wconf 88' lang='lat' dir='ltr'><strong>Necnon</strong></span> <span class='ocrx_word' id='word_1_187' title='bbox 1332 2245 1396 2301; x_wconf 93' lang='lat' dir='ltr'><strong>et</strong></span> <span class='ocrx_word' id='word_1_188' title='bbox 1447 2233 1800 2301; x_wconf 88' lang='lat' dir='ltr'><strong>Lamberto</strong></span> <span class='ocrx_word' id='word_1_189' title='bbox 1840 2232 2143 2312; x_wconf 89' lang='lat' dir='ltr'><strong>cuidam,</strong></span> <span class='ocrx_word' id='word_1_190' title='bbox 2180 2233 2297 2319; x_wconf 88' lang='lat' dir='ltr'><strong>qui</strong></span> <span class='ocrx_word' id='word_1_191' title='bbox 2336 2232 2560 2301; x_wconf 86' lang='lat' dir='ltr'><strong>fratri-</strong></span> 
     </span>
     <span class='ocr_line' id='line_1_24' title="bbox 52 2243 2549 2411; baseline 0.002 -25"><span class='ocrx_word' id='word_1_192' title='bbox 52 2243 152 2402; x_wconf 48' lang='grc' dir='ltr'><strong>εἷς</strong></span> <span class='ocrx_word' id='word_1_193' title='bbox 193 2321 339 2409; x_wconf 89' lang='lat' dir='ltr'><strong>ejus</strong></span> <span class='ocrx_word' id='word_1_194' title='bbox 404 2321 826 2411; x_wconf 83' lang='lat' dir='ltr'><strong>professione</strong></span> <span class='ocrx_word' id='word_1_195' title='bbox 881 2334 1421 2392; x_wconf 78' lang='lat' dir='ltr'><strong>connumeratus</strong></span> <span class='ocrx_word' id='word_1_196' title='bbox 1468 2334 1657 2403; x_wconf 88' lang='lat' dir='ltr'><strong>erat,</strong></span> <span class='ocrx_word' id='word_1_197' title='bbox 1727 2343 1862 2390; x_wconf 89' lang='lat' dir='ltr'><strong>non</strong></span> <span class='ocrx_word' id='word_1_198' title='bbox 1927 2322 2098 2390; x_wconf 88' lang='lat' dir='ltr'><strong>vitae</strong></span> <span class='ocrx_word' id='word_1_199' title='bbox 2169 2321 2549 2402; x_wconf 88' lang='lat' dir='ltr'><strong>sanctitate,</strong></span> 
     </span>
     <span class='ocr_line' id='line_1_25' title="bbox 51 2409 2557 2507; baseline 0.002 -32"><span class='ocrx_word' id='word_1_200' title='bbox 51 2409 535 2507; x_wconf 61' lang='lat' dir='ltr'><strong>persuaserunt,</strong></span> <span class='ocrx_word' id='word_1_201' title='bbox 578 2424 654 2481; x_wconf 90' lang='lat' dir='ltr'><strong>ut</strong></span> <span class='ocrx_word' id='word_1_202' title='bbox 702 2411 760 2480; x_wconf 90' lang='lat' dir='ltr'><strong>ei</strong></span> <span class='ocrx_word' id='word_1_203' title='bbox 814 2410 970 2480; x_wconf 86' lang='lat' dir='ltr'><strong>ficta</strong></span> <span class='ocrx_word' id='word_1_204' title='bbox 1018 2411 1315 2497; x_wconf 86' lang='lat' dir='ltr'><strong>quadam</strong></span> <span class='ocrx_word' id='word_1_205' title='bbox 1372 2410 1880 2481; x_wconf 89' lang='lat' dir='ltr'><strong>machinatione</strong></span> <span class='ocrx_word' id='word_1_206' title='bbox 1937 2409 2246 2479; x_wconf 87' lang='lat' dir='ltr'><strong>luxuriae</strong></span> <span class='ocrx_word' id='word_1_207' title='bbox 2294 2410 2557 2480; x_wconf 89' lang='lat' dir='ltr'><strong>crimen</strong></span> 
     </span>
     <span class='ocr_line' id='line_1_26' title="bbox 53 2498 2560 2589; baseline 0.002 -24"><span class='ocrx_word' id='word_1_208' title='bbox 53 2498 448 2589; x_wconf 84' lang='lat' dir='ltr'><strong>tmpingeret:</strong></span> <span class='ocrx_word' id='word_1_209' title='bbox 508 2499 573 2568; x_wconf 91' lang='lat' dir='ltr'><strong>id</strong></span> <span class='ocrx_word' id='word_1_210' title='bbox 626 2498 1079 2580; x_wconf 78' lang='lat' dir='ltr'><strong>elaboranteS,</strong></span> <span class='ocrx_word' id='word_1_211' title='bbox 1138 2514 1213 2568; x_wconf 91' lang='lat' dir='ltr'><strong>ut</strong></span> <span class='ocrx_word' id='word_1_212' title='bbox 1268 2502 1623 2570; x_wconf 88' lang='lat' dir='ltr'><strong>sanctitate</strong></span> <span class='ocrx_word' id='word_1_213' title='bbox 1676 2501 1826 2588; x_wconf 82' lang='lat' dir='ltr'><strong>ejus</strong></span> <span class='ocrx_word' id='word_1_214' title='bbox 1876 2498 2276 2587; x_wconf 84' lang='lat' dir='ltr'><strong>hujusmodi</strong></span> <span class='ocrx_word' id='word_1_215' title='bbox 2327 2501 2560 2587; x_wconf 87' lang='lat' dir='ltr'><strong>suspi-</strong></span> 
     </span>
     <span class='ocr_line' id='line_1_27' title="bbox 52 2584 2559 2677; baseline 0.002 -26"><span class='ocrx_word' id='word_1_216' title='bbox 52 2584 332 2657; x_wconf 72' lang='lat' dir='ltr'><strong>tionibus</strong></span> <span class='ocrx_word' id='word_1_217' title='bbox 382 2588 763 2671; x_wconf 81' lang='lat' dir='ltr'><strong>infamata,</strong></span> <span class='ocrx_word' id='word_1_218' title='bbox 812 2587 1201 2677; x_wconf 88' lang='lat' dir='ltr'><strong>deponendi</strong></span> <span class='ocrx_word' id='word_1_219' title='bbox 1249 2610 1405 2658; x_wconf 90' lang='lat' dir='ltr'><strong>eum</strong></span> <span class='ocrx_word' id='word_1_220' title='bbox 1460 2591 1889 2659; x_wconf 85' lang='lat' dir='ltr'><strong>occasionem</strong></span> <span class='ocrx_word' id='word_1_221' title='bbox 1960 2590 2364 2658; x_wconf 86' lang='lat' dir='ltr'><strong>invenirent.</strong></span> <span class='ocrx_word' id='word_1_222' title='bbox 2413 2594 2559 2671; x_wconf 87' lang='lat' dir='ltr'><strong>Qua</strong></span> 
     </span>
     <span class='ocr_line' id='line_1_28' title="bbox 53 2675 2561 2771; baseline 0.002 -29"><span class='ocrx_word' id='word_1_223' title='bbox 53 2688 222 2771; x_wconf 64' lang='lat' dir='ltr'><strong>tausa</strong></span> <span class='ocrx_word' id='word_1_224' title='bbox 280 2677 595 2766; x_wconf 87' lang='lat' dir='ltr'><strong>plurimi,</strong></span> <span class='ocrx_word' id='word_1_225' title='bbox 638 2690 772 2746; x_wconf 91' lang='lat' dir='ltr'><strong>tam</strong></span> <span class='ocrx_word' id='word_1_226' title='bbox 817 2676 1093 2746; x_wconf 88' lang='lat' dir='ltr'><strong>dolosae</strong></span> <span class='ocrx_word' id='word_1_227' title='bbox 1140 2675 1456 2746; x_wconf 80' lang='lat' dir='ltr'><strong>factionis</strong></span> <span class='ocrx_word' id='word_1_228' title='bbox 1508 2678 1772 2767; x_wconf 87' lang='lat' dir='ltr'><strong>ignari,</strong></span> <span class='ocrx_word' id='word_1_229' title='bbox 1830 2678 1913 2746; x_wconf 92' lang='lat' dir='ltr'><strong>ad</strong></span> <span class='ocrx_word' id='word_1_230' title='bbox 1980 2677 2352 2747; x_wconf 90' lang='lat' dir='ltr'><strong>concilium</strong></span> <span class='ocrx_word' id='word_1_231' title='bbox 2403 2700 2561 2747; x_wconf 91' lang='lat' dir='ltr'><strong>evo—</strong></span> 
     </span>
     <span class='ocr_line' id='line_1_29' title="bbox 53 2777 282 2833; baseline 0 0"><span class='ocrx_word' id='word_1_232' title='bbox 53 2777 282 2833; x_wconf 78' lang='lat' dir='ltr'><strong>eantur.</strong></span> 
     </span>
     <span class='ocr_line' id='line_1_30' title="bbox 118 2851 2555 2943; baseline -0.001 -18"><span class='ocrx_word' id='word_1_233' title='bbox 118 2851 270 2935; x_wconf 67' lang='grc' dir='ltr'><strong>ἓὸ.</strong></span> <span class='ocrx_word' id='word_1_234' title='bbox 316 2859 556 2941; x_wconf 87' lang='lat' dir='ltr'><strong>Itaque</strong></span> <span class='ocrx_word' id='word_1_235' title='bbox 609 2855 709 2923; x_wconf 94' lang='lat' dir='ltr'><strong>vir</strong></span> <span class='ocrx_word' id='word_1_236' title='bbox 751 2852 1160 2924; x_wconf 86' lang='lat' dir='ltr'><strong>venerabilis</strong></span> <span class='ocrx_word' id='word_1_237' title='bbox 1222 2854 1531 2924; x_wconf 90' lang='lat' dir='ltr'><strong>castitate</strong></span> <span class='ocrx_word' id='word_1_238' title='bbox 1587 2855 1869 2943; x_wconf 78' lang='lat' dir='ltr'><strong>integer,</strong></span> <span class='ocrx_word' id='word_1_239' title='bbox 1914 2856 2084 2924; x_wconf 89' lang='lat' dir='ltr'><strong>vitae</strong></span> <span class='ocrx_word' id='word_1_240' title='bbox 2147 2879 2225 2925; x_wconf 92' lang='lat' dir='ltr'><strong>ac</strong></span> <span class='ocrx_word' id='word_1_241' title='bbox 2285 2878 2555 2924; x_wconf 91' lang='lat' dir='ltr'><strong>morum</strong></span> 
     </span>
     <span class='ocr_line' id='line_1_31' title="bbox 54 2943 2562 3032; baseline 0.004 -29"><span class='ocrx_word' id='word_1_242' title='bbox 54 2943 402 3032; x_wconf 67' lang='lat' dir='ltr'><strong>maturitate</strong></span> <span class='ocrx_word' id='word_1_243' title='bbox 525 2944 933 3023; x_wconf 89' lang='lat' dir='ltr'><strong>randaevus‚</strong></span> <span class='ocrx_word' id='word_1_244' title='bbox 1002 2943 1070 3010; x_wconf 88' lang='lat' dir='ltr'><strong>in</strong></span> <span class='ocrx_word' id='word_1_245' title='bbox 1128 2943 1352 3013; x_wconf 91' lang='lat' dir='ltr'><strong>medio</strong></span> <span class='ocrx_word' id='word_1_246' title='bbox 1400 2943 1796 3020; x_wconf 90' lang='lat' dir='ltr'><strong>collocatur,</strong></span> <span class='ocrx_word' id='word_1_247' title='bbox 1835 2957 1898 3011; x_wconf 91' lang='lat' dir='ltr'><strong>et</strong></span> <span class='ocrx_word' id='word_1_248' title='bbox 1948 2944 2014 3010; x_wconf 88' lang='lat' dir='ltr'><strong>in</strong></span> <span class='ocrx_word' id='word_1_249' title='bbox 2076 2944 2224 3028; x_wconf 84' lang='lat' dir='ltr'><strong>ejus</strong></span> <span class='ocrx_word' id='word_1_250' title='bbox 2274 2967 2562 3013; x_wconf 86' lang='lat' dir='ltr'><strong>accusa-</strong></span> 
     </span>
     <span class='ocr_line' id='line_1_32' title="bbox 56 3031 2561 3121; baseline 0.005 -32"><span class='ocrx_word' id='word_1_251' title='bbox 56 3032 268 3096; x_wconf 81' lang='lat' dir='ltr'><strong>tionem</strong></span> <span class='ocrx_word' id='word_1_252' title='bbox 323 3036 483 3100; x_wconf 91' lang='lat' dir='ltr'><strong>Lam</strong></span> <span class='ocrx_word' id='word_1_253' title='bbox 540 3045 729 3101; x_wconf 89' lang='lat' dir='ltr'><strong>ertus</strong></span> <span class='ocrx_word' id='word_1_254' title='bbox 769 3032 1085 3101; x_wconf 86' lang='lat' dir='ltr'><strong>salsitatis</strong></span> <span class='ocrx_word' id='word_1_255' title='bbox 1137 3032 1472 3111; x_wconf 90' lang='lat' dir='ltr'><strong>minister,</strong></span> <span class='ocrx_word' id='word_1_256' title='bbox 1528 3054 1755 3101; x_wconf 89' lang='lat' dir='ltr'><strong>coram</strong></span> <span class='ocrx_word' id='word_1_257' title='bbox 1808 3031 2134 3101; x_wconf 89' lang='lat' dir='ltr'><strong>omnibus</strong></span> <span class='ocrx_word' id='word_1_258' title='bbox 2172 3047 2561 3121; x_wconf 88' lang='lat' dir='ltr'><strong>praesenta-</strong></span> 
     </span>
     <span class='ocr_line' id='line_1_33' title="bbox 56 3118 2563 3208; baseline 0.004 -30"><span class='ocrx_word' id='word_1_259' title='bbox 56 3118 162 3181; x_wconf 84' lang='lat' dir='ltr'><strong>tur.</strong></span> <span class='ocrx_word' id='word_1_260' title='bbox 210 3122 630 3208; x_wconf 81' lang='lat' dir='ltr'><strong>Acceptaque</strong></span> <span class='ocrx_word' id='word_1_261' title='bbox 682 3120 1002 3208; x_wconf 89' lang='lat' dir='ltr'><strong>loquendi</strong></span> <span class='ocrx_word' id='word_1_262' title='bbox 1056 3120 1353 3202; x_wconf 74' lang='lat' dir='ltr'><strong>licentia,</strong></span> <span class='ocrx_word' id='word_1_263' title='bbox 1394 3121 1694 3189; x_wconf 88' lang='lat' dir='ltr'><strong>veritatis</strong></span> <span class='ocrx_word' id='word_1_264' title='bbox 1760 3118 2039 3193; x_wconf 86' lang='lat' dir='ltr'><strong>oblltus,</strong></span> <span class='ocrx_word' id='word_1_265' title='bbox 2081 3120 2396 3188; x_wconf 87' lang='lat' dir='ltr'><strong>salsitatis</strong></span> <span class='ocrx_word' id='word_1_266' title='bbox 2455 3144 2563 3188; x_wconf 90' lang='lat' dir='ltr'><strong>as-</strong></span> 
     </span>
     <span class='ocr_line' id='line_1_34' title="bbox 48 3207 2556 3296; baseline 0.003 -28"><span class='ocrx_word' id='word_1_267' title='bbox 48 3216 255 3289; x_wconf 61' lang='lat' dir='ltr'><strong>perior,</strong></span> <span class='ocrx_word' id='word_1_268' title='bbox 294 3207 464 3278; x_wconf 84' lang='lat' dir='ltr'><strong>dixit</strong></span> <span class='ocrx_word' id='word_1_269' title='bbox 514 3231 585 3277; x_wconf 91' lang='lat' dir='ltr'><strong>se</strong></span> <span class='ocrx_word' id='word_1_270' title='bbox 634 3210 980 3296; x_wconf 87' lang='lat' dir='ltr'><strong>quandam</strong></span> <span class='ocrx_word' id='word_1_271' title='bbox 1018 3208 1385 3278; x_wconf 84' lang='lat' dir='ltr'><strong>foeminam</strong></span> <span class='ocrx_word' id='word_1_272' title='bbox 1442 3230 1666 3287; x_wconf 88' lang='lat' dir='ltr'><strong>nosse,</strong></span> <span class='ocrx_word' id='word_1_273' title='bbox 1703 3230 1881 3294; x_wconf 86' lang='lat' dir='ltr'><strong>quae</strong></span> <span class='ocrx_word' id='word_1_274' title='bbox 1928 3230 1966 3275; x_wconf 91' lang='lat' dir='ltr'><strong>a</strong></span> <span class='ocrx_word' id='word_1_275' title='bbox 1998 3208 2193 3276; x_wconf 87' lang='lat' dir='ltr'><strong>beato</strong></span> <span class='ocrx_word' id='word_1_276' title='bbox 2246 3208 2386 3275; x_wconf 82' lang='lat' dir='ltr'><strong>viro</strong></span> <span class='ocrx_word' id='word_1_277' title='bbox 2424 3209 2556 3275; x_wconf 91' lang='lat' dir='ltr'><strong>vim</strong></span> 
     </span>
     <span class='ocr_line' id='line_1_35' title="bbox 44 3290 2562 3455; baseline 0.003 -101"><span class='ocrx_word' id='word_1_278' title='bbox 44 3290 416 3455; x_wconf 58' lang='lat' dir='ltr'><strong>[follutionis</strong></span> <span class='ocrx_word' id='word_1_279' title='bbox 480 3297 721 3368; x_wconf 86' lang='lat' dir='ltr'><strong>suisset</strong></span> <span class='ocrx_word' id='word_1_280' title='bbox 794 3319 1137 3387; x_wconf 82' lang='lat' dir='ltr'><strong>perpessa.</strong></span> <span class='ocrx_word' id='word_1_281' title='bbox 1204 3298 1295 3366; x_wconf 82' lang='lat' dir='ltr'><strong>Ad</strong></span> <span class='ocrx_word' id='word_1_282' title='bbox 1367 3296 1551 3384; x_wconf 86' lang='lat' dir='ltr'><strong>quod</strong></span> <span class='ocrx_word' id='word_1_283' title='bbox 1628 3296 1898 3364; x_wconf 89' lang='lat' dir='ltr'><strong>nullum</strong></span> <span class='ocrx_word' id='word_1_284' title='bbox 1955 3296 2225 3384; x_wconf 85' lang='lat' dir='ltr'><strong>penitus</strong></span> <span class='ocrx_word' id='word_1_285' title='bbox 2288 3296 2562 3364; x_wconf 81' lang='lat' dir='ltr'><strong>dedisse</strong></span> 
     </span>
     <span class='ocr_line' id='line_1_36' title="bbox 46 3384 2563 3476; baseline 0.002 -29"><span class='ocrx_word' id='word_1_286' title='bbox 46 3392 235 3476; x_wconf 70' lang='lat' dir='ltr'><strong>’ertur</strong></span> <span class='ocrx_word' id='word_1_287' title='bbox 284 3407 718 3473; x_wconf 87' lang='lat' dir='ltr'><strong>responsum.</strong></span> <span class='ocrx_word' id='word_1_288' title='bbox 752 3391 1117 3472; x_wconf 81' lang='lat' dir='ltr'><strong>Cumquea</strong></span> <span class='ocrx_word' id='word_1_289' title='bbox 1150 3386 1468 3472; x_wconf 81' lang='lat' dir='ltr'><strong>plurimis</strong></span> <span class='ocrx_word' id='word_1_290' title='bbox 1516 3386 1928 3474; x_wconf 86' lang='lat' dir='ltr'><strong>respondere</strong></span> <span class='ocrx_word' id='word_1_291' title='bbox 1969 3398 2325 3474; x_wconf 80' lang='lat' dir='ltr'><strong>cogeretur</strong></span> <span class='ocrx_word' id='word_1_292' title='bbox 2372 3384 2563 3471; x_wconf 88' lang='lat' dir='ltr'><strong>obje-</strong></span> 
     </span>
     <span class='ocr_line' id='line_1_37' title="bbox 58 3470 2554 3563; baseline -0.003 -16"><span class='ocrx_word' id='word_1_293' title='bbox 58 3477 183 3547; x_wconf 70' lang='lat'>0118‚</span> <span class='ocrx_word' id='word_1_294' title='bbox 222 3470 615 3561; x_wconf 85' lang='lat' dir='ltr'><strong>hujusmodi</strong></span> <span class='ocrx_word' id='word_1_295' title='bbox 655 3475 832 3543; x_wconf 89' lang='lat' dir='ltr'><strong>dicto</strong></span> <span class='ocrx_word' id='word_1_296' title='bbox 876 3477 1273 3563; x_wconf 87' lang='lat' dir='ltr'><strong>temperavit</strong></span> <span class='ocrx_word' id='word_1_297' title='bbox 1320 3475 1713 3562; x_wconf 87' lang='lat' dir='ltr'><strong>eloquium:</strong></span> <span class='ocrx_word' id='word_1_298' title='bbox 1764 3498 1798 3540; x_wconf 91' lang='lat'>«</span> <span class='ocrx_word' id='word_1_299' title='bbox 1855 3479 2085 3542; x_wconf 87' lang='lat' dir='ltr'><strong>Fateor</strong></span> <span class='ocrx_word' id='word_1_300' title='bbox 2122 3495 2227 3542; x_wconf 93' lang='lat' dir='ltr'><strong>me</strong></span> <span class='ocrx_word' id='word_1_301' title='bbox 2276 3471 2554 3560; x_wconf 87' lang='lat' dir='ltr'><strong>quidem</strong></span> 
     </span>
     <span class='ocr_line' id='line_1_38' title="bbox 40 3562 2560 3661; baseline 0.002 -37"><span class='ocrx_word' id='word_1_302' title='bbox 40 3570 237 3657; x_wconf 43' lang='lat' dir='ltr'><strong>*supra</strong></span> <span class='ocrx_word' id='word_1_303' title='bbox 300 3565 576 3632; x_wconf 91' lang='lat' dir='ltr'><strong>modum</strong></span> <span class='ocrx_word' id='word_1_304' title='bbox 634 3564 700 3631; x_wconf 89' lang='lat' dir='ltr'><strong>in</strong></span> <span class='ocrx_word' id='word_1_305' title='bbox 757 3562 992 3632; x_wconf 87' lang='lat' dir='ltr'><strong>multis</strong></span> <span class='ocrx_word' id='word_1_306' title='bbox 1046 3585 1413 3652; x_wconf 84' lang='lat' dir='ltr'><strong>peccasse:</strong></span> <span class='ocrx_word' id='word_1_307' title='bbox 1489 3564 1573 3632; x_wconf 92' lang='lat' dir='ltr'><strong>de</strong></span> <span class='ocrx_word' id='word_1_308' title='bbox 1639 3562 2124 3650; x_wconf 81' lang='lat' dir='ltr'><strong>hujusautem</strong></span> <span class='ocrx_word' id='word_1_309' title='bbox 2179 3562 2560 3661; x_wconf 77' lang='lat' dir='ltr'><strong>objectione</strong></span> 
     </span>
     <span class='ocr_line' id='line_1_39' title="bbox 63 3648 2561 3741; baseline 0.007 -37"><span class='ocrx_word' id='word_1_310' title='bbox 63 3649 357 3731; x_wconf 82' lang='lat' dir='ltr'><strong>criminis,</strong></span> <span class='ocrx_word' id='word_1_311' title='bbox 417 3652 659 3721; x_wconf 86' lang='lat' dir='ltr'><strong>secreti</strong></span> <span class='ocrx_word' id='word_1_312' title='bbox 720 3653 847 3720; x_wconf 86' lang='lat' dir='ltr'><strong>mei</strong></span> <span class='ocrx_word' id='word_1_313' title='bbox 915 3653 1393 3741; x_wconf 89' lang='lat' dir='ltr'><strong>inspectorem,</strong></span> <span class='ocrx_word' id='word_1_314' title='bbox 1451 3657 1660 3721; x_wconf 88' lang='lat' dir='ltr'><strong>Deum</strong></span> <span class='ocrx_word' id='word_1_315' title='bbox 1728 3654 1967 3720; x_wconf 85' lang='lat' dir='ltr'><strong>invoco</strong></span> <span class='ocrx_word' id='word_1_316' title='bbox 2017 3663 2275 3719; x_wconf 86' lang='lat' dir='ltr'><strong>testem.</strong></span> <span class='ocrx_word' id='word_1_317' title='bbox 2326 3674 2361 3717; x_wconf 87' lang='lat'>»</span> <span class='ocrx_word' id='word_1_318' title='bbox 2414 3648 2561 3721; x_wconf 82' lang='lat' dir='ltr'><strong>Illis</strong></span> 
     </span>
     <span class='ocr_line' id='line_1_40' title="bbox 64 3738 2564 3830; baseline 0.004 -35"><span class='ocrx_word' id='word_1_319' title='bbox 64 3744 279 3817; x_wconf 79' lang='lat' dir='ltr'><strong>autem,</strong></span> <span class='ocrx_word' id='word_1_320' title='bbox 317 3752 390 3807; x_wconf 90' lang='lat' dir='ltr'><strong>ut</strong></span> <span class='ocrx_word' id='word_1_321' title='bbox 446 3741 655 3830; x_wconf 81' lang='lat' dir='ltr'><strong>hujus</strong></span> <span class='ocrx_word' id='word_1_322' title='bbox 705 3741 857 3809; x_wconf 90' lang='lat' dir='ltr'><strong>facti</strong></span> <span class='ocrx_word' id='word_1_323' title='bbox 912 3763 983 3809; x_wconf 83' lang='lat' dir='ltr'><strong>se</strong></span> <span class='ocrx_word' id='word_1_324' title='bbox 1023 3741 1458 3810; x_wconf 82' lang='lat' dir='ltr'><strong>excusatione</strong></span> <span class='ocrx_word' id='word_1_325' title='bbox 1511 3754 1858 3829; x_wconf 85' lang='lat' dir='ltr'><strong>purgaret,</strong></span> <span class='ocrx_word' id='word_1_326' title='bbox 1895 3740 2220 3809; x_wconf 86' lang='lat' dir='ltr'><strong>attentius</strong></span> <span class='ocrx_word' id='word_1_327' title='bbox 2280 3740 2338 3807; x_wconf 93' lang='lat' dir='ltr'><strong>ei</strong></span> <span class='ocrx_word' id='word_1_328' title='bbox 2393 3738 2564 3806; x_wconf 90' lang='lat' dir='ltr'><strong>insi-</strong></span> 
     </span>
     <span class='ocr_line' id='line_1_41' title="bbox 66 3823 2556 3917; baseline 0.005 -38"><span class='ocrx_word' id='word_1_329' title='bbox 66 3823 386 3909; x_wconf 83' lang='lat' dir='ltr'><strong>stentibuS,</strong></span> <span class='ocrx_word' id='word_1_330' title='bbox 433 3843 656 3899; x_wconf 90' lang='lat' dir='ltr'><strong>mente</strong></span> <span class='ocrx_word' id='word_1_331' title='bbox 706 3851 1036 3909; x_wconf 82' lang='lat' dir='ltr'><strong>securuS,</strong></span> <span class='ocrx_word' id='word_1_332' title='bbox 1100 3829 1518 3897; x_wconf 88' lang='lat' dir='ltr'><strong>conscientia</strong></span> <span class='ocrx_word' id='word_1_333' title='bbox 1583 3827 1780 3910; x_wconf 92' lang='lat' dir='ltr'><strong>liber,</strong></span> <span class='ocrx_word' id='word_1_334' title='bbox 1845 3829 2089 3897; x_wconf 91' lang='lat' dir='ltr'><strong>tacitus</strong></span> <span class='ocrx_word' id='word_1_335' title='bbox 2140 3828 2556 3917; x_wconf 87' lang='lat' dir='ltr'><strong>perduravit.</strong></span> 
     </span>
     <span class='ocr_line' id='line_1_42' title="bbox 68 3904 2563 4019; baseline 0.001 -40"><span class='ocrx_word' id='word_1_336' title='bbox 68 3904 127 3970; x_wconf 83' lang='lat' dir='ltr'><strong>Et</strong></span> <span class='ocrx_word' id='word_1_337' title='bbox 165 3914 308 4010; x_wconf 77' lang='lat' dir='ltr'><strong>quia</strong></span> <span class='ocrx_word' id='word_1_338' title='bbox 358 3918 726 3988; x_wconf 87' lang='lat' dir='ltr'><strong>accusandi</strong></span> <span class='ocrx_word' id='word_1_339' title='bbox 768 3918 1110 3987; x_wconf 87' lang='lat' dir='ltr'><strong>licentiam</strong></span> <span class='ocrx_word' id='word_1_340' title='bbox 1153 3916 1638 4019; x_wconf 88' lang='lat' dir='ltr'><strong>apudjudices</strong></span> <span class='ocrx_word' id='word_1_341' title='bbox 1681 3919 1906 4006; x_wconf 81' lang='lat' dir='ltr'><strong>patere</strong></span> <span class='ocrx_word' id='word_1_342' title='bbox 1936 3917 2273 4006; x_wconf 89' lang='lat' dir='ltr'><strong>cognovit,</strong></span> <span class='ocrx_word' id='word_1_343' title='bbox 2317 3916 2563 3984; x_wconf 89' lang='lat' dir='ltr'><strong>maluit</strong></span> 
     </span>
     <span class='ocr_line' id='line_1_43' title="bbox 75 4004 2564 4095; baseline -0.002 -20"><span class='ocrx_word' id='word_1_344' title='bbox 75 4010 170 4092; x_wconf 66' lang='grc' dir='ltr'><strong>Ρΐς)</strong></span> <span class='ocrx_word' id='word_1_345' title='bbox 196 4007 563 4076; x_wconf 83' lang='lat' dir='ltr'><strong>sinceritate</strong></span> <span class='ocrx_word' id='word_1_346' title='bbox 613 4008 721 4077; x_wconf 82' lang='lat' dir='ltr'><strong>sui</strong></span> <span class='ocrx_word' id='word_1_347' title='bbox 757 4008 1048 4095; x_wconf 91' lang='lat' dir='ltr'><strong>pectoris</strong></span> <span class='ocrx_word' id='word_1_348' title='bbox 1079 4006 1336 4081; x_wconf 85' lang='lat' dir='ltr'><strong>divino,</strong></span> <span class='ocrx_word' id='word_1_349' title='bbox 1378 4028 1588 4091; x_wconf 91' lang='lat' dir='ltr'><strong>quam</strong></span> <span class='ocrx_word' id='word_1_350' title='bbox 1635 4007 1937 4074; x_wconf 86' lang='lat' dir='ltr'><strong>humano</strong></span> <span class='ocrx_word' id='word_1_351' title='bbox 1973 4028 2091 4094; x_wconf 88' lang='lat' dir='ltr'><strong>pro</strong></span> <span class='ocrx_word' id='word_1_352' title='bbox 2123 4004 2564 4075; x_wconf 85' lang='lat' dir='ltr'><strong>excusatione</strong></span> 
     </span>
     <span class='ocr_line' id='line_1_44' title="bbox 74 4088 2564 4184; baseline 0.002 -30"><span class='ocrx_word' id='word_1_353' title='bbox 74 4088 344 4184; x_wconf 72' lang='lat' dir='ltr'><strong>Criminis</strong></span> <span class='ocrx_word' id='word_1_354' title='bbox 391 4095 654 4183; x_wconf 91' lang='lat' dir='ltr'><strong>placere</strong></span> <span class='ocrx_word' id='word_1_355' title='bbox 694 4097 985 4183; x_wconf 88' lang='lat' dir='ltr'><strong>judicio.</strong></span> <span class='ocrx_word' id='word_1_356' title='bbox 1026 4101 1168 4164; x_wconf 85' lang='lat' dir='ltr'><strong>Mox</strong></span> <span class='ocrx_word' id='word_1_357' title='bbox 1221 4117 1406 4184; x_wconf 88' lang='lat' dir='ltr'><strong>erg0,</strong></span> <span class='ocrx_word' id='word_1_358' title='bbox 1445 4109 1519 4163; x_wconf 87' lang='lat' dir='ltr'><strong>ut</strong></span> <span class='ocrx_word' id='word_1_359' title='bbox 1565 4094 1833 4162; x_wconf 75' lang='lat' dir='ltr'><strong>cunctis</strong></span> <span class='ocrx_word' id='word_1_360' title='bbox 1882 4093 2283 4164; x_wconf 88' lang='lat' dir='ltr'><strong>claresceret</strong></span> <span class='ocrx_word' id='word_1_361' title='bbox 2340 4094 2564 4182; x_wconf 87' lang='lat' dir='ltr'><strong>ipsius</strong></span> 
     </span>
     <span class='ocr_line' id='line_1_45' title="bbox 78 4182 2566 4265; baseline 0.006 -31"><span class='ocrx_word' id='word_1_362' title='bbox 78 4183 500 4252; x_wconf 59' lang='lat' dir='ltr'><strong>castimoniam</strong></span> <span class='ocrx_word' id='word_1_363' title='bbox 577 4183 748 4254; x_wconf 80' lang='lat' dir='ltr'><strong>salso</strong></span> <span class='ocrx_word' id='word_1_364' title='bbox 799 4183 1008 4253; x_wconf 88' lang='lat' dir='ltr'><strong>fuisse</strong></span> <span class='ocrx_word' id='word_1_365' title='bbox 1082 4183 1529 4265; x_wconf 84' lang='lat' dir='ltr'><strong>infamatam,</strong></span> <span class='ocrx_word' id='word_1_366' title='bbox 1587 4182 2020 4250; x_wconf 90' lang='lat' dir='ltr'><strong>Lambertum</strong></span> <span class='ocrx_word' id='word_1_367' title='bbox 2089 4182 2257 4251; x_wconf 91' lang='lat' dir='ltr'><strong>ultio</strong></span> <span class='ocrx_word' id='word_1_368' title='bbox 2328 4182 2566 4251; x_wconf 91' lang='lat' dir='ltr'><strong>divina</strong></span> 
     </span>
     <span class='ocr_line' id='line_1_46' title="bbox 83 4263 2565 4420; baseline 0.007 -98"><span class='ocrx_word' id='word_1_369' title='bbox 83 4263 389 4420; x_wconf 48' lang='lat' dir='ltr'><strong>corripuit.</strong></span> <span class='ocrx_word' id='word_1_370' title='bbox 442 4278 605 4343; x_wconf 85' lang='lat' dir='ltr'><strong>Nam</strong></span> <span class='ocrx_word' id='word_1_371' title='bbox 681 4274 972 4342; x_wconf 88' lang='lat' dir='ltr'><strong>febrium</strong></span> <span class='ocrx_word' id='word_1_372' title='bbox 1030 4272 1381 4342; x_wconf 87' lang='lat' dir='ltr'><strong>vexatione</strong></span> <span class='ocrx_word' id='word_1_373' title='bbox 1431 4293 1809 4361; x_wconf 82' lang='lat' dir='ltr'><strong>pervasuS,</strong></span> <span class='ocrx_word' id='word_1_374' title='bbox 1877 4269 2206 4361; x_wconf 83' lang='lat' dir='ltr'><strong>paulatim</strong></span> <span class='ocrx_word' id='word_1_375' title='bbox 2270 4271 2565 4341; x_wconf 91' lang='lat' dir='ltr'><strong>resoluto</strong></span> 
     </span>
     <span class='ocr_line' id='line_1_47' title="bbox 84 4359 2564 4452; baseline 0.002 -30"><span class='ocrx_word' id='word_1_376' title='bbox 84 4362 225 4417; x_wconf 72' lang='lat' dir='ltr'><strong>mem</strong></span> <span class='ocrx_word' id='word_1_377' title='bbox 278 4377 494 4430; x_wconf 89' lang='lat' dir='ltr'><strong>rorum</strong></span> <span class='ocrx_word' id='word_1_378' title='bbox 548 4363 799 4452; x_wconf 88' lang='lat' dir='ltr'><strong>vigore,</strong></span> <span class='ocrx_word' id='word_1_379' title='bbox 848 4363 1159 4431; x_wconf 86' lang='lat' dir='ltr'><strong>contrahi</strong></span> <span class='ocrx_word' id='word_1_380' title='bbox 1220 4360 1465 4451; x_wconf 86' lang='lat' dir='ltr'><strong>coepit.</strong></span> <span class='ocrx_word' id='word_1_381' title='bbox 1523 4359 1767 4447; x_wconf 87' lang='lat' dir='ltr'><strong>Sicque</strong></span> <span class='ocrx_word' id='word_1_382' title='bbox 1827 4360 2157 4430; x_wconf 88' lang='lat' dir='ltr'><strong>omnibus</strong></span> <span class='ocrx_word' id='word_1_383' title='bbox 2232 4360 2564 4430; x_wconf 90' lang='lat' dir='ltr'><strong>membris</strong></span> 
     </span>
    </p>
   </div>
   <div class='ocr_carea' id='block_1_3' title="bbox 211 4471 2406 4543">
    <p class='ocr_par' dir='ltr' id='par_1_3' title="bbox 211 4471 2406 4543">
     <span class='ocr_line' id='line_1_48' title="bbox 211 4471 2406 4543; baseline 0.017 -12"><span class='ocrx_word' id='word_1_384' title='bbox 211 4471 424 4536; x_wconf 79' lang='lat' dir='ltr'><strong>surius</strong></span> <span class='ocrx_word' id='word_1_385' title='bbox 451 4511 473 4524; x_wconf 87' lang='lat'>-</span> <span class='ocrx_word' id='word_1_386' title='bbox 512 4479 679 4541; x_wconf 67' lang='lat' dir='ltr'><strong>Vnae</strong></span> <span class='ocrx_word' id='word_1_387' title='bbox 706 4479 809 4543; x_wconf 87' lang='lat' dir='ltr'><strong>ss.</strong></span> <span class='ocrx_word' id='word_1_388' title='bbox 846 4512 870 4525; x_wconf 86' lang='lat'><strong>·</strong></span> <span class='ocrx_word' id='word_1_389' title='bbox 903 4476 1034 4541; x_wconf 81' lang='lat' dir='ltr'><strong>voi.</strong></span> <span class='ocrx_word' id='word_1_390' title='bbox 1062 4477 1162 4543; x_wconf 77' lang='lat' dir='ltr'><strong>xi.</strong></span> <span class='ocrx_word' id='word_1_391' title='bbox 2331 4475 2406 4537; x_wconf 80' lang='lat'><strong>³3</strong></span> 
     </span>
    </p>
   </div>
  </div>
 </body>
</html>
