2993 4837
23 312 189 376 OCT.
250 311 333 375 114

227 488 293 550 S.
346 486 858 567 DONATIANUS
902 488 1104 554 Emsc.

178 593 342 657 Obiit
365 596 625 655 saeculo
647 603 867 674 quarto
886 604 1159 659 exeunte.

90 730 466 790 Mariwnoi..
494 763 579 772 --
608 727 828 806 Brugis
855 731 886 764 *
915 730 1315 793 Flandrorum

23 808 205 870 sancti
222 809 593 870 DoNA'ruxi
623 808 992 871 Rhemensis
1018 809 1311 889 Episcopi.

94 888 177 949 De‘
210 889 326 949 boc
355 887 599 950 Sancto
644 887 833 950 multa
877 890 1034 950 edita
1066 898 1208 951 sunt
1235 892 1316 951 fa·

23 970 220 1030 bulosa
289 984 555 1047 prorsus
602 977 662 1029 et
718 971 1161 1031 commentitia.
1208 970 1317 1031 Hic

23 1050 369 1110 referendas
399 1048 771 1109 censuimus
812 1049 1138 1122 Lectione&
1169 1065 1315 1124 quas

23 1128 313 1189 Henricus
343 1128 661 1204 Josephus
686 1144 802 1188 van
825 1127 1139 1201 Susteren,
1167 1128 1317 1190 Bru·

25 1224 231 1283 gai-uin
301 1208 623 1286 gloriosae
673 1208 1006 1269 memoriae
1048 1207 1309 1282 Praesul,

24 1304 177 1349 anno
240 1286 435 1365 hujus
501 1289 647 1348 aevi
712 1284 812 1358 26,
855 1303 996 1350 cum
1053 1283 1311 1365 Capituli

30 1383 342 1440 consensu,
396 1371 463 1428 in
510 1367 832 1428 Breviario
876 1367 1166 1442 brugensi
1218 1370 1314 1429 in-

32 1456 204 1507 sertas
242 1448 373 1524 legi
426 1449 779 1523 praecepit:
843 1469 867 1501 «
910 1447 1311 1521 DonatianuS,

34 1533 209 1601 patre,
241 1540 311 1587 ut
359 1527 609 1596 serunt,
642 1524 945 1600 Cornelio,
979 1526 1167 1588 nobili
1201 1527 1314 1589 Ro·

32 1622 220 1679 mano,
263 1616 327 1669 et
372 1606 613 1669 Lucina
657 1609 715 1666 in
747 1604 952 1667 Galliis
995 1614 1173 1668 natus
1202 1617 1309 1670 est.

32 1683 90 1744 ln
136 1694 374 1748 tantum
428 1695 652 1747 autern
713 1688 909 1747 crevit
953 1686 1019 1746 in
1062 1704 1132 1749 eo
1176 1705 1311 1749 cum

32 1772 214 1826 aetate
261 1769 427 1827 vitae
494 1766 816 1827 sanctioris
880 1767 1197 1839 meritum,
1245 1775 1313 1830 ut

36 1844 245 1919 dignus
286 1846 510 1918 fuerit,
545 1847 651 1923 qui
685 1846 755 1906 ad
789 1845 1313 1926 archiepiscopalis

36 1921 333 2007 dignitatis
364 1924 693 2002 fastigium
723 1923 1181 1989 sublimaretur.
1214 1928 1315 1989 Est

40 2017 97 2060 in
137 2000 322 2065 Gallia
370 2004 621 2082 Belgica
662 2004 905 2065 ecclesia
952 2004 1314 2067 Rhemensis

42 2084 456 2160 antiquissima
494 2092 563 2146 et
606 2083 1025 2156 celeberrima,
1057 2087 1152 2146 cui
1186 2084 1312 2163 plu-

44 2175 128 2219 res
179 2166 505 2224 sanctitate
559 2165 874 2243 conspicui
928 2165 1192 2242 episcopi
1237 2182 1312 2227 ex

50 2239 240 2302 ordine
286 2244 721 2320 praefuerunt.
765 2244 849 2303 Au
898 2244 1054 2305 lianc
1097 2260 1312 2321 regen-

49 2316 161 2379 dam
200 2325 490 2400 septimo,
537 2321 660 2393 vel,
710 2332 775 2383 ut
822 2323 920 2383 alii
970 2323 1208 2396 volunt,
1253 2340 1311 2384 o-

49 2405 200 2460 ctavo
242 2400 373 2465 loco
417 2412 768 2480 assumptus
797 2412 885 2465 est
917 2402 1312 2478 Donatianus,

45 2476 390 2557 subrogatus
419 2482 484 2544 S.
513 2483 904 2545 Materniano.
932 2486 1059 2560 Quo
1090 2486 1150 2545 in
1182 2500 1313 2546 mu-

46 2571 176 2648 nrere
238 2562 424 2624 talem
492 2577 559 2624 se
625 2565 955 2640 praestitit,
1003 2570 1067 2623 ut
1130 2563 1312 2625 Beato

48 2632 317 2725 liventio
359 2641 649 2720 aliisque,
681 2646 786 2720 qui
834 2644 897 2704 in
938 2645 1146 2704 eodeni
1191 2643 1314 2704 cul·

45 2727 197 2778 mine
238 2736 385 2784 eum
428 2722 624 2784 secuti
688 2727 855 2794 su‘nt,
899 2724 1168 2784 extiterit
1227 2724 1311 2783 vi·

48 2797 215 2858 vendi
272 2802 620 2879 speculum,
664 2811 722 2863 et
765 2811 1004 2863 sanctae
1058 2818 1309 2863 conver·

47 2879 275 2939 sationis
302 2882 641 2958 exemplar.
674 2881 746 2941 Et
777 2898 920 2943 sane
957 2896 1135 2959 quam
1180 2898 1309 2959 spe-

49 2958 219 3035 ctatae
242 2961 497 3022 virtutis
520 2962 724 3031 suerit,
742 2971 1081 3040 quantoque
1110 2962 1310 3024 studio

52 3035 406 3122 tricubuerit,
458 3051 525 3104 ut
556 3042 747 3101 divini
795 3041 965 3103 verbi
1017 3039 1307 3118 pabulum

48 3111 244 3175 ovibus
285 3122 411 3180 suis
474 3137 596 3181 non
656 3121 907 3191 deesset,
953 3122 1166 3196 conjici
1215 3138 1286 3200 po

52 3191 151 3271 test
177 3209 251 3255 ex
284 3197 553 3273 glorioso
573 3199 939 3261 Confessoris
971 3201 1166 3272 titum,
1191 3217 1308 3276 quo

50 3279 101 3324 Π]
141 3270 394 3348 dypticis
457 3279 878 3340 ecclesiasticis
942 3281 1305 3355 insignitur:

53 3357 115 3402 ex
142 3354 343 3436 ⁸vei-bis
380 3374 630 3436 quoque
672 3357 733 3418 S.
769 3358 1164 3436 Hieronymi,
1204 3362 1303 3436 qui

53 3427 301 3519 scribens
316 3433 1041 3512 ailversusVigilantiuni,
1062 3446 1121 3497 et
1138 3441 1307 3501 istius

52 3513 248 3568 aetatis
290 3512 518 3577 Galliae
572 3518 984 3594 episcoporum
1035 3534 1098 3578 se
1143 3535 1305 3595 prae-

56 3577 188 3646 bens
228 3598 664 3665 encomiasten,
696 3599 807 3657 ait:
852 3621 876 3651 α
905 3595 1088 3657 Gallia
1137 3613 1304 3658 mon-

52 3667 178 3753 stra
220 3685 339 3759 non
407 3675 641 3745 babuit,
686 3677 786 3737 sed
858 3679 1008 3737 viris
1066 3694 1305 3754 semper

56 3735 382 3834 fortissimis
427 3762 489 3816 et
550 3755 1057 3832 eloquentissimis
1114 3757 1304 3818 abun·

56 3815 223 3882 «lavit.
259 3851 289 3916 .”
346 3832 434 3894 Ex
484 3835 573 3894 liis
608 3853 775 3908 vero,
806 3839 910 3913 qui
959 3837 1301 3900 invincibili

59 3905 399 3992 strenuitate
441 3922 503 3974 et
544 3915 884 3989 eloquentia
932 3914 1296 3977 Gallicanam

61 3977 344 4076 &celestem
390 3999 700 4072 tantopere
754 3995 1160 4066 illustrarunt,
1203 4011 1303 4056 ex·

65 4059 171 4115 titit
212 4073 415 4143 utique
449 4073 847 4135 Donatianus:
896 4077 999 4151 qui
1045 4083 1106 4135 et
1149 4074 1303 4135 hanc

68 4127 284 4204 laudem
323 4156 383 4207 et
416 4156 660 4230 egregia
704 4155 851 4216 facta
895 4156 956 4214 in
993 4153 1303 4232 pascendis

112 4276 132 4296 Ι.
161 4279 319 4333 ΒΜΩΕΒ
338 4289 385 4328 in
404 4293 606 4344 Belgica.

114 4335 307 4427 ::,‚A¹²¹¹‘.'
326 4353 438 4400 1559,
457 4367 484 4396 a
500 4360 646 4397 Paulo
665 4360 745 4409 Pp.
768 4359 846 4406 IV,
867 4361 1037 4399 erecta.

202 4405 357 4452 Itslice
372 4416 549 4466 Treviri,
562 4423 727 4470 gallico
745 4422 914 4467 Treves,
935 4432 1076 4468 germ.
1094 4423 1234 4466 Trier,
1254 4423 1302 4461 in

836 329 1363 378 uARTYROLOGmu
1425 329 1859 379 ttLUSTRATun

2397 318 2467 382 9⁴
2485 312 2563 382 9*

1378 410 1598 474 Christi
1630 412 1846 473 ovibus
1885 412 2037 475 mira
2077 413 2394 476 sanctitate
2437 431 2651 476 cumu-

1377 491 1540 553 lavit.
1565 492 1715 565 Quia
1745 499 1805 552 et
1835 492 2192 555 Rliemensis
2211 493 2645 572 archiepiscopi

1374 571 1614 647 epistola
1658 570 1731 633 ad
1776 571 2142 633 Balduinum
2173 572 2470 634 Ferreum
2510 589 2647 635 curn

1375 652 1504 727 eius
1530 667 1780 730 corpore
1803 656 1863 713 in
1896 650 2240 714 Flandriam
2270 658 2447 713 missa
2480 669 2649 731 prae-

1374 733 1535 792 dicat
1563 731 1967 793 Donatianum
2007 733 2159 792 mira
2192 734 2522 794 sanctitatis
2553 735 2648 793 vi·

1375 826 1532 882 rum,
1568 812 1738 889 pium
1762 811 2210 883 exauditorem,
2235 820 2296 871 et
2328 813 2650 890 promptis·

1373 892 1600 951 simum
1671 891 1826 967 apud
1896 890 2085 952 Deum
2160 893 2644 964 intercessorem,

1378 979 1498 1031 tam
1557 969 1963 1032 saecularibus
2003 971 2302 1046 angustiis
2343 975 2652 1049 occupatis

1371 1066 1554 1125 quam
1593 1055 1976 1127 peccatorum
2001 1049 2333 1111 sceleribus
2362 1049 2647 1111 detentis.

1373 1129 1684 1208 Postquam
1749 1128 1941 1205 igitur
1983 1130 2069 1189 sic
2119 1128 2511 1205 praesedisset
2555 1146 2647 1206 pa-

1371 1216 1495 1269 stor
1557 1210 1848 1285 egregius
1890 1209 2068 1271 annis
2112 1209 2334 1284 viginti
2397 1226 2646 1275 novem.

1374 1289 1716 1350 mercedem
1763 1287 2038 1349 laborum
2076 1296 2436 1366 recepturus
2471 1306 2499 1349 a
2532 1289 2647 1349 Do-

1374 1369 1544 1429 mino
1587 1364 1658 1428 ad
1705 1367 2024 1429 coelestem
2057 1368 2310 1445 patriam
2356 1370 2649 1443 migravit

1371 1451 1524 1509 circa
1589 1448 1863 1509 medium
1907 1448 2108 1524 quarti
2153 1446 2409 1520 saeculi,
2455 1448 2648 1522 pridie

1373 1528 1507 1589 idus
1549 1528 1832 1589 octobris,
1864 1525 2094 1605 Corpus
2132 1528 2262 1604 ejus
2292 1527 2354 1587 in
2398 1526 2645 1589 ecclesia

1369 1607 1428 1669 S.
1476 1608 1800 1682 Agricolae
1861 1607 2190 1684 sepultum,
2235 1622 2391 1683 quae
2453 1609 2642 1668 sancti

1368 1686 1420 1748 N
1429 1689 1615 1756 icasii,
1639 1689 2239 1748 uniussuccessorum
2256 1688 2382 1764 ejus
2397 1688 2648 1748 nomine

1373 1783 1535 1828 nunc
1595 1766 1955 1844 appellatur,
2004 1768 2189 1829 variis
2237 1765 2473 1828 refulsit
2535 1766 2646 1825 mi-

1372 1846 1611 1907 raculiS.
1661 1846 1892 1908 Deinde
1953 1854 2159 1909 autem
2212 1860 2316 1923 pei·
2362 1845 2641 1906 Carolum

1370 1925 1625 1988 Calvum
1688 1925 2058 1988 Francorum
2114 1941 2345 2002 regem,
2391 1927 2453 1987 in
2499 1927 2648 1986 ami-

1370 2009 1546 2067 citiae
1588 2015 1647 2065 et
1692 2007 2089 2084 protectionis
2142 2022 2284 2066 suae
2332 2010 2644 2077 tesseram,

1369 2103 1435 2146 ac
1468 2085 1844 2147 Rbemorum
1870 2086 2386 2163 archiepiscopum
2411 2081 2481 2145 ad
2515 2083 2644 2145 Bal-

1372 2165 1636 2225 duinum
1662 2164 1950 2225 Ferreum
1983 2163 2302 2227 Flandriae
2332 2167 2643 2237 comitem,

1374 2245 1637 2321 piissimo
1666 2243 1825 2305 dono
1865 2247 2139 2314 missum,
2172 2260 2238 2305 ac
2279 2259 2509 2305 summa
2542 2260 2645 2304 ve·

1374 2324 1688 2383 neratione
1709 2330 2058 2400 susceptum
2079 2324 2351 2385 Tlioralti
2377 2325 2644 2400 primum

1375 2405 1663 2482 tantisper
1692 2403 2027 2482 depositum
2068 2411 2180 2477 est,
2211 2412 2271 2465 et
2299 2404 2546 2464 demum
2582 2405 2642 2464 in

1374 2485 1563 2559 burgo
1603 2483 1900 2560 Brugensi
1959 2485 2028 2544 ad
2077 2483 2376 2545 Sacellum
2422 2482 2644 2544 Mariae

1375 2562 1660 2638 Virginis:
1688 2565 1846 2640 quod
1876 2564 2034 2625 idem
2060 2563 2394 2624 Balduinus
2420 2563 2480 2622 in
2509 2578 2646 2622 san-

1369 2643 1442 2703 cti
1490 2641 1807 2704 Donatiani
1863 2643 2195 2715 basilicam,
2256 2657 2412 2719 quae
2475 2656 2645 2702 nunc

1368 2722 1538 2782 sedes
1560 2721 1908 2798 episcopalis
1927 2729 2016 2784 est
2037 2721 2122 2794 **,
2149 2721 2646 2799 magnificentius

1368 2805 1587 2873 erexit,
1608 2805 1770 2863 vario
1793 2804 2106 2876 signorum
2132 2801 2476 2879 splendore,
2492 2800 2646 2877 ejus·

1368 2881 1504 2941 ilem
1536 2882 1725 2942 sancti
1767 2881 1999 2940 meritis
2041 2880 2406 2942 decoratam.
2443 2879 2645 2956 Atque

1371 2964 1445 3021 ita
1512 2959 1734 3021 factum
1779 2973 1890 3029 est,
1940 2969 2004 3019 ut
2056 2961 2446 3022 Beatissinius
2489 2959 2642 3019 Pon·

1373 3040 1514 3101 tifex
1550 3040 1783 3115 ingenti
1818 3041 2178 3117 populorum
2204 3040 2425 3116 gaudio
2459 3041 2645 3116 ipsius

1368 3121 1653 3186 civitatis,
1698 3127 1759 3179 et
1806 3135 1960 3197 quae
2008 3135 2174 3181 nunc
2217 3126 2306 3179 est
2348 3117 2645 3180 dioecesis

1368 3197 1701 3273 Brugensis
1759 3199 1989 3259 electus
2051 3207 2363 3276 patronus,
2421 3212 2639 3273 magna

1368 3278 1667 3350 religione
1729 3278 1984 3348 colatur,
2041 3286 2108 3339 ut
2175 3281 2356 3338 totius
2419 3285 2644 3338 tractus

1364 3358 1657 3496 {nai-litimi
1689 3359 1955 3419 eximius
1987 3358 2284 3420 tutelariS.
2319 3381 2342 3411 υ
2382 3355 2475 3433 (Ιη
2508 3355 2644 3419 Bol-

1388 3440 1582 3512 ann).

1632 3596 1692 3658 S.
1744 3594 2118 3658 RUSTICUS
2164 3594 2367 3658 Erisc.

1573 3701 1728 3766 Obiit
1775 3705 1946 3766 circa
1994 3721 2231 3765 annum
2292 3704 2433 3767 574.

1442 3838 1805 3900 Mauri-rior..
1855 3872 1928 3881 —
1987 3838 2252 3898 Treviris
2299 3837 2393 3873 *⁴¹*
2447 3840 2639 3900 sancti

1360 3916 1609 3980 Rusrici
1657 3918 1956 3995 Episcopi.

1440 3997 1506 4058 ln
1553 3999 1929 4059 Lectz'onari'o
1982 3997 2050 4058 de
2105 3997 2352 4060 Sanctis
2395 3995 2640 4075 quibus-

1358 4077 1502 4137 dam
1526 4076 1910 4138 'trevirensis
1933 4077 2137 4145 officii,
2160 4078 2453 4148 TreviriS,
2478 4092 2639 4137 anno

1364 4153 1534 4224 1645,
1582 4173 1905 4224 excusum,
1955 4166 2134 4233 atque
2201 4157 2268 4216 atl
2339 4171 2513 4216 usum
2576 4163 2637 4215 et

1358 4298 1584 4338 Boriissia
1614 4308 1730 4346 quae
1759 4299 1983 4338 thntna
2013 4301 2225 4342 vocatur,
2243 4296 2410 4338 civitas
2432 4307 2487 4336 ex
2509 4306 2639 4344 prae·

1359 4361 1526 4409 cipum.
1554 4359 1988 4409 celebrioribusque
2015 4362 2112 4400 tam
2143 4361 2270 4411 apud
2300 4361 2520 4408 antiquos
2551 4361 2638 4398 Ro-

1358 4432 1539 4468 manos,
1559 4433 1697 4471 qnam
1719 4435 1764 4462 in
1788 4434 1903 4463 aevo
1928 4433 2094 4462 meino.
