2993 4837
31 284 179 349 ΚΝ.
246 284 343 348 49
572 297 652 346 ΒΕ
702 301 761 348 s.
812 300 1177 359 susanam,
1232 300 1412 348 REGIS
1461 298 1829 349 mmmmm
1877 299 2044 349 mm
2366 288 2494 352 599

34 385 509 472 onsequitur.
548 385 671 453 Ubi
709 406 868 455 cum
913 406 1049 453 non
1085 396 1349 454 tantum
1387 386 1845 466 incommode,
1891 386 2004 455 sed
2058 397 2123 455 et
2172 386 2418 456 misere
2465 387 2585 457 de-

31 488 210 555 eret,
258 474 339 541 in
402 473 667 543 aemuli
698 472 1065 563 cujusdam
1102 474 1212 542 sui
1241 473 1466 555 aedes,
1503 496 1640 561 quo
1670 497 1793 565 pro
1833 476 2053 565 spatio
2082 476 2587 546 commodiores

32 563 476 643 ’idebantun
520 562 721 652 jussa
761 563 1207 651 immigravit.
1263 562 1391 632 Sed
1442 583 1566 631 nec
1615 563 1711 633 ibi
1771 587 1805 633 a
1859 565 1999 633 enti
2033 564 2257 655 potuit
2289 564 2433 634 ulla
2483 564 2582 634 vel

32 650 497 722 :ommoditas
534 650 636 719 vel
686 651 885 738 quies
940 652 1360 741 contingere,
1450 651 1681 721 uando
1718 663 1783 720 et
1888 676 2013 723 anc
2053 653 2589 723 domesticorum

31 740 347 811 ›eiulans
388 739 485 808 ad
520 738 911 809 inferendas
950 740 1245 828 injurias
1281 740 1401 809 libi
1457 762 1496 809 o
1560 742 2007 841 perturbaret,
2059 754 2123 811 et
2156 740 2348 811 illam
2383 742 2592 811 dene-

31 844 251 919 gatum
288 827 553 918 jussae
586 825 970 899 mansionis
1005 830 1307 918 spatium
1340 829 1797 919 interciperet.
1850 830 2019 900 Inde
2045 853 2206 920 ergo
2255 828 2588 921 migranS,

31 941 86 988 ic
119 918 562 1006 parietibus,
653 919 721 987 ui
760 939 832 986 se
864 918 1357 1004 qualicumque
1390 911 1793 1007 sepimentQ
1848 941 1888 987 a
1923 919 2155 1008 pluvia
2204 918 2286 987 fri
2340 940 2593 1006 oreque

31 1006 517 1088 lesenderant‚
556 1029 633 1075 va
669 1005 989 1089 efficiens,
1028 1007 1114 1076 ad
1154 1007 1344 1096 prius
1393 1006 1772 1096 hospitium
1830 1007 2261 1096 (quandoqui
2315 1029 2422 1075 em
2455 1019 2593 1077 toto

31 1095 281 1185 ippido
320 1094 531 1165 aliud
581 1094 772 1164 adire
820 1096 1108 1165 minime
1154 1094 1479 1184 dabatur)
1528 1095 1871 1177 remeavit,
1926 1096 2195 1166 dicens:
2257 1120 2283 1159 a
2317 1095 2597 1165 Parieti-

31 1186 150 1254 bus
198 1184 509 1271 quidem
541 1185 798 1274 gratias
831 1207 982 1273 ago,
1017 1184 1291 1254 easdem
1330 1183 1732 1254 hominibus
1765 1186 1969 1253 etiam
2007 1197 2243 1255 actura
2273 1184 2587 1266 libenter,

31 1274 83 1340 si
111 1295 363 1354 causa,
409 1293 542 1341 cur
582 1273 649 1342 id
700 1272 1017 1353 facerem,
1073 1273 1475 1343 subesset.»
1528 1274 1635 1343 Sic
1683 1273 1824 1342 filia
1873 1273 2078 1364 Regis
2124 1275 2211 1344 ab
2260 1273 2597 1343 altissimo

35 1361 451 1431 divitiarum
488 1361 795 1431 culmine
853 1361 1135 1451 dejecta,
1188 1384 1492 1450 eousque
1543 1364 1965 1452 paupertatis
2004 1362 2298 1443 devenit,
2339 1373 2438 1443 ut,
2483 1362 2600 1431 ab·

32 1448 181 1519 latis
217 1452 413 1520 vitae
454 1450 859 1521 necessariis
894 1452 1097 1519 etiam
1147 1452 1507 1541 angustias
1543 1450 1872 1539 ergastuli
1939 1452 2182 1542 magiS,
2235 1472 2444 1538 quam
2496 1450 2598 1519 di.-

36 1539 350 1621 versorii,
416 1560 557 1608 non
608 1539 756 1608 sine
797 1539 1232 1609 mendicitate
1295 1540 1805 1628 adspiceretur;
1864 1552 1929 1608 et
1974 1562 2152 1626 quae
2212 1561 2594 1630 pauperum

38 1625 288 1699 liberos
332 1639 659 1697 materna
693 1627 939 1717 pietate
979 1627 1213 1697 tollere
1253 1628 1534 1710 solebat,
1588 1650 1752 1697 suos
1801 1629 1951 1718 ipsa
1979 1643 2337 1719 cogeretur
2369 1627 2598 1698 alendi

44 1717 258 1804 gratia
298 1718 390 1785 ad
435 1715 610 1785 alios
643 1717 1122 1786 transmittere.
1179 1721 1253 1784 In
1310 1718 1435 1786 hac
1477 1731 1700 1786 tamen
1752 1738 1981 1787 rerum
2036 1716 2435 1787 difficultate
2484 1739 2602 1807 po-

43 1804 187 1884 sita,
237 1805 474 1874 nihilo
508 1826 669 1894 ergo
704 1826 1039 1895 pauperes
1075 1805 1307 1875 minus
1359 1805 1808 1889 afficiebatur,
1864 1806 2278 1878 subtrahens
2324 1808 2603 1896 saepius

51 1895 241 1980 genio
273 1916 437 1973 suo,
478 1894 658 1979 quod
695 1894 834 1963 illis
882 1906 1212 1984 erogaret.

130 1984 164 2067 ξ
209 1988 356 2054 15.
418 1982 755 2052 Mirandis
792 1982 949 2083 plus
982 1983 1155 2052 mira
1203 1981 1604 2065 succedunt,
1644 1982 1808 2052 dum
1853 2005 1933 2052 ex
1972 1983 2162 2052 omni
2201 1994 2388 2073 parte
2430 1982 2602 2050 insi-

60 2071 201 2155 gnis
231 2071 617 2161 patientiae
648 2071 1034 2140 clarissima
1081 2072 1489 2142 documenta
1528 2094 1599 2141 se
1650 2070 1972 2162 produnt.
2024 2076 2210 2141 Anus
2258 2071 2599 2159 quaedam

64 2171 206 2256 era-t,
252 2160 366 2229 cui
411 2158 761 2228 Elisabeth
812 2161 1143 2250 languore
1194 2160 1445 2251 pariter
1498 2174 1563 2229 et
1596 2161 1828 2251 inopia
1872 2183 2145 2250 pressae
2188 2159 2403 2230 multa
2455 2160 2600 2249 pie-

70 2254 204 2313 tatis
231 2248 583 2317 beneficia
619 2250 1063 2337 praestiterat.
1103 2254 1294 2318 Forte
1326 2250 1410 2318 iis
1449 2249 1747 2328 duabus,
1785 2271 1822 2318 e
1860 2250 2128 2320 diverso
2167 2248 2435 2318 obviam
2467 2247 2604 2316 sibi

77 2333 272 2404 medio
321 2337 580 2406 itinere
626 2336 846 2420 factis,
903 2359 1041 2425 qua
1091 2338 1483 2408 transituris
1536 2339 1798 2407 munita
1862 2350 2005 2408 erat
2062 2339 2450 2407 extantibus
2499 2336 2606 2404 via

73 2418 387 2509 silicibuS,
457 2426 549 2494 ob
599 2425 1064 2515 profundioris
1112 2429 1305 2496 coeni
1371 2426 1829 2510 volutabrum,
1878 2429 2151 2497 anicula
2201 2427 2439 2496 cedere
2487 2426 2607 2496 be-

70 2510 358 2583 nesatrici
396 2536 573 2584 suae
634 2515 1023 2605 dedignata,
1091 2537 1241 2585 eam
1306 2516 1527 2606 rigido
1583 2530 2028 2606 protervoque
2075 2518 2443 2617 impactam
2488 2536 2606 2583 oc-
2698 2580 2701 2582 Α

69 2617 259 2670 cursu
290 2603 358 2670 in
398 2624 698 2674 coenum
730 2604 1069 2684 deturbat,
1105 2606 1586 2694 jacentemque
1636 2607 1782 2675 risu
1812 2619 1877 2675 et
1906 2606 2233 2675 conviciis
2259 2606 2608 2673 incessens

72 2686 216 2783 abit.
261 2691 643 2771 Elisabetb,
706 2692 966 2783 perlitis
1028 2693 1329 2782 plurimo
1386 2692 1529 2762 luto
1580 2695 1903 2774 vestibus,
1967 2695 2135 2764 adeo
2178 2694 2325 2762 miti
2375 2692 2609 2760 animo

73 2771 311 2846 illatam
356 2781 517 2850 tulit
566 2780 920 2870 injuriam,
963 2795 1040 2850 ut
1066 2782 1454 2851 exundante
1503 2782 1802 2851 laetioris
1850 2781 2306 2854 conscientiae
2356 2780 2610 2868 gaudio

75 2863 319 2937 vultum
356 2869 725 2938 serenitate
767 2869 1063 2958 perfusa,
1104 2871 1485 2940 subriserit.
1542 2875 1785 2939 Verum
1816 2875 1906 2952 Is,
1950 2872 2068 2958 qui
2088 2873 2280 2961 Juxta
2308 2891 2455 2940 esse
2487 2869 2613 2938 tri-

78 2947 313 3026 bulatis
360 2958 747 3040 consuevit,
799 2958 1127 3029 famulam
1182 2980 1405 3039 suam,
1460 2980 1548 3027 ne
1596 2960 1905 3050 graviore
1952 2960 2384 3029 adversitatis
2436 2956 2614 3027 mole

78 3056 293 3137 pressa
334 3045 683 3127 deficeret,
725 3048 850 3115 hoc
880 3047 1080 3117 modo
1110 3047 1437 3136 dignatus
1470 3060 1571 3117 est
1609 3048 1976 3117 consolari.
2030 3049 2300 3130 Quadra
2355 3047 2614 3115 esimae

82 3124 211 3197 dies
248 3132 722 3216 advenerant,
769 3147 836 3204 et
898 3135 1017 3204 illa
1062 3149 1388 3205 consueto
1461 3137 1729 3226 pietatis
1794 3135 2024 3206 studio
2093 3159 2230 3206 rem
2351 3135 2608 3216 ivinam

84 3217 376 3314 audiens,
434 3224 731 3316 genibus
765 3225 1133 3295 nitebatur.
1189 3226 1313 3295 Ubi
1351 3225 1744 3315 expendens
1794 3223 2006 3293 divini
2060 3225 2383 3294 sacrificii
2425 3223 2613 3291 inae-

87 3309 410 3381 stimabile
484 3313 778 3402 pretium
818 3368 833 3394 ‚
888 3313 1465 3385 incalescentibus
1513 3313 1846 3404 paulatim
1923 3312 2389 3402 praecordiis,
2444 3310 2615 3378 adeo

86 3392 451 3494 vehementi
502 3403 805 3492 cogitatu
868 3422 1078 3492 supra
1138 3403 1386 3473 mentis
1436 3425 1659 3472 arcem
1718 3413 1946 3472 evecta
1993 3414 2115 3482 est,
2172 3415 2245 3470 ut
2292 3399 2617 3470 attonitae

93 3483 346 3566 similis,
401 3490 1008 3560 inconniventibus
1059 3490 1347 3561 notabili
1398 3513 1588 3560 mora
1630 3490 2016 3560 luminibus
2064 3512 2253 3560 aram
2324 3487 2614 3567 intueri,

92 3565 165 3633 ab
212 3574 554 3673 Isintrude
604 3578 1140 3669 pedisequarum
1192 3602 1333 3649 una
1382 3580 1469 3648 sit
1517 3579 1862 3649 adnotata.
1917 3580 2049 3649 Abs
2096 3601 2234 3666 qua
2286 3599 2445 3645 cum
2499 3596 2619 3665 pro

99 3650 329 3755 fidpcia
373 3665 863 3737 familiaritatis
926 3668 1266 3739 Elisabeth
1320 3668 1559 3736 multis
1612 3680 2095 3759 perurgeretur
2140 3666 2487 3757 precibus,
2545 3677 2624 3732 ut

98 3745 403 3848 ‘lumnam
446 3754 846 3825 caelestium
891 3778 1119 3826 rerum
1156 3757 1286 3826 sub
1336 3757 1600 3826 attoniti
1653 3768 2057 3847 prospectus
2106 3755 2276 3824 hora
2312 3754 2625 3832 vidisset,

100 3834 365 3936 candide
397 3843 824 3932 patefaceret,
864 3845 948 3913 ad
989 3857 1410 3935 postremum
1454 3846 1584 3914 ait:
1642 3867 1677 3912 «
1707 3851 1847 3915 Non
1884 3857 1985 3916 est
2033 3844 2201 3913 mihi
2247 3843 2627 3933 integrum,

100 3934 134 3980 0
172 3919 311 4017 ‚nna
348 3982 363 4009 ,
408 3953 582 4017 quae
631 3932 919 4002 viderim
953 3988 968 4014 ,
1037 3935 1361 4021 cuiquam
1423 3933 1723 4003 revelare
1788 3931 2209 4003 mortalium.
2266 3932 2340 4000 Id
2394 3945 2629 4000 tamen

107 4021 263 4080 scias
327 4019 552 4102 velim,
617 4043 725 4090 me
774 4043 1052 4091 summo
1103 4022 1416 4092 refertam
1469 4023 1723 4113 gaudio
1770 4023 2027 4102 fuisse,
2088 4032 2324 4110 utpote
2378 4019 2638 4088 mentis

107 4097 282 4168 Oculo
319 4126 566 4178 arcana
614 4109 931 4180 caelestia
997 4110 1605 4200 contemplantem.
1651 4135 1686 4178 »
1737 4111 1948 4182 Paulo
1978 4124 2128 4197 post
2175 4109 2258 4177 ad
2301 4108 2634 4196 hospitio-

111 4173 234 4250 lum
280 4211 536 4268 reversa
569 4254 584 4279 ‚
638 4199 792 4268 cibo
844 4220 1174 4287 perquam
1242 4197 1509 4267 modice
1572 4214 1850 4289 sumpto
1885 4253 1900 4280 ‚
1954 4198 2137 4287 quod
2191 4195 2635 4287 languidiore

116 4284 485 4360 Porpusculo
518 4300 718 4368 esset,
764 4288 1050 4357 caeteris
1088 4287 1439 4376 paulisper
1483 4287 1664 4357 exire
1704 4288 1948 4377 jussis,
1983 4310 2142 4356 cum
2196 4286 2266 4354 in
2306 4286 2628 4355 sudorem

119 4370 261 4442 ¹³2¹,
309 4371 501 4445 veluti
568 4376 972 4463 quiescendi
1022 4376 1288 4466 gratia,
1357 4375 1426 4443 in
1470 4376 1809 4464 gremium
1879 4374 2249 4445 Isintrudis
2302 4373 2628 4444 reclinato
