2993 4837
562 295 691 358 648
1154 313 1231 358 ne
1279 313 1334 358 s,
1381 311 1668 359 emerus.
1719 314 2006 360 mim-vae
2055 315 2129 360 Er
2177 316 2345 360 Amas
2670 296 2808 360 Nox.
2841 300 2898 361 22

471 408 535 464 et
590 394 1055 474 laetabantur,
1120 410 1495 485 coeperunt
1534 418 1674 477 eoS,
1728 399 1846 484 qui
1898 396 2330 478 laborabant,
2404 397 2715 467 ludificari
2751 411 2800 466 et
2833 399 2902 466 di-

471 506 663 553 cere:
722 485 952 553 miseri
981 499 1045 553 et
1080 485 1530 566 miserabiles,
1582 486 1769 555 hunc
1826 487 1944 573 qui
2004 509 2121 557 vos
2176 487 2419 577 affligit
2467 488 2737 557 laborem
2769 488 2904 576 depe

472 574 632 649 nite,
680 586 743 641 et
797 575 1154 644 nobiscum
1195 573 1547 655 laetantes,
1589 597 1707 644 vos
1746 574 2014 644 deliciis
2060 577 2326 664 explete
2372 590 2436 645 et
2485 577 2909 646 libidinibus.et

469 684 596 731 cur
631 674 980 748 tamquam
1015 663 1418 752 insipientes
1449 663 1644 733 duro¹
1669 664 1899 733 labore
1933 665 2425 744 dissolvimini,
2454 680 2516 733 et
2546 678 2777 734 vestrae
2802 669 2913 732 vitae

470 763 778 839 tempora
829 752 1120 841 negotiis
1168 775 1346 839 quae
1396 775 1514 824 vos
1561 753 1900 843 affligunt.
1957 749 2413 823 cohsumitis‘?
2459 759 2625 823 Haec
2668 754 2910 822 dicentes.

469 839 909 908 solvebantur
967 841 1033 907 in
1096 842 1314 910 risum
1356 896 1370 920 ‚
1415 856 1480 909 et
1519 841 1778 912 dabant
1842 842 2164 931 plausum
2211 843 2553 922 manibus,
2620 863 2914 932 magnoque

468 951 638 998 sono
684 951 798 997 eos
847 929 1340 999 cachinnantes
1400 929 1802 999 irridebant.
1859 936 2036 1000 Haec
2085 945 2314 1000 autem
2370 933 2507 1001 illis
2557 932 2908 1001 facientibus.

469 1017 741 1107 pluvios
773 1018 1021 1087 hiemis
1056 1040 1323 1088 menses
1351 1019 1920 1105 tranquillissima
1956 1033 2263 1110 tempora
2294 1032 2719 1110 exceperunt:
2748 1033 2908 1087 eteroe

470 1105 869 1196 pulcrorum
903 1119 968 1175 et
1003 1108 1345 1176 variorum
1389 1108 1636 1176 florum
1690 1109 2146 1198 flagrantibus
2186 1131 2392 1178 omne
2428 1132 2638 1198 genus
2673 1108 2898 1178 odori&

469 1209 661 1284 prata
698 1196 1228 1276 exornabantur,
1252 1212 1315 1264 et
1341 1197 1581 1266 molles
1610 1197 1956 1267 botrorum
1988 1199 2198 1266 series
2228 1199 2718 1284 producebant:
2758 1199 2900 1285 pala*

473 1297 592 1361 tes,
632 1298 695 1353 et
729 1285 915 1353 vario
950 1306 1197 1374 genere
1228 1286 1553 1354 arborum
1591 1287 1765 1354 rami
1816 1286 2151 1356 stillantes
2204 1287 2406 1356 melle
2447 1288 2703 1356 fructus
2750 1285 2904 1375 proda-

470 1373 737 1442 cebant:
777 1375 844 1440 in
878 1375 1131 1459 quibus
1155 1374 1774 1444 animadvertimus
1793 1397 2012 1461 usque
2050 1377 2114 1443 in
2143 1376 2557 1446 hodiernum
2577 1377 2752 1444 diem
2784 1376 2894 1442 abun

470 1461 632 1529 dare
667 1462 871 1530 simul
909 1476 972 1530 et
1006 1463 1324 1553 gratiam,
1364 1463 1665 1532 fructum
1702 1475 1766 1531 et
1796 1464 2134 1533 decorem.
2172 1470 2364 1534 Tunc
2404 1487 2560 1534 cum
2602 1466 2910 1533 laetarenm·

472 1548 577 1617 illi
624 1551 741 1636 qui
794 1551 1370 1621 existimabantur
1417 1573 1568 1622 esse
1617 1553 2043 1640 insipienteS,
2097 1568 2476 1642 coeperunt
2523 1554 2745 1644 lugere
2791 1553 2826 1619 ii
2857 1550 2914 1634 qt:

468 1638 1044 1709 existimabantur
1088 1662 1236 1709 esse
1276 1641 1500 1720 αἰνῶς’,
1535 1642 1748 1726 etqui
1781 1654 1972 1710 erant
2003 1641 2284 1731 gloriosi
2347 1645 2412 1710 in
2448 1666 2570 1711 sua
2619 1641 2914 1733 intellige-n·

473 1727 585 1807 tia,
631 1729 981 1816 perierunt
1017 1730 1080 1796 in
1124 1731 1262 1798 acri
1302 1731 1854 1806 ratiocinatione:
1906 1744 1970 1799 et
2004 1731 2279 1800 tandem
2333 1733 2522 1800 ducti
2573 1733 2912 1821 poenitentia

468 1816 645 1883 inter
680 1840 748 1884 se
794 1833 1308 1887 murmurantes
1338 1831 1401 1886 et
1436 1832 1786 1908 gementes
1826 1820 2186 1888 dicebant:
2245 1821 2313 1888 hi
2351 1833 2515 1889 sunt
2546 1843 2713 1907 quos
2758 1817 2914 1886 hahui-

469 1925 624 1974 mus
668 1906 1005 1986 ludibrio;
1067 1929 1304 1975 eorum
1360 1907 1662 1976 laborem
1731 1908 2058 1997 probrum
2110 1909 2722 1989 existimabamus:
2762 1927 2910 1976 corun

468 1994 672 2062 vitam
716 1994 913 2063 nihili
966 1997 1412 2076 faciebamus,
1457 2008 1810 2082 tamquam
1873 1997 2377 2066 miserabilem:
2431 2020 2667 2067 eorum
2717 1997 2916 2086 figuras:

460 2082 952 2170 judicabamus
984 2106 1131 2154 esse
1167 2085 1551 2174 indignam,
1589 2098 1653 2153 et
1703 2085 2224 2175 intelligentiam
2262 2108 2502 2156 eorum
2539 2089 2682 2155 sine
2720 2087 2912 2154 honore

466 2173 520 2240 Ii
563 2185 789 2241 autem
843 2173 1095 2242 inventi
1130 2185 1290 2241 sunt
1340 2172 1840 2263 intelligentes:
1875 2188 1938 2243 et
1971 2197 2094 2243 nos
2125 2174 2406 2260 quidem
2449 2177 2800 2265 probamur
2820 2185 2916 2264 tuuf

467 2259 678 2330 fuisse
729 2262 1177 2340 miserabileS,
1219 2262 1623 2352 insipientes
1662 2274 1727 2331 et
1773 2264 1987 2344 stulti,
2042 2263 2322 2351 quando
2352 2286 2570 2351 neque
2620 2263 2920 2352 nobisipsis

466 2352 967 2439 operabamur:
1025 2373 1243 2439 neque
1284 2351 1369 2422 iis
1406 2352 1527 2438 qui
1574 2352 2064 2441 operabantur,
2104 2353 2429 2422 dedimus
2458 2355 2527 2421 in
2569 2375 2756 2443 opere
2792 2368 2918 2416 auxi-

467 2439 681 2508 lium:
735 2441 1164 2527 quiquidem
1202 2463 1362 2510 cum
1399 2463 1709 2510 essemus
1753 2441 1816 2508 in
1867 2442 2160 2521 deliciis,
2213 2464 2330 2511 eos
2387 2443 2584 2512 valde
2635 2441 2915 2511 irrisimus:

463 2541 527 2596 et
560 2528 745 2618 ipsos
793 2530 1216 2598 credidimus
1256 2552 1404 2599 esse
1448 2530 1872 2618 insipienteS,
1929 2552 2103 2617 quos
2150 2530 2428 2619 quidem
2485 2554 2664 2600 nunc
2697 2526 2915 2617 resplen-

464 2616 702 2685 dentes
741 2618 1356 2688 animadvertimus
1389 2631 1453 2686 et
1488 2620 1829 2687 florentes,
1867 2642 1903 2685 »

550 2708 588 2792 ξ
635 2708 771 2777 ¹8.
826 2706 914 2773 Ad
958 2709 1119 2775 baec
1157 2707 1328 2776 dixit
1360 2708 1786 2776 Praefectus:
1843 2731 1877 2774 «
1908 2714 1993 2777 Te
2026 2708 2303 2795 quidem
2334 2708 2535 2778 video
2564 2730 2702 2778 esse
2730 2704 2912 2794 sapierr

464 2806 564 2861 ter
612 2794 777 2861 baec
822 2809 1291 2883 persecutum:
1347 2797 1462 2865 sed
1516 2796 1600 2864 ad
1656 2819 1885 2865 meum
1953 2819 2361 2886 responsum
2417 2819 2551 2866 non
2604 2798 2822 2866 videris
2857 2810 2912 2857 re·

463 2882 820 2970 spondere.
857 2905 891 2949 »
943 2885 1342 2953 Valerianus
1373 2885 1579 2953 dixit:
1628 2907 1663 2950 «
1699 2887 1929 2955 Dixisti
1959 2908 2081 2954 nos
2114 2908 2264 2956 esse
2289 2886 2539 2956 stultos
2563 2901 2625 2955 et
2670 2883 2914 2969 insipien·

462 2983 583 3047 tes,
607 2972 787 3057 quod
827 2971 1181 3043 facultates
1206 2986 1474 3044 nostras
1501 2974 1750 3042 damus
1768 2976 2154 3063 egentibus.
2192 2975 2572 3076 proselytos
2597 2974 2910 3062 excipimus-

463 3059 688 3127 viduis
719 3062 1245 3149 suppeditamus
1282 3085 1460 3148 quae
1493 3075 1657 3131 sunt
1700 3066 2106 3139 necessaria,
2146 3065 2482 3152 orphanis
2530 3064 2910 3133 subvenimus.

461 3170 744 3238 corpora
797 3152 1140 3240 insepulta
1207 3153 1547 3240 tegimuS‚
1593 3167 1658 3219 et
1716 3174 1876 3220 cum
1929 3153 2228 3221 maximo
2272 3154 2528 3221 honore
2577 3152 2913 3236 celebrarint<

464 3252 844 3328 martyrum
909 3240 1391 3329 depositiones.
1448 3246 1578 3309 Nos
1627 3253 1856 3309 autem
1894 3241 2025 3310 insi
2089 3242 2300 3310 ientes
2343 3242 2672 3330 judicasti
2715 3254 2769 3308 et
2805 3231 2914 3335 dell·

463 3342 713 3409 rantes,
767 3329 947 3414 quod
982 3351 1140 3398 cum
1184 3329 1266 3398 iis
1300 3329 1420 3414 qui
1466 3329 1828 3405 laetantur,
1869 3351 2002 3399 non
2068 3344 2401 3411 amamur,
2460 3353 2582 3399 nec
2624 3332 2687 3398 in
2731 3325 2912 3396 delicus

462 3417 779 3497 vivimus,
821 3438 942 3485 nec
995 3429 1259 3486 nostras
1307 3417 1666 3505 explemus
1718 3418 2063 3499 libidines,
2112 3440 2235 3487 nec
2288 3418 2709 3488 illiberaliter
2748 3428 2906 3484 sumu·

462 3505 733 3574 lascivis
765 3518 828 3573 et
860 3506 1235 3596 impudicis
1269 3506 1513 3587 oculiS,
1573 3508 2007 3576 ostendentes
2060 3530 2181 3576 nos
2214 3530 2363 3577 esse
2421 3507 2667 3577 liberos
2696 3518 2752 3574 et
2790 3503 2911 3585 inge

464 3616 662 3663 nuoS.
704 3595 936 3663 Veniet
974 3608 1246 3685 tempus
1286 3617 1423 3681 quo
1473 3595 1897 3683 accipiemus
1942 3595 2378 3687 millecuplos
2427 3596 2685 3666 fructus
2730 3600 2910 3661 nostrar

460 3684 873 3765 afflictionis,
929 3697 993 3753 et
1051 3685 1251 3754 nobis
1294 3684 1709 3753 laetantibus
1758 3685 2021 3754 flebunt
2074 3685 2171 3753 illi
2230 3687 2350 3771 qui
2398 3708 2583 3754 nunc
2628 3684 2908 3771 efferuntw

458 3771 764 3842 laetitiis:
818 3785 916 3843 est
954 3774 1139 3841 enim
1193 3795 1378 3843 nunc
1439 3787 1713 3862 tempus
1747 3775 2163 3842 seminandi.
2220 3775 2350 3857 Qui
2394 3796 2557 3865 ergo
2597 3774 2660 3842 in
2687 3773 2791 3840 hac
2825 3774 2905 3827 vlh‘*

452 3863 818 3941 seminant,
858 3884 1035 3949 quae
1065 3874 1226 3931 sunt
1259 3862 1343 3930 ad
1380 3875 1677 3951 tempus,
1723 3862 2091 3953 lacrymas,
2131 3864 2195 3930 in
2239 3863 2356 3931 illa
2393 3864 2582 3932 beata
2615 3874 2678 3930 et
2714 3870 2900 3927 aeterna

456 3951 585 4020 vita
651 3964 904 4020 metent
963 3952 1296 4039 gaudium
1361 3953 1884 4041 sempiternum.
1944 3975 1979 4017 »
2035 3954 2203 4021 Dixit
2275 3952 2696 4021 Praefectus:
2741 3946 2946 4024 «mm

451 4053 513 4108 et
548 4062 692 4119 nos,
756 4053 818 4108 et
870 4040 1103 4109 invicti
1163 4045 1619 4128 Imperatores
1669 4041 1931 4110 luctum
1968 4054 2320 4110 aeternum
2376 4041 2792 4111 habebimus:
2830 4044 2898 4090 VOS

451 4142 675 4197 autem
742 4140 1093 4198 aeternum
1139 4127 1472 4219 gaudium
1519 4129 2067 4219 possidebitis?»
2122 4130 2498 4218 Respondit
2551 4126 2893 4224 Valeriana&

451 4240 485 4282 «
522 4218 695 4299 Quid
740 4219 924 4286 enim
969 4220 1133 4289 estis
1184 4240 1323 4297 VOS,
1377 4231 1496 4286 aut
1531 4220 1733 4287 vestri
1786 4222 2290 4308 Imperatores?
2338 4219 2618 4308 Impleto
2659 4229 2802 4312 enm]
2828 4221 2893 4299 ῩΡ·
2945 4256 2946 4265 =

454 4318 590 4372 stro
662 4320 967 4393 tempore
1028 4308 1420 4387 morientes,
1477 4330 1555 4375 eo
1614 4308 1943 4395 maj0rem
1996 4312 2128 4376 Deo
2189 4308 2353 4377 estis
2416 4306 2715 4376 reddituri
2761 4306 2889 4364 fauo·
2945 4358 2946 4375 2

459 4412 641 4469 nem,
689 4414 825 4476 quo
859 4394 1048 4462 vobis
1084 4394 1170 4463 ab
1220 4417 1297 4463 eo
1336 4396 1556 4485 major
1610 4396 1767 4465 data
1818 4395 1946 4465 fuit
1977 4408 2347 4486 potestas»
2399 4396 2567 4464 Dixit
2611 4385 2886 4460 Praefecto<
2945 4412 2946 4453 3
