2993 4837
583 448 1569 596 MARTYROLOGIUM
1655 448 2227 585 ROMANUM

1078 716 1729 788 ILLUSTRATUM

871 1321 1269 1417 MENSE
1335 1321 1939 1419 NOVEMBRI

130 1562 450 1604 KALENDIS

1159 1558 1261 1598 ΝΕ
1287 1558 1323 1596 1·
1392 1637 1397 1641 Q
1435 1555 1716 1634 pellatum
1762 1556 1881 1619 fuit
1913 1559 1972 1622 S.
2009 1559 2219 1622 Maria
2251 1558 2330 1619 ad
2369 1559 2708 1639 Martyres,

1435 1636 1553 1709 vel,
1602 1641 1812 1714 vulgo,
1860 1639 1936 1700 ab
1983 1639 2115 1714 ejus
2162 1639 2379 1714 forma,
2412 1640 2469 1703 S.
2501 1642 2710 1705 Maria

156 1723 551 1784 Malu-rimor.
599 1749 679 1762 —-
726 1717 1053 1778 Festivitas
1096 1718 1374 1779 omnium
1434 1716 1755 1779 Rotunda.

64 1800 502 1871 Sanctorum,
530 1812 709 1876 quam
742 1798 806 1858 in
841 1798 1137 1858 honorem
1172 1796 1378 1859 beatae

64 1881 201 1942 Dei
242 1878 571 1939 Genitricis
601 1877 877 1952 Virginis
908 1877 1126 1938 Mariae
1156 1883 1218 1937 et
1246 1892 1378 1938 san·

1517 1874 1880 1938 Manrvnot.
1909 1910 1986 1920 —
2017 1876 2382 1940 Tarracinae
2433 1880 2497 1940 in
2529 1877 2714 1942 Cam-

67 1964 344 2021 ctorum
374 1958 705 2036 Martyrum
729 1956 1075 2018 Bonifacius
1102 1956 1256 2034 Papa
1281 1953 1378 2030 lv,
1439 1955 1610 2035 pania
1646 1955 1858 2017 natalis
1883 1960 2074 2019 sancti
2106 1954 2396 2019 Caesann
2432 1959 2707 2034 Diaconi,

70 2039 385 2101 dedicato
420 2038 639 2116 templo
693 2036 1031 2110 Pantheon,
1078 2035 1376 2097 celebrem
1437 2036 1540 2112 qui
1590 2034 1804 2097 diebus
1852 2035 2063 2098 multis
2104 2038 2167 2098 in
2211 2038 2473 2100 custodia
2506 2052 2711 2101 mace·

69 2128 142 2181 et
195 2119 553 2194 generalem
599 2116 864 2178 instituit
917 2118 1012 2191 agi
1055 2117 1381 2195 quotannis
1438 2122 1626 2189 ratus,
1658 2123 1855 2194 postea
1886 2132 2022 2178 cum
2073 2123 2276 2180 sancto
2304 2117 2546 2179 Juliano
2575 2117 2714 2179 Pre-

76 2201 155 2260 in
191 2197 358 2258 urbe
388 2195 597 2259 Roma.
631 2195 745 2256 Sed
779 2202 840 2257 et
870 2194 1200 2273 Gregorius
1233 2198 1375 2257 item
1437 2193 1680 2272 sbytero
1737 2197 1799 2257 in
1853 2212 2095 2258 saccum
2129 2199 2369 2269 missus,
2425 2198 2491 2258 in
2546 2212 2713 2260 mare

77 2278 168 2340 IV
224 2276 613 2355 postmodum
646 2275 941 2348 decrevit,
986 2273 1260 2336 eamdem
1293 2275 1377 2335 se·
1442 2276 1869 2352 praecipitatus
1946 2283 2056 2339 est.

2128 2280 2150 2354 (
2179 2275 2331 2338 Vide
2403 2278 2661 2339 Surium
2693 2325 2710 2351 ‚

76 2360 467 2430 stivttatem‚
506 2370 660 2432 quae
689 2356 874 2415 variis
917 2355 1111 2415 modis
1149 2355 1271 2431 Jam
1318 2356 1381 2416 in
1440 2368 1578 2432 pag.
1623 2354 1752 2430 21).

79 2437 371 2499 diversis
399 2436 675 2497 Ecclesiis
701 2435 1148 2508 celebrabatur,
1183 2437 1245 2496 in
1281 2435 1380 2496 lio-

83 2533 328 2578 norem
354 2517 627 2577 omnium
653 2514 1009 2575 Sanctorum
1037 2515 1383 2577 solemniter

1519 2514 1691 2576 -ln
1721 2522 1915 2577 castro
1955 2515 2211 2577 Divione
2239 2519 2429 2578 sancti
2459 2516 2713 2578 Bmuom

87 2597 211 2658 hac
243 2597 349 2657 die
375 2597 449 2657 ab
479 2597 759 2656 universa
794 2595 1052 2656 Ecclesia
1086 2604 1381 2673 perpetuo
1441 2593 1806 2683 Presbyteri,
1830 2595 1989 2674 quia
2021 2595 2190 2656 beato
2218 2595 2543 2675 Polycarpo
2572 2599 2715 2656 mis·

86 2675 449 2737 observari.

176 2753 539 2815 Bonifacius
592 2751 701 2822 PP.
732 2750 809 2814 IV
852 2753 926 2814 ab
956 2768 1114 2813 anno
1142 2751 1261 2814 608
1290 2771 1382 2816 us-

85 2851 221 2911 que
255 2834 332 2895 ad
364 2847 593 2894 annum
640 2829 760 2891 615
791 2832 1206 2908 pontificatum
1242 2850 1377 2908 ges-

86 2919 197 2973 sit.
254 2912 312 2973 Is
340 2912 412 2973 ab
442 2912 802 2988 imperatore
849 2910 1035 2971 Phoca
1072 2912 1383 2973 Pantheon

1438 2691 1542 2735 sus
1590 2690 1654 2735 in
1705 2673 1961 2737 Galliam
2012 2674 2085 2736 ad
2135 2675 2608 2750 praedicandum
2641 2675 2714 2736 E·

1444 2753 1820 2831 magellum,
1851 2762 2163 2832 postquam
2205 2755 2318 2817 sub
2360 2754 2559 2816 Marco
2590 2753 2714 2817 Au-

1442 2832 1594 2893 relio
1637 2831 2003 2911 Imperatore
2070 2849 2101 2894 a
2162 2832 2455 2895 Terentio
2503 2832 2713 2908 judice

1442 2912 2715 2989 gravissimistormentismultipliciterest

88 2992 405 3053 obtinuit.
431 2989 1383 3070 lnejussepuloraliinscriptione
1440 2990 1731 3060 affectus,
1783 2992 2028 3053 tandem
2085 2992 2308 3055 collum
2357 2993 2487 3070 ejus
2544 3000 2714 3054 vecte

88 3088 327 3132 versus
366 3079 689 3148 sequentes
733 3071 1063 3146 leguntur:

152 3185 394 3234 Gregorio
422 3187 483 3225 IV
506 3188 635 3235 jacet
662 3186 736 3225 hic
764 3187 1034 3226 Bonifactns
1055 3187 1218 3231 almus.

151 3244 320 3290 lituus
361 3241 442 3289 qul
477 3241 605 3280 sedis
634 3241 726 3279 tuit
753 3250 932 3288 aequus
967 3242 1137 3279 Rector
1167 3245 1215 3279 et
1244 3241 1386 3284 aedis.

153 3297 395 3344 Tempore
416 3321 428 3340 ‚
461 3294 550 3343 qui
584 3295 732 3334 Pocae
771 3304 970 3334 cernen-
1002 3294 1250 3343 Templum
1285 3295 1385 3335 fore

151 3400 374 3441 Delubra
383 3401 660 3440 cunctorum
670 3400 863 3440 fuerunt
876 3409 997 3449 quae
1012 3348 1385 3448 Daemonlitoorffilxan‘z

154 3454 261 3494 1100
295 3455 594 3504 expurgavit,
623 3451 805 3494 Sanctis
834 3454 1111 3503 cunctisque
1139 3451 1328 3494 dicavit..

185 3548 526 3625 Gregorius
548 3549 654 3611 PP.
677 3547 753 3610 IV
772 3549 847 3610 ab
868 3565 1032 3611 anno
1052 3549 1169 3611 827
1194 3566 1382 3628 usque

97 3629 176 3691 ad
247 3627 368 3690 844
428 3629 602 3690 sedit.
663 3628 981 3692 Pantheon
1052 3629 1384 3692 excitatum

101 3709 227 3770 fuit
250 3724 285 3770 a
312 3707 505 3768 Marco
530 3709 791 3787 Agrippa
827 3711 1078 3772 tertium
1113 3709 1382 3784 consule,

102 3788 375 3866 Augusti
440 3795 748 3866 tempore,
808 3797 948 3850 ante
1007 3788 1229 3850 Christi
1285 3790 1384 3850 ad-

103 3876 375 3928 ventum
451 3882 612 3930 anno
665 3868 764 3928 25.
827 3868 908 3929 lta
969 3877 1383 3946 nuncupatum

104 3944 246 4018 fuit,
282 3947 380 4008 vel
412 3947 550 4026 quia
593 3949 655 4007 in
694 3950 1035 4009 simulacris
1079 3949 1286 4010 Martis
1327 3958 1386 4011 et

107 4021 371 4088 Veneris
405 4026 625 4087 multas
666 4027 925 4088 deorum
966 4029 1264 4103 imagines
1290 4045 1381 4089 ac-

110 4104 382 4180 ciperet,
414 4105 512 4167 vel
542 4105 684 4182 quia
718 4106 901 4169 forma
942 4108 1213 4182 ejusdem
1243 4123 1384 4167 con-

111 4197 259 4246 vexa
300 4186 665 4263 fastigiatam
715 4186 863 4247 coeli
914 4186 1384 4248 similitudinem

1442 3071 1641 3132 ferreo
1703 3070 1901 3144 tundi,
1951 3079 2012 3132 et
2073 3087 2289 3150 corpus
2337 3074 2535 3134 lancea
2585 3088 2713 3150 pei·-

1443 3150 1619 3210 forari
1647 3150 1843 3227 jussit.
1881 3151 2059 3229 <Vide
2087 3153 2374 3222 Surium,
2411 3169 2542 3229 pag.
2591 3152 2710 3228 18).

1523 3345 1597 3355 —
1647 3308 1865 3370 Eodem
1896 3309 1993 3370 die
2034 3318 2275 3373 sanctae
2319 3311 2569 3373 Mamas
2595 3329 2713 3374 an-

1442 3389 1638 3462 cillae,
1668 3405 1824 3466 quae
1852 3389 2216 3451 christianae
2247 3391 2567 3468 religionis
2613 3408 2716 3453 no-

1444 3470 1612 3530 mine
1640 3476 1929 3541 accusata,
1974 3469 2089 3530 sub
2118 3469 2422 3532 Hadriano
2453 3470 2717 3549 Impera·

1445 3558 1570 3611 tore
1598 3548 1751 3608 diris
1781 3547 2139 3610 verberibus
2179 3547 2419 3623 afflicta,
2465 3551 2718 3628 equulei

1442 3628 1800 3689 extensione
1839 3633 1901 3688 et
1945 3628 2320 3706 ungularum
2353 3628 2719 3692 laceratione

1445 3715 1679 3778 vexata,
1722 3709 2086 3785 martyrium
2138 3708 2486 3784 complevit.
2536 3710 2722 3789 (virle

1442 3787 1728 3859 Surium,
1778 3802 1910 3866 pag.
1947 3785 2072 3863 32).

1624 3943 1729 4006 SS.
1774 3944 2213 4020 CAESARIUS‚
2258 3943 2540 4008 DACIUS

1710 4068 1782 4112 er
1826 4068 1952 4113 Aru
1993 4069 2255 4123 onmem:
2299 4053 2436 4116 ΜΜ.

1523 4186 1882 4249 Mam-raon.
1912 4220 1988 4233 —
2025 4189 2294 4252 Damasci
2341 4192 2530 4268 passio
2573 4206 2720 4251 san·

109 4267 470 4328 ostenderet.
498 4264 734 4326 Plinius
766 4272 1015 4327 testatur
1040 4267 1248 4327 fanum
1273 4267 1385 4326 hoc
1445 4272 1684 4328 ctorum
1741 4266 2068 4341 CaesAnn,
2110 4266 2291 4330 Dacn
2347 4278 2412 4331 et
2457 4269 2718 4331 aliorum

110 4346 240 4410 Jovi
290 4345 483 4407 Ultori
526 4344 713 4406 fuisse
742 4345 1026 4407 dicatum.
1061 4346 1198 4405 Post
1227 4347 1388 4407 chri·
1445 4347 1737 4425 quinque.

112 4423 369 4491 stianam
389 4423 922 4500 consecrationem,
941 4423 1257 4487 Pantheon
1285 4441 1421 4505 κιρ-ι
1528 4425 1820 4488 Baronius
1862 4429 1924 4488 in
1954 4425 2128 4489 Notis
2154 4428 2225 4490 ad
2278 4427 2524 4505 lllartyr.
2572 4426 2719 4490 haec
