2993 4837
500 314 629 376 672
1090 329 1168 373 DE
1216 329 1269 373 s.
1325 327 1686 375 numium
1737 328 1903 374 vias.
1959 328 2034 374 ET
2084 328 2275 374 mar.
2623 309 2775 373 Now.
2811 312 2875 373 25

495 416 531 499 ξ
582 417 718 484 u.
775 418 939 480 Cum
974 433 1158 501 ergo,
1201 424 1276 481 ut
1311 434 1433 500 par
1463 424 1630 492 erat,
1672 417 1805 481 Deo
1838 412 2138 501 egissent
2177 413 2457 503 gratias,
2493 425 2555 481 et
2591 412 2882 501 inopinato
2953 431 2954 442 ¹

413 501 744 569 miraculo
794 499 1047 569 multos
1094 502 1530 571 attraxissent
1576 499 1660 568 ad
1728 502 2149 590 agnitionem
2213 500 2531 580 veritatiS,
2581 522 2687 569 eas
2741 523 2889 589 prae-

409 588 588 657 clare
636 601 701 656 et
741 601 972 657 sancte
1006 588 1361 677 deponunt
1410 590 1478 657 in
1541 588 1843 674 quodam
1899 589 2070 659 loco.
2125 593 2506 677 Imperator
2539 602 2749 659 autern
2790 593 2892 657 Ma-

408 679 677 747 xentius
719 690 924 745 totam
976 679 1457 766 cogitationem
1511 677 1854 765 defigebat
1886 679 1954 746 in
1993 684 2380 766 Martyrem,
2415 691 2481 746 et
2527 677 2608 746 de
2640 677 2746 745 illa
2786 691 2894 745 erat

412 779 737 855 perpetuo
776 764 1139 851 sollicitus;
1178 776 1254 834 ut
1285 787 1435 835 eam
1491 766 1898 846 lucraretur,
1942 767 2040 835 vel
2093 767 2314 854 ipsam
2377 787 2616 835 curam
2673 767 2894 854 imperii

407 855 881 944 postponebat.
934 859 1099 923 Cum
1132 855 1361 941 itaque
1409 854 1776 923 vidicendi
1809 868 1873 924 et
1905 854 2497 944 disputationibus
2528 854 2898 942 desperasset

406 964 478 1011 se
505 965 655 1011 eam
708 963 907 1032 posse
946 942 1294 1024 inducere,
1328 966 1478 1012 eam
1519 943 1875 1018 blanditiis
1909 943 2310 1033 aggreditur
2338 943 2619 1022 illicere,
2661 955 2723 1010 et
2755 943 2896 1032 apud

404 1054 562 1120 egre
617 1032 749 1099 iam
789 1037 1143 1119 Martyrem
1186 1032 1410 1102 verbis
1441 1044 1545 1102 est
1586 1054 1755 1100 usus
1795 1033 2174 1122 ejusmodi:
2225 1057 2260 1097 a
2294 1031 2510 1101 Crede
2545 1032 2730 1110 mihi,
2783 1033 2900 1120 pul-

405 1143 518 1188 cra
596 1120 737 1198 ilia,
775 1121 893 1207 qui
956 1120 1077 1188 tibi
1131 1121 1441 1199 consul0,
1492 1132 1842 1206 tamquam
1889 1121 2012 1189 tibi
2062 1123 2230 1190 bene
2269 1120 2507 1189 volens
2556 1135 2754 1205 pater.
2804 1124 2901 1187 Ma-

404 1209 560 1296 gnis
607 1208 742 1277 diis
778 1209 1112 1289 sacrifica,
1155 1209 1449 1277 maxime
1477 1222 1706 1277 autem
1753 1215 2100 1278 Musarum
2154 1209 2463 1298 praesidi
2514 1209 2843 1290 Mercurio,
2876 1235 2897 1274 a

404 1320 540 1382 quo
591 1297 887 1387 profecta
934 1310 1036 1367 est
1071 1298 1233 1366 haec
1273 1311 1389 1367 tua
1425 1318 1675 1386 magna
1707 1299 2030 1385 cognitio,
2069 1311 2133 1366 et
2170 1298 2291 1383 qui
2334 1311 2398 1366 te
2438 1311 2717 1366 exornat
2762 1311 2898 1365 tanta

403 1385 680 1454 dicendi
728 1386 970 1475 gratia;
1007 1398 1072 1453 et
1114 1407 1339 1454 meum
1379 1398 1601 1454 tecum
1638 1386 1939 1455 dividam
1988 1387 2385 1475 imperium:
2427 1387 2652 1455 sciant
2683 1385 2773 1454 dii
2798 1408 2901 1453 om-

408 1498 551 1552 nes;
594 1487 661 1542 et
696 1497 964 1542 mecum
1013 1475 1352 1543 habitabis
1401 1475 1469 1541 in
1525 1474 1780 1564 regia.»
1810 1475 1936 1543 Illa
1966 1496 2142 1554 vem,
2170 1487 2248 1543 ut
2278 1496 2463 1560 quae
2492 1487 2670 1543 esset
2704 1497 2898 1562 magno

403 1575 468 1631 et
499 1562 763 1632 excelso
802 1563 1034 1632 animo
1093 1563 1178 1631 ad
1227 1563 1701 1651 excipiendam
1771 1565 2153 1634 amicorum
2211 1563 2495 1631 dicendi
2549 1563 2896 1632 libertatem.

404 1663 467 1719 et
538 1673 781 1720 rursus
847 1652 1164 1720 acerrimi
1222 1652 1481 1740 ingenii
1554 1650 1639 1720 ad
1721 1651 2371 1740 deprehendendam
2433 1652 2896 1721 adulationem.

402 1740 672 1808 etiamsi
710 1741 1002 1808 maxime
1032 1753 1502 1809 contexeretur
1529 1739 1734 1809 vafris
1755 1753 1819 1808 et
1849 1741 2055 1809 variis
2098 1740 2563 1829 labyrinthis:
2597 1764 2634 1806 ε(
2661 1745 2896 1828 Depone,

408 1828 649 1914 inquit,
687 1850 727 1897 o
777 1834 1175 1917 Imperator,
1240 1829 1613 1906 fictionem:
1677 1850 1896 1914 neque
1946 1831 2197 1899 referas
2254 1841 2318 1898 et
2381 1829 2677 1899 imiteris
2715 1828 2896 1896 dolum

407 1917 654 2006 vulpis,
695 1918 1046 2007 Ego-enim
1088 1917 1296 1986 semel
1348 1918 1488 1985 dixi
1521 1917 1668 1997 tibi,
1726 1939 1834 1985 me
1881 1940 2032 1987 esse
2064 1917 2558 1998 Christianam,
2587 1929 2669 1986 'et
2697 1918 2898 1986 veniut

404 2027 621 2074 essem
674 2028 927 2094 sponsa
968 2006 1238 2086 Christi;
1281 2018 1345 2075 et
1377 2028 1536 2074 eum
1591 2005 1808 2074 habeo
1842 2006 2066 2075 solum
2117 2028 2457 2095 sponsum
2520 2019 2587 2076 et
2635 2004 2898 2075 consilia-

409 2096 634 2175 rium,
714 2108 778 2164 et
829 2108 1312 2163 ornamentum
1387 2095 1840 2182 virginitatis,
1916 2095 2301 2181 stolamque
2366 2096 2685 2182 martyrii
2751 2094 2896 2181 longe

408 2182 710 2271 praefero
740 2183 960 2253 cuivis
1009 2205 1357 2272 purpurae
1409 2184 1698 2272 regiae.»
1764 2189 2140 2272 Imperator
2198 2196 2432 2252 autem
2499 2184 2728 2253 adhuc
2784 2202 2894 2270 prae

405 2294 474 2339 se
508 2272 754 2351 serem,
795 2294 867 2340 se
898 2273 1048 2360 ejus
1081 2294 1318 2340 curam
1370 2294 1647 2361 gerere:
1698 2295 1732 2337 «
1763 2276 1854 2341 Ne
1887 2294 2092 2361 cogas
2142 2294 2270 2351 me,
2329 2271 2588 2359 inquit,
2637 2272 2729 2340 vel
2772 2271 2895 2339 invi-

404 2374 546 2429 tum
598 2360 777 2429 hanc
826 2374 1009 2429 tuam
1048 2359 1468 2450 praeclaram
1511 2383 1889 2449 purpuram
1936 2360 2188 2449 injuria
2222 2360 2524 2431 afficere.
2577 2385 2611 2424 »
2662 2360 2772 2431 llla
2804 2379 2891 2427 au·

405 2462 562 2518 tem:
619 2474 654 2515 «
691 2454 840 2530 Fac,
879 2450 1124 2535 inquit,
1163 2450 1344 2536 quod
1381 2449 1567 2518 velis.
1623 2454 1788 2520 Nam
1846 2472 1963 2539 per
2014 2450 2210 2529 hanc,
2258 2472 2440 2537 quae
2489 2464 2597 2519 est
2645 2450 2723 2519 ad
2767 2462 2888 2516 tem-

406 2559 535 2624 pus
583 2552 648 2606 et
695 2539 828 2607 cito
875 2538 1313 2619 dissolvitur,
1367 2537 1772 2608 conciliabis
1822 2538 1993 2607 mihi
2065 2559 2291 2607 veram
2341 2553 2409 2607 et
2492 2537 2887 2609 immortalem

401 2626 717 2715 gloriam;
769 2640 832 2694 et
868 2650 1115 2727 magna
1165 2648 1437 2714 quoque
1484 2627 1641 2707 alia,
1699 2639 1772 2696 ut
1820 2628 2147 2707 arbitror,
2218 2626 2638 2707 multitudo,
2689 2639 2746 2695 et
2795 2646 2890 2692 ma·

402 2715 579 2783 xime
630 2716 726 2783 tui
780 2715 1059 2804 palatii,
1121 2738 1237 2804 per
1293 2736 1401 2784 me
1449 2716 1712 2784 Christo
1787 2715 2110 2794 credent,
2161 2729 2226 2783 et
2295 2716 2434 2803 ipsi
2486 2736 2752 2803 quoque
2819 2732 2886 2780 me

401 2821 901 2891 prosequentur
931 2858 945 2883 ‚
1022 2804 1107 2872 ad
1181 2825 1411 2874 sacros
1477 2803 1664 2873 illius
1735 2804 2073 2873 thalamos
2145 2804 2521 2892 magnifiee
2596 2818 2886 2873 transeun-

402 2905 558 2960 tem.
608 2915 643 2956 »

486 2982 522 3066 ξ
577 2986 711 3051 15.
754 2985 929 3049 Haec
986 2980 1103 3049 illa
1143 2980 1421 3067 quidem
1473 2980 1683 3049 dixit:
1741 3003 1776 3045 «
1814 2986 1986 3050 Deus
2033 2994 2260 3050 autem
2313 2981 2619 3069 desuper
2670 2978 2882 3049 annuit.

396 3080 459 3137 et
507 3068 788 3137 deduxit
828 3069 911 3137 ad
962 3071 1275 3138 effectum
1318 3092 1395 3137 ea
1429 3090 1606 3156 quae
1653 3069 1836 3138 dicta
1883 3069 2175 3138 fuerant.
2215 3092 2250 3135 »
2286 3072 2670 3140 Maxentius
2710 3079 2882 3135 autem

401 3157 507 3225 his
556 3157 751 3227 valde
811 3158 1069 3238 iratus,
1128 3158 1326 3245 jubet
1373 3163 1733 3247 Martyrem
1785 3158 1943 3227 exui
1993 3158 2227 3248 ,regali
2279 3158 2392 3227 ina
2464 3161 2804 3247 purpura,
2846 3166 2885 3219 et

403 3249 651 3316 bovum
706 3249 930 3315 nervis
979 3247 1171 3316 caedi
1213 3246 1714 3316 crudelissime.
1769 3252 1932 3315 Cum
1986 3246 2115 3315 hoc
2148 3259 2376 3315 autem
2415 3246 2673 3315 factum
2731 3255 2881 3312 esset.

398 3349 471 3403 ut
508 3336 831 3424 jusserat,
885 3348 948 3403 et
997 3336 1309 3424 Martyris
1356 3358 1610 3425 corpus
1659 3335 1757 3404 vel
1795 3336 1946 3404 nive
1993 3335 2277 3404 cadente
2316 3335 2770 3404 crebrioribus
2797 3331 2884 3398 ssa-

399 3426 539 3512 gris
604 3423 1151 3494 intolerabilibus
1200 3424 1375 3493 duas
1444 3424 1650 3492 horas
1707 3423 1899 3493 valde
1964 3424 2307 3502 caeditur:
2374 3438 2440 3494 et
2489 3446 2648 3493 cum
2708 3431 2884 3487 venter

398 3512 604 3581 simul
679 3514 1194 3593 verberaretur,
1281 3512 1638 3581 lavabatur
1705 3512 2036 3602 virginale
2106 3511 2385 3599 quidem
2449 3512 2642 3582 illius
2683 3527 2880 3595 corpus

398 3602 756 3691 sanguine,
796 3616 860 3671 et
900 3601 1138 3671 multis
1189 3623 1271 3670 ex
1323 3602 1406 3671 iis
1453 3602 1575 3688 qui
1624 3600 1932 3681 aderant,
1976 3613 2207 3690 aperte
2263 3601 2489 3670 ciebat
2545 3602 2875 3695 lacrymas}

397 3690 546 3778 ipsa
606 3704 832 3759 autem
889 3704 1022 3759 tam
1073 3702 1463 3759 constanter
1510 3702 1574 3759 et
1622 3688 1883 3759 fortiter
1930 3690 2286 3760 resistebat
2352 3687 2750 3758 intolerabili
2802 3679 2872 3749 illi

396 3791 459 3847 et
495 3778 876 3847 vehementi
914 3780 976 3846 vi
1024 3780 1347 3867 Tyranni,
1401 3792 1478 3847 ut
1533 3778 2030 3868 propemodum
2085 3779 2430 3848 videretur
2489 3780 2634 3866 ejus
2675 3789 2872 3866 corpus

398 3889 547 3937 esse
583 3866 958 3957 lapideum,
1015 3868 1149 3936 nisi
1196 3870 1347 3954 e'us
1382 3880 1697 3936 naturam
1749 3867 1942 3936 fluvii
1976 3867 2340 3956 sanguinis
2374 3868 2758 3958 arguissent.
2789 3862 2870 3925 Vix

397 3955 669 4024 tandem
712 3970 938 4025 autem
996 3956 1138 4025 fera
1185 3957 1228 4024 il
1266 3980 1304 4025 a
1338 3956 1697 4034 immanis,
1753 3956 2061 4045 caligans
2108 3955 2193 4024 ad
2245 3956 2604 4045 plagarum
2665 3960 2869 4040 specta·

394 4044 655 4123 culum,
698 4051 1057 4134 Martyrem
1110 4045 1404 4116 includit
1454 4045 1522 4113 in
1572 4044 1920 4125 custodia,
1967 4045 2219 4131 jnbens
2266 4058 2341 4113 ut
2390 4067 2471 4113 ea
2514 4056 2652 4112 tuto
2693 4054 2865 4108 asser·

398 4145 665 4201 varetur
693 4156 913 4220 usque
959 4133 1043 4202 ad
1079 4133 1258 4201 diem
1316 4133 1842 4215 duodecimum,
1896 4146 1973 4202 ut
2019 4132 2428 4215 conslderet,
2479 4126 2785 4226 quomodo
2817 4131 2861 4187 el

393 4220 810 4302 quibusnam
854 4222 1222 4310 generibus
1263 4222 1766 4312 suppliciorum
1817 4243 1966 4291 eam
2000 4233 2385 4291 consumat.
2433 4226 2601 4290 Haec
2639 4228 2855 4303 quinem

400 4306 491 4372 ita
541 4329 610 4375 se
645 4308 1058 4394 habuerunt;
1114 4316 1365 4400 Mai-tyr
1398 4330 1554 4380 vero
1600 4312 1906 4401 conjecta
1971 4311 2039 4378 in
2095 4331 2482 4390 carcerem,
2535 4323 2745 4379 rursus
2784 4318 2856 4366 re·

396 4395 792 4465 servabatur
838 4397 1140 4468 secundo
1176 4399 1528 4471 tribunali.
