2993 4837
76 325 218 390 NOV.
266 328 302 389 4
860 343 935 389 DE
980 343 1036 389 s.
1089 341 1329 390 canoto
1380 341 1712 391 nonnousso
2345 329 2468 392 487

78 425 321 513 vicisqne
350 426 415 494 in
451 426 715 514 quibus
742 423 1093 496 fortuitum
1129 448 1403 516 semper
1427 426 1802 516 hospitium
1839 426 2244 518 eligebatur.
2272 432 2354 498 Ut
2389 430 2561 499 mira

70 515 328 585 amnium
372 516 749 585 commotio
781 570 796 595 ,
850 515 937 584 ita
987 515 1369 607 singularia
1413 528 1610 585 erant
1655 516 2071 586 christianae
2120 516 2563 607 benignitatis

60 601 288 683 *officim
335 604 649 673 certatim
699 625 941 674 omnes
970 605 1251 675 honoris
1289 616 1354 674 et
1394 604 1812 675 reverentiae
1861 604 2400 695 significationes
2446 606 2565 676 da-

261 691 561 763 certatim
613 692 825 762 etiam
873 693 1286 781 quandoque
1324 693 1409 762 ad
1449 693 1736 763 domum
1769 693 2064 781 quisque
2097 716 2296 764 suam
2342 696 2565 785 rapie-

87 791 203 850 unt
247 802 390 870 pere
443 781 680 863 rinos,
734 782 855 851 ubi
907 782 1014 872 pie
1060 782 1434 853 admodum
1522 783 1881 869 amiceque
1939 803 2056 852 eos
2123 783 2555 864 tractabant,

70 890 352 961 senesque
409 869 736 952 arabant,
789 869 960 941 alias
1009 892 1189 952 vero,
1243 873 1300 942 si
1348 870 1684 942 adventus
1716 871 2109 955 differretur
2138 871 2224 940 ad
2263 886 2556 952 noctem,

89 985 114 1020 π·
145 957 281 1027 ina
323 978 399 1028 ex
427 959 705 1029 cunetis
738 959 1026 1029 aedibus
1061 959 1606 1049 proferebantur,
1648 959 1933 1029 comites
1972 961 2040 1030 in
2084 960 2326 1030 itinere
2360 961 2561 1031 multi

80 1075 169 1105 ρ·
204 1046 584 1117 offerebant.
621 1053 927 1119 Joannes
961 1049 1369 1120 Franciscus
1408 1061 1588 1119 certe
1626 1048 2009 1138 Episcopus
2025 1048 2472 1120 vercellensis
2499 1050 2554 1130 ’ζ

83 1155 174 1203 «ιε
198 1157 337 1205 cum
369 1136 528 1206 aliis
563 1137 735 1207 viris
769 1137 1129 1227 religiosiS,
1168 1139 1256 1208 ab
1288 1139 1460 1209 urbe
1493 1159 1621 1208 sua
1647 1159 2018 1208 numerum
2053 1138 2262 1208 auxit.
2303 1142 2559 1220 Quam-

75 1243 229 1308 quam
265 1237 482 1295 autem
520 1225 677 1315 ipsa
719 1238 858 1296 tota
887 1227 1064 1296 actio
1114 1227 1206 1297 ita
1234 1227 1574 1308 ordinata,
1612 1226 1815 1317 plena
1847 1226 2091 1316 optimi
2138 1239 2202 1296 et
2249 1227 2561 1297 inusitati

87 1313 301 1402 „tuph
332 1327 506 1394 erat,
560 1313 905 1402 quaedam
957 1315 1025 1384 in
1079 1315 1314 1387 Carolo
1348 1328 1573 1386 tamen
1608 1314 1976 1406 praecipue
2013 1314 2257 1385 licebat
2301 1316 2555 1403 passim

75 1415 406 1474 ξὲωηενρ·
464 1403 895 1493 singularem
946 1405 1322 1491 quamdam
1372 1404 1787 1475 hilaritatem
1818 1458 1834 1485 ‚
1898 1425 2107 1491 quam
2166 1425 2244 1473 ex
2294 1406 2559 1474 incom-

34 1546 39 1549 .
75 1493 88 1566 ,ἶ
133 1489 242 1561 ·is
283 1490 603 1583 hospitiis
651 1493 1016 1582 capiebat;
1071 1515 1205 1564 non
1304 1493 1653 1564 atientiam
1707 1491 1929 1563 solum
1967 1547 1982 1574 ‚
2029 1492 2146 1562 sed
2190 1493 2551 1593 gaudium,

77 1597 169 1652 ,κιο
197 1577 467 1666 pluvias,
514 1580 775 1662 lutum,
828 1581 999 1652 alias
1034 1583 1179 1653 viae
1283 1581 1716 1662 ifficultateS,
1773 1581 2081 1672 corporis
2125 1593 2330 1651 etiam
2373 1580 2560 1650 defa-

194 1667 393 1738 sonem
511 1668 905 1740 erferebat:
982 1691 1063 1740 ex
1131 1693 1269 1758 qua
1335 1692 1537 1762 aegre
1605 1669 1981 1741 admodum
2057 1691 2556 1759 saepenumero

73 1761 88 1830 “,
129 1756 315 1826 ··bra
361 1769 458 1827 tra
517 1779 638 1827 ere
687 1757 1083 1840 videbatur;
1136 1758 1483 1835 interd-n
1518 1758 1722 1828 etiam
1765 1771 2129 1845 antequam
2172 1759 2403 1828 cibum
2443 1781 2554 1828 su-

34 1926 37 1927 r
114 1856 265 1927 ret,
317 1846 485 1916 mira
535 1847 971 1917 humanitate
1029 1861 1095 1938 et
1160 1847 1489 1918 modestia
1529 1849 1819 1935 jeJunus
1866 1847 2094 1917 adhuc
2143 1847 2300 1918 aliis
2353 1869 2559 1936 pran-

34 1994 37 1995 ἢ
140 1932 326 2003 tibus
372 1934 670 2026 legebat.
709 1940 870 2006 Toto
896 1935 1212 2024 jucunda
1242 1958 1350 2007 res
1378 1937 1511 2006 fuit
1543 1937 1823 2015 itinere,
1868 1935 2282 2025 amplissimi
2329 1938 2557 2007 Ponti-

93 2087 96 2090 .
135 2019 181 2089 is
200 2043 546 2111 personam
579 2023 809 2093 videre
833 2045 994 2093 cum
1023 2025 1250 2114 inopis
1286 2025 1630 2115 peregrini
1658 2024 2046 2095 humilitate
2082 2025 2551 2113 conjunctam;

93 2137 138 2207 ‚j
169 2110 747 2195 jucundissimum
796 2114 1081 2183 omnino
1111 2114 1582 2204 spectaculum
1610 2168 1626 2194 ‚
1678 2134 1836 2182 cum
1873 2134 1952 2182 eo
2032 2126 2226 2182 uarto
2256 2113 2555 2200 denique

46 2246 47 2263 2
172 2200 521 2272 Taurinum
574 2222 670 2290 ap
724 2202 1201 2291 ropinquante,
1252 2202 1372 2291 qui
1427 2202 1557 2272 suit
1607 2224 1642 2269 v
1691 2200 1791 2270 Id.
1837 2205 1998 2271 Octo
2053 2202 2186 2281 νίς,
2246 2213 2397 2288 post
2446 2208 2560 2271 Αν-

83 2285 519 2383 [episcopum
589 2311 680 2359 no
736 2289 992 2376 ilesque
1032 2290 1212 2360 viros
1262 2290 1516 2362 multos
1550 2345 1566 2372 ,
1633 2294 1774 2360 Dux
1826 2289 1970 2378 ipse
2016 2312 2174 2360 cum
2242 2289 2556 2379 Principe

97 2387 102 2402 ·’
139 2393 212 2456 ο,
258 2390 394 2448 tum
444 2378 836 2449 cardinalis
868 2378 1337 2462 vercellensiS,
1385 2379 1722 2467 multique
1753 2378 2096 2470 Episcopi,
2140 2378 2261 2466 qui
2308 2399 2555 2450 conve·

34 2515 43 2552 ‚
97 2478 273 2547 ’νευῑ,
321 2468 594 2539 obviam
633 2467 904 2549 humili,
947 2481 1151 2556 atque
1180 2469 1446 2558 abjecto
1489 2468 2005 2570 peregrinorum
2042 2489 2353 2547 numero,
2392 2490 2550 2537 cum

34 2633 35 2642 ἵ
73 2562 76 2565 ’
113 2550 432 2625 ·bilissimo
476 2557 817 2628 comitatu
846 2610 866 2637 ,
921 2569 1483 2645 armatorumque
1535 2555 1831 2627 militum
1881 2556 2247 2627 ordinibus
2284 2578 2553 2646 proces·

187 2654 284 2723 nt,
332 2643 718 2733 faustisque
765 2645 1321 2726 salutationibus,
1378 2668 1538 2717 oum
1578 2667 1829 2747 magno
1862 2656 2354 2716 tormentorum
2411 2645 2550 2715 bel-

105 2751 298 2800 .···rutn
353 2735 589 2805 sonitu
649 2746 1108 2825 exceperunt,
1163 2757 1234 2805 se
1284 2757 1371 2806 ue
1423 2734 1646 2805 socios
1699 2734 1964 2805 itineris
2014 2735 2316 2814 modici,
2369 2736 2552 2823 quod

38 2901 43 2906 ,
85 2860 140 2885 .---
221 2831 327 2902 ·.t,
368 2822 437 2891 in
468 2845 635 2893 eum
678 2844 1048 2895 numerum
1100 2824 1249 2894 intu
1281 2836 1507 2894 erunt.
1559 2829 1849 2894 Ventum
1882 2835 1984 2894 est
2016 2824 2240 2913 primo
2287 2824 2369 2893 ad
2410 2846 2556 2894 ma—

36 2981 37 2984 ,
77 2910 611 2982 ''·-÷··-··ecclesiam
643 2912 971 3002 precandi
1003 2915 1299 2993 caussa;
1338 2924 1570 3003 postea
1611 2912 1677 2981 in
1724 2912 2057 3001 palatium
2092 2912 2175 2982 ad
2219 2912 2553 2984 sacellum

65 3082 68 3085 ¹
118 3028 201 3053 -=‹··
258 3002 629 3082 Laurentii,
684 3000 807 3071 ubi
864 3023 1060 3072 sacra
1110 3000 1366 3072 Sindon
1417 3014 1586 3082 erat,
1637 3001 1938 3071 maxima
1979 3022 2139 3071 cum
2192 3002 2552 3072 hominum

73 3118 85 3133 ·-
189 3112 215 3139 ·³
262 3088 488 3172 dine,
545 3111 682 3159 non
744 3089 966 3159 solum
1016 3112 1096 3160 ex
1144 3091 1389 3162 vicinis
1447 3090 1654 3171 locis,
1707 3089 1825 3159 sed
1877 3089 2257 3160 Mediolano
2292 3146 2308 3172 ‚
2369 3104 2434 3161 et
2479 3112 2560 3159 ex

34 3227 35 3232 ,
215 3175 598 3250 civitatibus
647 3179 1208 3269 regionibusque,
1245 3179 1364 3266 qui
1401 3180 1501 3249 rei
1540 3178 1722 3248 fama
1758 3178 2070 3268 permoti,
2115 3179 2366 3278 cupide
2398 3201 2558 3248 con-

110 3279 350 3335 ·nerant.
386 3268 491 3338 Ibi
523 3267 840 3339 Carolum
876 3268 1074 3355 quasi
1116 3266 1370 3338 sactum
1409 3268 1637 3338 subito
1665 3289 1744 3336 ex
1774 3277 2069 3357 egestate
2102 3266 2550 3346 ditissimum,

114 3367 169 3416 u
211 3353 341 3425 sine
384 3356 839 3427 delectatione
884 3357 1338 3427 observabant
1387 3357 1610 3437 multi,
1668 3354 2358 3446 magnificentissimo
2413 3353 2558 3446 pla-

34 3489 37 3496 ι
99 3459 241 3508 “sue
273 3445 448 3544 regio
495 3456 865 3534 apparatu,
917 3466 1123 3532 quem
1162 3445 1534 3535 praecipuo
1583 3443 1810 3515 studio
1861 3448 2005 3513 Dux
2033 3443 2408 3544 adhibuit,
2462 3444 2556 3512 ita

82 3544 225 3622 --ane
267 3546 379 3612 utu,
430 3546 509 3604 ut
568 3534 868 3624 tuguriis
916 3533 985 3602 in
1039 3533 1282 3604 itinere
1328 3556 1503 3605 usus
1550 3534 1792 3604 fuerat.
1856 3536 1943 3603 Ac
2001 3532 2159 3603 licet
2196 3533 2285 3603 ob
2330 3544 2558 3601 exorta

160 3616 279 3687 eris
322 3619 553 3693 labore
597 3623 729 3692 sub
781 3621 1074 3713 pedibus
1122 3622 1479 3696 tubercula
1528 3622 1621 3693 ita
1683 3621 2044 3703 laboraret,
2101 3634 2176 3692 ut
2226 3620 2556 3691 incisione

89 3721 222 3772 am
277 3728 445 3798 opus
494 3711 747 3792 fuerit,
802 3710 1024 3781 noluit
1064 3713 1292 3802 jacere
1361 3723 1590 3781 tamen
1623 3764 1643 3792 ,
1698 3724 1764 3780 et
1812 3721 2101 3780 munera
2159 3732 2284 3780 sua
2349 3708 2558 3778 libere

94 3806 287 3880 mper
328 3799 541 3878 obiit;
595 3814 864 3890 postero
912 3799 1023 3868 die
1071 3800 1391 3889 privatim
1444 3799 1826 3891 peregrinis
1874 3812 2192 3869 sanetum
2244 3797 2555 3866 Linteum

83 3888 360 3952 tensum
404 3901 507 3958 est
538 3911 553 3969 ;
607 3887 964 3976 Carolique
994 3888 1200 3974 jussu
1247 3887 1467 3960 multa
1500 3888 1586 3958 de
1617 3910 1695 3958 eo
1728 3887 1912 3956 dicta
1942 3899 2105 3957 sunt
2137 3884 2221 3956 ad
2258 3885 2551 3985 animos.

83 3998 104 4017 ⁴
161 3969 262 4068 tali
304 3976 525 4064 specie
574 3998 695 4065 per
729 3998 801 4046 se
842 3977 1138 4047 maxime
1185 3990 1591 4058 commotoS‚
1631 3996 1740 4045 ma
1798 3977 1852 4044 is
1883 3975 2087 4044 etiam
2128 3972 2548 4054 excitandos,

65 4052 291 4135 ·ubllce
334 4062 578 4135 deinde
626 4064 1077 4156 spectandum
1130 4066 1198 4134 in
1251 4065 1683 4155 amplissima
1725 4086 1767 4153 p
1799 4076 1968 4144 atea‚
2029 4075 2403 4151 praesente,
2461 4075 2555 4133 te-

87 4156 347 4243 ·nteque
392 4153 628 4224 Carolo
675 4175 833 4222 cum
870 4154 1229 4244 Episcopis
1273 4154 1627 4234 omnibus,
1681 4150 2056 4222 Pontificiis
2103 4151 2408 4250 vestibus
2448 4151 2553 4220 in-

85 4244 250 4316 ···us,
303 4243 491 4319 Duce,
532 4241 917 4322 nobilitate,
970 4244 1298 4330 omnique
1327 4242 1582 4332 populo
1621 4251 1905 4325 astante,
1941 4250 2363 4328 propositum
2398 4238 2547 4309 suit.

62 4389 515 4498 Ulllsssssffissjo‘ibm
554 4404 818 4448 canonicis.
856 4404 1261 4452 nobilissimisque
1290 4400 1407 4443 viris
1427 4405 1692 4448 comitatus,
1712 4403 1755 4442 ci
1775 4398 1960 4441 obviam
1979 4393 2070 4438 ivit
2090 4397 2222 4438 extra.
2241 4400 2479 4439 Vei-cenas
2499 4400 2555 4440 ad

2631 4445 2730 4506 f
