2993 4837
44 355 180 421 NOV.
228 355 301 420 1¹3
700 376 810 425 ‚ne
860 376 915 421 s.
970 374 1310 422 nouonoNo
1360 373 1757 433 comessoris
2308 359 2438 422 467

74 457 192 527 obis
233 479 473 546 corpus
544 458 749 526 etiam
803 481 1007 528 suum
1079 459 1147 527 in
1206 459 1438 527 cibum
1519 457 2018 547 benignissime
2067 457 2375 538 dederit,
2441 460 2527 528 ob

97 567 269 633 mque
300 568 602 626 causam,
643 570 683 614 a
717 552 909 615 Patre
950 549 1265 616 omnium
1295 568 1526 616 rerum
1579 546 1939 615 haeredem
1980 546 2233 616 factum
2285 547 2518 618 fuisse.

128 635 294 714 haec,
341 635 555 704 levius
603 648 669 703 et
716 635 1101 724 expeditius
1141 636 1227 704 ad
1290 657 1578 724 superos
1629 632 1996 725 proficisci,
2055 637 2174 722 qui
2225 636 2524 705 sarcina-

93 745 166 802 m,
216 724 277 791 id
326 736 445 804 est,
502 724 898 793 divitiarum
953 746 1235 793 suarum
1339 737 1552 793 artem
1590 724 1822 792 comiti
1877 723 2229 814 largiatur.
2285 724 2528 793 Eluere

38 809 273 908 §lenique
340 812 841 900 eleemosynam
894 813 1105 881 animi
1159 835 1271 883 sor
1324 834 1417 881 es,
1472 813 1931 895 Quamobrem
2000 813 2339 882 desineret
2402 813 2528 882 de-

41 900 250 990 plorare
284 901 526 972 misere
579 901 939 970 minimam
995 903 1087 969 rei
1147 915 1273 970 tem
1332 904 1597 970 orariae
1646 903 2017 989 jacturam:
2085 903 2250 988 quin
2298 902 2527 991 potius

40 991 139 1058 sari
186 1011 402 1058 secum
457 990 804 1059 voluntate
852 1012 931 1058 ac
981 990 1210 1059 studio
1308 1003 1451 1059 aret
1496 1013 1534 1058 o
1588 1012 1772 1058 eram
1844 990 2367 1059 beneficentiae:
2423 1003 2519 1070 ut,

42 1078 257 1164 mando
303 1079 368 1147 in
419 1079 551 1146 hoc
604 1079 992 1148 miserrimo
1044 1078 1215 1147 vitae
1259 1091 1537 1168 ergastu
1569 1101 1608 1148 o
1659 1079 1964 1168 conjugii
2008 1092 2186 1148 sorte
2235 1092 2525 1164 aequata

43 1165 131 1236 tibi
171 1182 353 1248 esset,
409 1169 478 1235 in
534 1180 862 1256 perpetua
917 1180 981 1235 et
1042 1167 1441 1235 felicissima
1503 1168 1669 1247 vita,
1723 1181 2080 1253 aequatam
2135 1167 2265 1236 sibi
2314 1168 2521 1236 etiam

46 1249 180 1322 llam
224 1255 572 1324 cumulato
606 1255 860 1345 gaudio
899 1277 1173 1324 cernere
1222 1255 1597 1342 aliquando
1649 1257 2098 1345 contingeret.
2139 1283 2161 1319 a

97 1347 220 1430 §2
270 1350 445 1414 Haec
496 1357 697 1431 atque
741 1344 1137 1433 hujusmodi
1189 1345 1292 1413 vir
1342 1345 1450 1413 Dei
1504 1345 1876 1412 identidem
1933 1344 2369 1426 inculcando,
2413 1344 2527 1412 in-

48 1434 371 1520 emperiem
422 1434 660 1502 uxoris
707 1435 1076 1521 castigans,
1117 1454 1388 1502 summa
1440 1433 1762 1521 patientia
1805 1455 1882 1501 ac
1933 1432 2360 1502 humanitate
2410 1456 2525 1502 su-

48 1523 281 1592 )erabat.
326 1528 455 1592 Nec
508 1523 595 1591 ab
646 1522 771 1591 hac
821 1534 1055 1590 sancta
1107 1522 1323 1591 animi
1371 1522 1478 1591 sui
1533 1523 1863 1591 sententia
1919 1521 2167 1611 depelli
2220 1535 2517 1611 poterat:

50 1610 157 1694 puin
203 1612 263 1679 in
312 1611 458 1681 dies
514 1612 734 1701 magis
773 1633 851 1679 ac
905 1611 1124 1700 magis
1173 1612 1240 1678 in
1282 1632 1360 1678 ea
1410 1611 1971 1679 confirmabatur.
2030 1611 2527 1696 Frequentabat

52 1697 415 1768 lomobonus
468 1699 750 1768 domum
794 1699 925 1779 Dei,
979 1721 1099 1767 nec
1149 1699 1213 1767 id
1253 1698 1362 1766 die
1410 1699 1660 1779 solum,
1701 1700 1816 1767 sed
1884 1712 2076 1768 nocte
2124 1700 2354 1778 etiam,
2411 1722 2523 1769 as-

52 1785 183 1855 idue
229 1789 604 1867 nocturniS‚
645 1788 1137 1875 matutinisque
1178 1787 1494 1876 precibus
1546 1788 1886 1857 intererat.
1943 1788 2276 1870 Quocirca
2316 1788 2522 1857 Ober-

52 1889 113 1942 ns
148 1877 468 1955 sacerdoS‚
534 1877 648 1962 qui
702 1889 865 1944 tunc
913 1877 1242 1965 temporis
1275 1875 1566 1945 aedibus
1617 1877 1843 1945 Sancti
1876 1877 2131 1966 aegidii
2187 1888 2515 1966 praeerat,

52 1963 180 2033 iret
225 1967 360 2066 ipse
395 1967 622 2034 bonus
671 1987 749 2032 ac
785 1966 1033 2033 timens
1088 1970 1321 2043 Deum,
1361 1965 1635 2054 cognita
1677 1965 2003 2051 religione
2033 1966 2180 2046 viri,
2222 1965 2522 2055 singulis

51 2047 75 2116 si
112 2057 398 2124 noctibus
433 2053 523 2122 ad
579 2057 949 2122 matutinas
1002 2075 1234 2143 preces
1298 2053 1586 2140 januam
1641 2054 1878 2137 templi
1940 2055 2309 2141 aperiebat,
2367 2054 2524 2122 dato

51 2141 181 2238 inus
210 2157 279 2212 ut
313 2144 408 2222 fit,
465 2164 805 2231 campana
842 2143 1062 2231 signo.
1111 2143 1234 2212 Sed
1273 2164 1433 2211 cum
1483 2142 1860 2229 aliquando
1902 2143 2370 2231 tempestivius
2422 2164 2524 2212 so·

54 2239 121 2296 tto
158 2232 592 2300 Homobonus
642 2233 1061 2308 accessisset,
1098 2247 1162 2300 et
1213 2232 1568 2320 paulisper
1588 2245 1744 2298 ante
1784 2232 2073 2319 januam
2113 2232 2521 2300 immoratus

50 2334 177 2398 sset,
217 2322 439 2390 valvae
502 2320 737 2409 templi
802 2333 1041 2409 sponte
1089 2343 1210 2389 sua
1267 2332 1567 2409 patuere.
1637 2325 1941 2406 Cumque
2002 2319 2318 2388 sacerdos
2366 2320 2517 2400 iret,

50 2415 88 2475 it
108 2408 174 2475 de
218 2432 395 2479 more
446 2408 1464 2489 Homobonum.introduceret,
1508 2407 1673 2477 vidit
1721 2431 1875 2477 eum
1914 2410 1978 2477 in
2032 2409 2337 2478 oratione
2369 2422 2525 2478 ante

48 2516 170 2581 tram
220 2499 807 2585 procurnbentem;
862 2511 925 2567 et
976 2499 1225 2567 mirum
1283 2500 1346 2566 in
1410 2498 1690 2566 modum
1745 2498 2124 2585 obstupuit,
2173 2520 2330 2566 cum
2372 2519 2522 2566 vere

46 2584 203 2663 ciret,
254 2610 321 2655 se
378 2588 643 2674 vesperi
698 2587 873 2655 fores
921 2586 1283 2675 diligenter
1331 2586 1685 2655 clausisse.
1753 2587 1966 2673 quue
2027 2587 2226 2655 ctiam
2283 2587 2523 2674 paucis

48 2674 406 2746 mstdiebus
458 2697 617 2743 cum
674 2676 1057 2755 accidisset,
1129 2673 1445 2743 sacerdos
1494 2675 1774 2743 demum
1832 2698 1950 2764 pro
1998 2688 2346 2763 comperto
2402 2675 2521 2743 ha-

48 2761 157 2838 mit,
199 2764 254 2830 id
292 2786 418 2853 ope
463 2764 697 2831 divina
751 2764 933 2831 fieri:
988 2763 1169 2848 quod
1206 2784 1317 2832 sex
1353 2776 1416 2831 et
1467 2763 1706 2852 viginti
1743 2763 1969 2837 annis,
2024 2764 2278 2851 quibus
2318 2763 2520 2832 aedes

48 2843 146 2917 llas
175 2873 394 2922 sacras
447 2854 639 2932 rexit,
698 2853 837 2920 viro
886 2866 1121 2919 sancto
1178 2852 1455 2938 saepius
1503 2852 1838 2921 accidisse
1888 2865 2169 2921 testatus
2218 2864 2334 2922 est.

97 2940 224 3021 ἓδ.
282 2948 624 3027 Frequens
682 2940 894 3030 igitur
944 2940 1083 3008 ibat
1132 2942 1235 3008 vir
1284 2940 1394 3009 Dei
1463 2941 1527 3008 in
1586 2939 1942 3029 templum,
1997 2954 2071 3009 ut
2134 2962 2516 3027 nunquam,

46 3042 97 3092 te
121 3047 299 3096 unam
352 3030 634 3117 quidem
672 3043 932 3097 noctem
968 3029 1460 3106 intermitteret,
1507 3050 1652 3106 nec,
1692 3028 1884 3096 finito
1923 3028 2170 3109 officio,
2211 3051 2518 3115 unquam

45 3116 368 3211 coedebat:
428 3118 543 3187 sed
600 3139 869 3207 semper
919 3119 983 3184 in
1038 3118 1344 3186 oratione
1379 3139 1520 3185 rem
1573 3117 1913 3194 divinam,
1968 3138 2175 3203 quam
2243 3120 2517 3186 Missam

42 3194 295 3283 licinius,
350 3221 506 3275 ante
559 3212 836 3274 Crucem
910 3207 1173 3274 Domini
1244 3207 1479 3285 nostri,
1535 3219 1599 3273 et
1649 3205 2018 3293 imaginem
2080 3205 2518 3274 beatissimae

38 3288 270 3379 Uirginis
308 3309 712 3383 prostratus»,
767 3298 1224 3384 exspectabat.
1260 3300 1448 3363 Forte
1477 3294 1750 3373 accidit,
1789 3305 1862 3362 ut
1894 3314 1971 3361 eo
2011 3305 2311 3382 tempore
2342 3306 2519 3362 esset

40 3394 227 3467 nagna
274 3405 589 3453 annonae
639 3383 909 3462 caritas,
965 3406 1121 3452 cum
1176 3384 1321 3473 ipse
1370 3384 1455 3452 ab
1506 3383 1810 3452 oratione
1857 3393 2032 3451 esset
2081 3382 2361 3450 domum
2413 3403 2519 3448 re-

36 3484 237 3566 tersuS,
281 3486 343 3541 et
400 3472 624 3562 egeni,
667 3472 785 3558 qui
838 3472 1145 3542 viderant
1209 3472 1409 3561 panis
1458 3472 1838 3541 canistrum
1899 3470 1983 3538 ad
2034 3491 2188 3538 eum
2243 3469 2515 3549 afferri,

34 3556 207 3626 mbito
252 3562 330 3628 ad
377 3561 857 3630 Homobonum
910 3574 1382 3630 accurrerent:
1436 3561 1690 3647 quibus
1743 3559 1854 3627 ille
1905 3580 2180 3628 summa
2226 3581 2383 3628 cum
2417 3558 2522 3626 hi-

33 3638 259 3729 laritate,
312 3649 478 3719 dum
524 3671 716 3731 uxor,
757 3672 931 3736 quae
966 3650 1098 3719 sibi
1152 3649 1445 3717 maxime
1482 3649 1929 3738 repugnabat,
1972 3648 2260 3729 abesset,
2303 3647 2522 3735 majo-

33 3744 130 3797 rem
166 3739 351 3822 panis
384 3753 643 3826 partem
680 3739 1052 3807 distribuit.
1093 3744 1273 3807 Hora
1311 3760 1463 3806 vero
1492 3758 1741 3806 coenae
1775 3737 2020 3826 reperti
2054 3749 2214 3805 sunt
2255 3737 2322 3804 in
2361 3757 2522 3804 arca

33 3820 278 3913 lotidem,
331 3841 497 3913 quot
536 3827 927 3907 donaverat,
979 3850 1210 3916 paneS,
1268 3826 1469 3915 longe
1506 3825 1786 3911 reliquis
1817 3839 1880 3894 et
1927 3826 2221 3893 candore
2270 3838 2333 3894 et
2361 3846 2520 3893 sua-

33 3918 183 4001 ritate
231 3917 778 4002 praestantiores.
818 3917 889 3984 Id
916 3917 1095 4002 quod
1154 3916 1393 3985 mirata
1430 3929 1531 3982 est
1565 3936 1755 3993 uxor,
1800 3914 2086 3983 miratus
2132 3925 2232 3983 est
2278 3928 2344 3984 et
2373 3914 2522 4002 ipse

33 4010 101 4060 nr
130 4000 248 4082 Dei,
305 4006 697 4091 gratiasque
742 4010 869 4073 Deo
910 4006 1221 4093 ingentes
1271 4026 1504 4073 secum
1557 4025 1790 4093 agens,
1845 4002 2025 4089 quod
2081 4002 2331 4072 factum
2374 4003 2518 4072 fue-

33 4096 119 4159 rat,
156 4092 511 4174 prudenter
561 4094 793 4173 tacuit,
847 4108 910 4162 et
961 4093 1259 4182 puellam
1314 4106 1600 4173 cuncta,
1655 4113 1828 4177 quae
1878 4092 2161 4172 viderat,
2228 4113 2517 4161 narran-

33 4179 149 4252 tem,
199 4178 344 4249 aliis
380 4181 442 4249 id
499 4182 810 4271 proloqui
864 4182 1189 4252 inhibuit.
1406 4204 1412 4209 ·

55 4263 119 4352 ,ξ
160 4269 241 4333 θ.
283 4269 508 4340 Multis
554 4284 899 4360 praeterea
950 4271 1167 4362 signis
1218 4275 1393 4338 Deus
1428 4268 1744 4337 eximiam
1781 4268 2065 4337 cultoris
2113 4271 2220 4338 sui
2269 4269 2514 4338 libera-

34 4339 240 4447 litatem
290 4357 696 4428 illustravit:
737 4382 911 4446 quae
945 4380 1308 4449 operosum
1363 4357 1572 4426 nimis
1620 4368 1793 4424 esset
1828 4356 2230 4447 singillatim
2283 4380 2516 4427 recen-

34 4453 164 4505 sere.
192 4442 361 4514 Illud
402 4460 625 4516 tamen
667 4449 1062 4535 neutiquam
1098 4446 1464 4518 tacendum
1505 4446 1816 4515 arbitror.
1853 4451 2015 4517 Cum
2055 4447 2508 4539 praediolum,
