2993 4837
42 283 187 348 [GV.
249 283 335 347 2⁴
911 301 988 347 m:
1035 301 1089 348 s.
1149 300 1374 348 Ammo
1422 301 1711 348 uminis
2362 286 2490 349 617

51 386 313 477 ignum
372 406 606 456 revera
641 384 823 472 quod
886 385 1266 455 litterarum
1320 386 1789 457 monumentis
1827 386 2371 468 commendetur,
2428 388 2576 476 ipso

40 497 319 561 franno
388 474 759 545 Maximino
810 487 1162 562 praesente
1215 474 1385 564 (qui
1434 475 1669 544 eodem
1722 474 1878 555 die,
1931 475 2049 563 qui
2113 475 2360 545 natalis
2406 499 2578 546 suus

51 564 148 634 ies
212 574 411 641 erat,
463 562 853 653 spectacula
902 562 1201 654 populo,
1256 585 1510 654 magno
1571 585 1726 632 cum
1779 577 2115 654 apparatu
2164 587 2245 634 ac
2295 578 2579 655 sumptu

39 653 289 742 debat)
403 664 696 721 atratum
748 652 899 722 fuit.
944 658 1021 722 Et
1066 652 1230 740 quia
1283 651 1711 722 consuetudo
1760 654 2186 734 inveterarat,
2242 665 2316 721 ut
2366 654 2573 732 varia,

40 676 452 841 pectacula
505 741 565 810 si
595 740 799 810 etiam
852 762 1159 828 unquam
1208 740 1403 821 aliaS,
1461 742 1934 831 praesentibus
1983 742 2153 832 ipsis
2209 746 2576 832 Imperato-

38 833 202 900 1bus
279 852 575 900 summa
621 852 780 899 cum
844 829 1355 921 magnificentia
1410 853 1488 899 ac
1548 829 1958 920 splendore,
2031 844 2578 921 proponerentur

40 919 557 1009 pectatoribuS‚
595 917 679 987 ad
734 939 969 987 eorum
1022 919 1289 989 animos
1327 918 1795 999 oblectandos,
1839 940 2054 1007 eaque
2104 920 2296 990 novis
2335 942 2414 989 ac
2466 942 2578 1010 pe-

38 1009 314 1096 egrinis
354 1006 626 1086 formiS,
668 1019 932 1097 praeter
978 1029 1417 1076 communem
1467 1018 1533 1077 et
1566 1008 1893 1077 usitatum
1933 1029 2190 1078 morem
2235 1009 2579 1078 variaren-

37 1120 137 1177 ur,
193 1098 305 1166 sic
351 1109 436 1165 ut
487 1095 826 1175 interdum
878 1094 1206 1164 animalia
1245 1118 1326 1173 ex
1373 1095 1574 1165 India
1603 1109 1671 1166 et
1716 1096 2089 1187 Aethiopia,
2141 1109 2259 1166 aut
2297 1097 2577 1167 aliunde

37 1198 152 1254 ieta
206 1186 281 1254 in
324 1184 920 1274 amphitheatrum
982 1183 1612 1255 introducerentur:
1684 1185 2024 1254 interdum
2092 1185 2215 1254 viri
2276 1186 2576 1255 mimicis

35 1274 329 1363 :orporis
385 1273 721 1363 gestibus,
785 1272 1080 1363 permira
1122 1273 1513 1344 animorum
1562 1273 2058 1344 oblectamenta
2107 1274 2577 1364 spectantibus

36 1362 506 1431 )stenderent:
562 1363 646 1432 ob
684 1383 832 1430 eam
885 1384 1164 1430 causam
1201 1384 1358 1430 cum
1403 1363 1548 1450 jam
1600 1367 1977 1453 Imperator
2038 1364 2058 1431 i
2113 1385 2183 1433 se
2234 1361 2433 1433 ludos
2481 1362 2577 1431 fa·

35 1464 210 1531 teret,
269 1451 618 1520 eximium
655 1449 1002 1538 quoddam
1045 1450 1545 1540 spectaculum,
1601 1461 1665 1519 et
1697 1451 1877 1539 quod
1934 1474 2050 1520 mu
2086 1465 2228 1520 tum
2296 1451 2576 1521 haberet

35 1538 530 1619 idmirationis‚
578 1539 648 1607 in
688 1538 1053 1639 magnifico
1091 1560 1328 1609 eorum
1363 1552 1700 1629 apparatu
1740 1540 2024 1609 omnino
2070 1540 2338 1610 elucere
2372 1562 2574 1631 opor-

33 1627 213 1698 2ebat.
254 1627 464 1712 Quod
517 1649 676 1696 nam
728 1628 744 1694 i
804 1638 938 1695 itur
975 1640 1119 1698 erat
1178 1627 1361 1697 istud
1412 1628 1741 1715 quidem?
1790 1633 2041 1718 Martyr
2087 1640 2152 1698 et
2198 1629 2387 1699 testis
2454 1651 2574 1699 no·

33 1728 188 1785 strae
237 1718 312 1786 in
368 1716 638 1786 Christo
688 1738 756 1784 re
791 1715 1039 1805 igionis
1070 1770 1084 1796 ,
1152 1716 1522 1786 adducitur
1570 1717 1637 1785 in
1710 1717 2047 1798 medium,
2115 1732 2393 1787 strenue
2451 1741 2573 1807 pro

33 1806 156 1873 sola
188 1818 254 1875 et
289 1828 459 1874 vera
497 1806 739 1896 pietate
771 1805 1265 1884 decertaturuS,
1306 1804 1605 1894 Agapius
1642 1806 1918 1874 nomine
1950 1828 1963 1872 :
1994 1826 2198 1893 quem
2237 1829 2376 1876 una
2409 1830 2568 1876 curn

33 1892 256 1964 thecla
292 1894 667 1974 sociatum,
712 1893 1083 1979 bestiisque
1133 1893 1457 1963 traditum
1496 1893 1582 1962 ad
1618 1893 2112 1968 devorandum.
2170 1895 2374 1985 paulo
2412 1908 2572 1964 ante

31 1980 683 2052 demonstravimus.
743 1986 875 2051 Iste
923 1981 1092 2051 alias
1149 2003 1185 2050 e
1248 1981 1562 2051 custodia
1624 1981 1950 2063 eductus,
2005 1982 2355 2070 simulque
2412 2006 2569 2054 cum

32 2070 355 2141 maleficis
423 2071 510 2140 ad
561 2070 954 2160 spectacula
1004 2069 1252 2160 populo
1310 2070 1576 2140 edenda
1631 2073 2070 2161 conjunctuS‚
2123 2094 2280 2140 cum
2345 2071 2568 2162 palam

39 2161 286 2250 egregie
338 2182 512 2230 suas
565 2170 789 2249 partes
826 2159 893 2227 in
931 2158 1151 2229 stadio
1207 2160 1478 2260 egisset,
1538 2159 1744 2247 idque
1795 2175 1891 2229 ter
1936 2182 2015 2229 ac
2063 2160 2364 2248 saepiuS,
2424 2183 2569 2250 pro-

46 2259 245 2341 pterea
278 2248 473 2336 quod
499 2247 714 2337 judex
748 2260 897 2337 post
930 2248 1153 2317 minas
1185 2247 1281 2316 illi
1329 2249 1534 2316 variis
1572 2247 1994 2337 temporibus
2024 2248 2396 2338 oppositas,
2430 2249 2572 2316 sive

50 2331 218 2405 illurn
268 2337 829 2415 commiseratuS‚
866 2335 1004 2405 sive
1031 2358 1150 2427 spe
1185 2335 1515 2428 propositi
1554 2352 1619 2406 et
1659 2338 2031 2406 sententiae
2064 2336 2217 2425 ejus
2264 2358 2575 2406 commu-

49 2424 264 2495 tandae
306 2427 667 2507 inductus,
706 2426 793 2495 ad
841 2425 977 2495 alia
1008 2448 1279 2515 semper
1312 2449 1484 2496 nova
1533 2427 1908 2496 certamina
1955 2425 2352 2508 distulerat;
2422 2439 2573 2496 tan-

43 2508 202 2595 dem,
240 2516 396 2601 ipso
436 2527 786 2604 praesente
834 2520 931 2583 lm
991 2520 1273 2596 eratore‚
1328 2515 1558 2585 denuo
1601 2515 2025 2605 producitur,
2078 2515 2259 2585 velut
2317 2535 2571 2615 oppor-

43 2610 184 2670 tune
238 2618 302 2673 et
365 2603 732 2673 commode
794 2603 860 2671 in
912 2536 1084 2672 illud
1156 2617 1426 2690 tempus
1496 2618 1919 2688 reservatus;
1982 2616 2055 2672 ut
2106 2604 2231 2674 hoc
2307 2603 2564 2673 dictum

42 2687 339 2774 salutare,
396 2691 583 2779 quod
636 2692 965 2761 Dominus
997 2692 1359 2783 discipulis
1394 2692 1564 2773 suis,
1603 2692 1835 2761 divina
1879 2693 2328 2783 praescientia
2378 2713 2569 2782 prae-

42 2773 298 2875 dixisset
344 2781 716 2871 (nimirum
759 2779 939 2868 quod
977 2802 1207 2850 coram
1246 2780 1547 2870 Regibus
1603 2781 2111 2852 adducerentur
2150 2795 2424 2873 propter
2475 2795 2570 2850 te·

43 2870 425 2940 stimonium
467 2868 669 2959 ejus),
713 2891 864 2938 vere
898 2869 965 2937 in
1007 2891 1085 2938 eo
1123 2868 1607 2958 compleretur.

116 2955 148 3040 ἓ
196 2962 280 3028 8.
334 2958 646 3027 Primum
702 2957 912 3048 igitur
952 2958 1020 3026 in
1075 2958 1374 3027 medium
1427 2957 1752 3035 stadium,
1806 2979 1964 3027 cum
2001 2958 2297 3045 quodam
2358 2960 2567 3030 male-

48 3037 156 3110 fico
184 3060 246 3114 et
281 3046 570 3118 scelesto
617 3046 920 3126 homine,
1010 3069 1167 3116 uem
1218 3045 1447 3115 caedis
1496 3045 1760 3116 domini
1815 3047 1921 3116 sui
1972 3068 2160 3115 reum
2223 3047 2435 3118 fuisse
2482 3049 2575 3117 ie-

49 3141 209 3211 runt,
261 3157 405 3204 una
455 3136 741 3225 rapitur.
800 3136 957 3203 Dein
1014 3158 1050 3203 e
1084 3134 1196 3204 hic
1244 3134 1646 3204 dominisui
1696 3133 2106 3214 interfector,
2159 3136 2280 3220 qui
2330 3137 2572 3206 bestiis

45 3215 227 3320 objici
260 3223 634 3303 debuisset,
678 3223 1143 3292 misericordia
1179 3237 1243 3292 et
1288 3222 1653 3293 clementia
1688 3223 2129 3313 Imperatoris
2180 3223 2427 3314 (prope
2483 3225 2566 3293 ad

50 3309 550 3382 similitudinem
623 3312 956 3381 Barrabae
1007 3312 1338 3393 latronis,
1406 3334 1610 3399 quem
1682 3311 2052 3381 Servatoris
2127 3310 2271 3381 loco
2322 3313 2569 3382 Judaei

50 3399 262 3490 mortis
315 3399 619 3490 periculo
664 3401 1080 3490 eripiebant)
1128 3424 1288 3470 nece
1339 3400 1669 3471 liberatus
1702 3412 1826 3481 est;
1879 3413 1944 3469 et
1994 3412 2349 3489 propterea
2404 3414 2572 3471 stre·

52 3494 180 3632 Ritu
224 3502 286 3556 et
324 3489 937 3559 acclamationibus
1003 3502 1211 3558 toturn
1271 3488 1422 3559 ideo
1484 3490 1892 3580 personabat
1952 3490 2334 3570 theatrum,
2383 3490 2568 3577 quod

92 3575 373 3646 omicida
411 3578 850 3666 Imperatoris
882 3577 1352 3658 beneficentia,
1412 3600 1545 3647 non
1585 3578 1806 3648 solum
1859 3593 2168 3647 servatus
2208 3591 2410 3660 esset,
2469 3601 2574 3647 ve-

56 3674 186 3753 rum
217 3665 416 3734 etiam
467 3666 723 3736 honore
752 3680 817 3735 et
850 3666 1157 3736 libertate
1191 3666 1509 3736 donatus.
1560 3671 1908 3736 Caeterum
1963 3668 2075 3736 hic
2124 3689 2319 3736 verae
2367 3681 2430 3738 et
2471 3667 2572 3736 di-

56 3762 223 3848 vtnae
264 3755 527 3843 pietatis
566 3754 841 3834 athleta,
897 3756 1198 3844 primum
1252 3778 1292 3824 a
1341 3767 1633 3844 tyranno
1671 3756 2069 3835 accersitum
2118 3754 2367 3825 deinde
2420 3756 2573 3825 infi-

58 3848 386 3927 ciationem
429 3865 595 3913 suae
641 3843 1012 3913 voluntatis
1059 3855 1123 3913 et
1172 3845 1465 3914 instituti
1522 3858 1797 3933 rogatus
1849 3857 1986 3913 est:
2045 3845 2466 3934 promittitur
2509 3845 2571 3914 ei

62 3913 329 4027 llbertaS.
381 3936 454 4001 At
489 3933 603 4001 ille
651 3954 902 4022 magna
952 3955 1110 4003 voce
1153 3931 1379 4022 palam
1417 3945 1723 4015 testatur,
1767 3955 1898 4002 non
1952 3933 2175 4022 turpis
2224 3947 2288 4001 et
2324 3931 2566 4001 nefarii

62 4019 341 4104 criminis
374 4024 605 4100 causa,
660 4020 776 4091 sed
818 4021 1108 4110 [pietatis
1167 4022 1235 4089 in
1290 4026 1502 4090 Deum
1572 4022 1885 4091 omnium
1939 4044 2168 4091 rerum
2218 4021 2564 4112 opificem,

67 4089 320 4175 libenter
362 4123 426 4178 et
465 4132 620 4178 cum
676 4108 1017 4199 voluptate
1049 4109 1281 4179 omnia
1317 4109 1686 4199 supplicia,
1724 4131 2200 4198 quaecumque
2258 4110 2389 4180 sibi
2447 4111 2572 4179 im-

70 4200 468 4276 ponerentur,
521 4219 590 4266 se
628 4210 863 4286 pacato
909 4210 974 4268 et
1024 4196 1392 4284 tranquillo
1426 4199 1660 4268 animo
1709 4199 2131 4269 subiturum.
2184 4202 2396 4286 Atque
2445 4199 2572 4268 hoc

71 4267 363 4366 elocutus,
406 4286 585 4355 dicto
618 4286 822 4355 citius
852 4285 1106 4356 factum
1145 4287 1540 4374 exequitur:
1589 4303 1653 4357 et
1692 4310 1855 4358 urso
1892 4287 1959 4356 in
1997 4286 2194 4357 illum
2248 4287 2563 4370 dimis50,

72 4375 133 4426 ex
164 4365 425 4445 adverso
477 4374 674 4444 veluti
731 4375 1077 4445 curriculo
1135 4374 1350 4445 sactus
1398 4376 1695 4457 obviam,
1750 4376 2052 4466 seipsum
2120 4375 2572 4447 libentissime
