2993 4837
45 337 173 403 icT.
214 337 293 401 ⁴8
323 354 397 399 m·
434 336 515 400 ⁴9
781 352 1305 401 narrnotocwu
1370 353 1801 400 mensurarum
2335 331 2500 400 929*

46 452 236 513 emper
295 435 587 505 artifices,
631 434 890 496 Arianos
930 434 1086 507 dico,
1134 450 1260 498 ma·
1320 435 1591 512 (absque
1667 434 1786 497 ullo
1859 434 2302 511 fundamento)
2362 443 2595 513 martyr

45 531 191 589 :num
233 514 403 576 illum
436 516 637 575 virum
672 529 920 575 suarum
963 530 1092 577 esse
1131 528 1263 592 par·
1320 513 1678 591 adpellatur.
1713 513 1941 575 Verum
1986 531 2054 577 ea
2084 514 2213 576 fere
2258 515 2491 587 omnia,
2530 522 2596 576 ut

46 598 155 655 ium
209 595 605 667 affirmarent,
649 596 870 655 misere
911 592 1261 668 Flavianus,
1321 594 1725 656 Bol'landistae
1785 600 1995 672 aperte
2054 593 2393 666 declarant,
2441 610 2597 669 quae

46 674 288 735 liodorus
328 682 386 735 et
430 673 786 750 AphraateS,
831 672 985 734 clara
1030 673 1263 736 lumina
1318 675 1390 735 ad
1454 672 1517 735 S.
1585 673 1982 751 Triphoniam
2057 675 2397 752 pertinent,
2455 674 2596 751 jure

45 754 290 826 eruatis,
333 754 619 814 Acacium
649 760 966 814 strenuum
1012 753 1264 815 virtutis
1323 752 1666 832 meritoque
1725 751 2100 832 apocrypha,
2157 752 2401 815 veritati
2458 770 2598 814 con·

52 833 300 906 teletam,
328 833 433 911 qui
478 832 906 895 Beraeeusium
950 830 1260 894 ecclesiam
1318 833 1547 906 traria,
1591 832 1984 910 supposititia
2007 838 2062 894 et
2087 831 2267 909 plane
2311 830 2600 907 fabulosa

45 914 297 989 apienter
338 920 537 991 postea
591 916 773 986 rexit,
816 927 887 973 ac
926 911 1261 975 laudatissi·
1319 914 1437 974 dici
1482 918 1755 989 possunt.
1800 912 1986 975 Nobis
2026 911 2284 973 sufficiat
2328 912 2426 973 hic
2470 929 2598 974 mo·

45 1006 169 1051 num
228 995 432 1053 virum
497 991 694 1064 illum,
746 992 1136 1053 obsecrantes
1197 1000 1264 1054 ut
1322 1008 1467 1054 nere
1517 990 1579 1054 S.
1620 991 2019 1070 Triplioniam
2066 1007 2382 1069 nunquam
2425 992 2592 1069 Decii

46 1079 98 1129 ot
136 1071 437 1133 hominum
484 1069 675 1134 millia
732 1071 1009 1132 miserari
1050 1080 1112 1133 et
1152 1071 1262 1133 ad·
1322 1070 1592 1134 Caesaris
1637 1087 1895 1133 uxorem,
1924 1072 2124 1144 fuisse,
2157 1086 2269 1133 nec
2314 1070 2423 1132 filii
2470 1073 2598 1148 ejus

45 1152 396 1212 ‘ersariorum
440 1150 761 1213 salsitatem
800 1150 1064 1212 refutare
1149 1154 1263 1212 eri·
1322 1161 1465 1212 natu
1501 1152 1764 1226 majoris,
1795 1157 1864 1213 ut
1936 1150 2142 1214 uidam
2169 1159 2594 1213 autumarunt.

46 1230 256 1307 atisque
315 1231 827 1308 praedicationem
899 1231 1057 1292 confi
1160 1247 1263 1293 are
1321 1230 1382 1293 S.
1432 1230 1804 1327 Triphouiae
1848 1248 1915 1292 re
1946 1231 2145 1309 iquiae
2175 1246 2342 1292 nunc
2385 1232 2447 1291 in
2493 1247 2594 1292 ec·

45 1307 207 1371 fellet.
231 1308 387 1382 Quae
425 1326 609 1389 porro
640 1310 898 1372 veniens
927 1316 991 1372 et
1021 1310 1264 1371 rediens
1319 1309 1494 1373 clesia
1542 1312 1602 1371 b.
1650 1309 1927 1371 Silvestri
1971 1312 2044 1371 de
2102 1307 2322 1388 Campo
2379 1310 2596 1373 Martio

45 1393 184 1464 itque
221 1391 277 1451 in
319 1393 443 1468 ipsa
480 1391 741 1452 maxima
782 1388 933 1451 urbe
974 1389 1261 1452 miracula
1319 1399 1668 1460 servantur,
1717 1389 2123 1479 religioseque
2165 1389 2475 1452 coluntur.

46 1466 211 1543 edidit,
250 1471 309 1530 in
369 1470 691 1531 Philotheo
737 1469 999 1532 Historia
1062 1478 1261 1531 nostra

45 1550 323 1627 aerscripta
366 1557 533 1623 sunt,
568 1565 752 1627 quam
793 1549 963 1611 adire
1007 1549 1082 1609 iis
1123 1548 1263 1611 licet
1373 1542 1736 1591 ommonnc.
1767 1542 1897 1582 ΚΑΒ·
1930 1542 2064 1582 NOV·
2256 1542 2381 1582 00'1'·
2424 1542 2539 1585 ¹¹³·

45 1626 114 1699 lui
169 1626 305 1691 haec
363 1645 726 1708 cognoscere
769 1629 1051 1691 volunt...
1099 1628 1263 1691 Idem
1399 1631 1761 1692 Maurvnoc.
1806 1664 1882 1674 —
1927 1629 2150 1691 Arenis
2199 1630 2263 1689 in
2311 1628 2593 1707 Hispania

45 1718 150 1764 tero
175 1709 357 1787 ipsum
383 1713 510 1783 jam
541 1716 716 1770 antea
742 1707 1079 1770 Constantii
1117 1716 1264 1771 tem·
1321 1710 1379 1772 S.
1426 1710 1610 1771 Perm
1652 1728 1730 1770 ne
1776 1712 2183 1783 Arcanum,
2227 1706 2599 1771 Contessoris

46 1784 242 1847 loribus
268 1788 671 1851 Alexandriae
713 1791 1096 1867 praestiterat
1141 1805 1263 1851 ma·
1319 1789 1566 1852 Ordinis
1627 1790 1804 1859 Min„
1855 1804 2040 1867 quem
2101 1796 2349 1867 propter
2409 1790 2600 1851 admi·

45 1876 163 1935 gnus
203 1866 571 1932 Antonius...
620 1866 703 1929 Ita
752 1867 1024 1931 sciebant
1065 1867 1260 1930 divini
1323 1869 1572 1932 rabilem
1622 1870 2090 1946 poenitentiam,
2122 1870 2434 1945 multaque
2475 1871 2596 1930 mi·
2672 1922 2680 1933 .

50 1940 102 2001 lli
142 1944 240 2006 viri
282 1950 681 2026 congruentia
732 1950 953 2025 cuique
1008 1950 1262 2024 tempori
1322 1950 1567 2021 racula,
1629 1947 1909 2010 Clemens
1965 1948 2178 2009 Nonus
2235 1947 2596 2011 Sanctorum

45 2024 1017 2110 uccomodare,etquandoquietem
1045 2027 1268 2105 ample·
1325 2045 1585 2091 numero
1649 2028 1990 2107 adscripsit.
2049 2028 2239 2107 (Vide
2301 2027 2596 2103 Surium,

45 2105 94 2158 :ti
128 2110 485 2188 conveniat,
533 2114 596 2170 et
635 2106 881 2185 quando
923 2109 1104 2169 urbes
1128 2108 1267 2169 soli·
1323 2124 1454 2188 pag.
1498 2108 1662 2187 546).

45 2177 196 2267 tudini
234 2187 554 2249 anteferre.
598 2211 622 2242 n
678 2186 744 2247 ln
793 2203 894 2249 sua
937 2188 1266 2250 solitudine

45 2256 653 2328 s.1ulianusniortuus
681 2273 978 2340 est,anno
1011 2268 1264 2336 incerto,
1402 2302 1477 2312 -—
1548 2266 1700 2329 Item.
1771 2267 1997 2330 Romae
2070 2266 2288 2329 natalis
2356 2275 2593 2329 sancto-

45 2336 142 2410 5‘302
176 2351 235 2401 ut
275 2344 672 2407 Bollandistae
729 2345 1054 2418 definiunt,
1101 2347 1266 2408 inter
1322 2362 1457 2408 rum
1518 2347 1856 2423 Martyrum
1902 2348 2247 2409 proponam
2297 2354 2357 2408 et
2401 2346 2597 2418 Lucu,

45 2428 199 2480 anuos
238 2421 348 2486 372
387 2435 449 2488 et
491 2425 629 2488 380.
1132 2490 1137 2496 ,
1319 2429 1431 2489 sub
1491 2426 1691 2489 Marco
1752 2429 2049 2490 Antonio:
2106 2443 2366 2505 quorum
2432 2428 2597 2504 prior

1320 2509 1414 2584 (ut
1456 2507 1666 2568 scribit
1709 2506 1984 2570 lustinus
2019 2508 2267 2584 Martyr)
2298 2523 2437 2569 cum
2485 2509 2596 2568 im-

100 2572 435 2647 Manrrnoc.
467 2619 545 2629 —
575 2584 798 2648 Romae
835 2586 1049 2650 natalis
1075 2588 1263 2649 sancti
1324 2587 1600 2667 pudicam
1646 2586 1972 2649 mulierem
2015 2587 2088 2648 ad
2139 2586 2323 2648 fldem
2369 2584 2594 2647 Christi

45 2648 189 2743 PAtJm
230 2680 269 2721 A
310 2661 510 2725 Cauca:
575 2662 971 2739 Confessoris,
1020 2666 1262 2728 Institu-
1322 2667 1741 2740 convertisset,
1777 2676 1839 2729 et
1881 2667 2208 2730 castitatem
2258 2666 2456 2727 colere
2498 2666 2599 2727 do-

45 2739 157 2818 ttyris
193 2734 689 2822 congregationis
717 2761 747 2804 a
795 2742 988 2806 Cruce
1030 2752 1092 2806 et
1135 2745 1268 2807 Pas·
1321 2747 1561 2820 auisset,
1605 2746 1680 2807 ab
1741 2747 1976 2822 impuro
2020 2746 2157 2806 viro
2213 2746 2369 2824 apud
2418 2746 2596 2807 Prae-

45 2823 178 2876 tione
206 2816 437 2888 Domini
473 2825 665 2885 nostri
698 2823 839 2886 Jesu
870 2822 1060 2885 Chisti
1110 2841 1263 2886 nun·
1322 2826 1551 2887 sectum
1605 2825 1927 2888 Urbicium
1990 2833 2333 2897 accusatus,
2398 2825 2598 2887 multo

45 2901 268 2984 amalae,
311 2917 503 2989 ,quem
571 2904 728 2965 mira
796 2905 1148 2966 innocentia
1198 2921 1265 2966 ac
1326 2912 1600 2981 tempore
1641 2905 1919 2983 squalore
1956 2906 2214 2966 carceris
2260 2912 2600 2967 maceratus

45 2979 361 3052 poenitentia
398 2983 818 3059 conspicuum,
856 2990 919 3043 et
959 2984 1260 3058 singulari
1319 2989 1432 3057 est,
1475 2991 1536 3044 et
1577 2983 1650 3045 ad
1722 2984 2009 3046 ultimum
2075 2999 2212 3047 curn
2256 2984 2330 3045 de
2371 2981 2596 3046 Christi

46 3061 83 3106 in
110 3048 394 3120 Christum
436 3063 802 3124 crucifixum
846 3062 1144 3124 charitate
1177 3063 1264 3126 in·
1320 3062 1673 3140 magisterio
1715 3062 1949 3141 publica
2007 3064 2380 3125 confessione
2424 3069 2601 3125 testa-

45 3137 245 3218 tensum
286 3136 422 3200 Pius
463 3140 617 3220 Papa
649 3141 862 3203 Nonus
899 3140 1261 3205 Sanctorum
1322 3150 1511 3214 retur,
1551 3144 1753 3221 jussus
1814 3152 1904 3203 est
1965 3142 2106 3204 duci
2169 3142 2243 3204 ad
2307 3150 2595 3205 mortem.

45 3201 175 3299 {iistis
212 3215 480 3305 adjunxit
525 3224 824 3299 assignato
866 3222 1134 3296 ejusdem
1180 3224 1261 3285 re-
1320 3222 1543 3285 Lucius
1583 3239 1828 3302 quoque
1887 3237 2028 3284 cum
2069 3221 2299 3285 Urbicii
2353 3230 2602 3283 senten-

45 3291 249 3355 §ttVltalt
295 3307 505 3374 quarto
548 3299 845 3363 Kalendas
887 3302 1041 3378 Maji.
1083 3303 1263 3378 (Vide
1323 3304 1468 3364 tiam
1513 3302 1909 3381 improbaret,
1953 3310 2015 3364 et
2071 3317 2134 3362 se
2195 3303 2597 3363 christianum

45 3363 186 3430 Suri&
219 3372 345 3438 Vol.
388 3396 469 3454 ιν,
518 3398 652 3461 pag.
698 3380 833 3455 635,
878 3383 1044 3459 etc.).
1320 3381 1523 3472 libere.
1557 3383 1871 3475 fateretur,
1916 3381 2178 3472 similem
2227 3383 2598 3473 sententiam

237 3529 293 3592 S.
347 3534 747 3600 TRlPHONIA
794 3541 1019 3603 VmuA.
1313 3469 1584 3618 ffffssssffi}
1625 3463 1887 3620 gglbgtsii
1915 3459 2601 3618 eetifflnuseotggiuussgg:

421 3646 679 3708 Saeculo
728 3647 847 3709 HL
1324 3621 1500 3698 plicio
1540 3587 1865 3683 damn’atus
1908 3621 2049 3683 fuit.
2087 3620 2266 3696 (Vide
2309 3622 2596 3693 Surium,

116 3763 119 3764 7
1362 3717 1457 3779 ag.
1510 3700 1671 3773 553).
2099 3759 2122 3784 ,
2391 3732 2400 3743 ·

98 3759 435 3839 ΜΑιιτῑῐιοι.
469 3815 545 3825 -—
576 3780 799 3842 Romae
839 3788 1078 3843 sanctae
1125 3782 1262 3844 Tm·
1325 3719 1358 3780 p

45 3851 282 3944 thomae,
325 3861 532 3920 uxoris
572 3861 881 3938 quondam
924 3861 1086 3923 Decii
1117 3859 1262 3923 Cae·
1357 3859 1462 3922 SS.
1521 3858 1891 3930 BERONICI,
1944 3858 2325 3921 PELAGIAE
2379 3860 2553 3920 Vino.

45 3934 174 4004 ΨΒ,
213 3945 357 4006 quae
398 3938 458 3997 in
522 3947 723 4019 crypta
762 3940 934 4018 juxta
978 3947 1257 4003 sanctum
1328 3989 1331 3992 Α
1437 3966 1511 4011 ετ·
1555 3965 1823 4011 Aaronom
1868 3948 2050 4009 XLIX
2097 3947 2473 4011 Mam-ruunt.

45 3990 390 4098 ΗΨΡΟῙᾛΠΠῙ
436 4019 667 4097 semll‘a
713 4029 823 4081 est·
1682 4055 1935 4118 Saeculo
1984 4055 2215 4118 incerto

102 4080 325 4152 Classica
370 4095 793 4177 Martyrologia
838 4099 1067 4172 omnia,
1112 4116 1261 4179 quae
2225 4103 2237 4115 '
2639 4171 2640 4174 ,

45 4165 150 4224 Post
200 4174 494 4239 saeculum
537 4195 621 4240 vn
674 4179 1009 4255 conscripta
1074 4189 1267 4253 sunt,
1399 4179 1758 4242 Manrvnoc.
1815 4215 1893 4224 —
1937 4178 2297 4242 Antiochiae
2357 4185 2595 4239 sancto·

45 4229 250 4344 lana-,191
290 4252 356 4311 ad
402 4266 785 4334 praesentem
829 4257 1018 4331 diem,
1050 4256 1261 4337 quain
1321 4275 1460 4321 rum
1524 4261 1859 4335 Martyrum
1923 4259 2243 4332 Bssnomci,
2289 4259 2598 4319 Paucum

45 4323 232 4397 crlpus
290 4328 518 4398 humata
576 4338 715 4411 suit,
761 4337 824 4400 S.
873 4338 1262 4415 Triphouiam
1317 4338 1595 4416 Virginis
1654 4347 1715 4402 et
1775 4339 2039 4402 aliorum
2082 4338 2598 4417 quadragintano-

45 4391 257 4464 viduam
318 4408 681 4493 Romanam,
731 4434 882 4497 quae
947 4418 1260 4480 interdum
1321 4434 1490 4481 vem.
