<?xml version="1.0" encoding="UTF-8"?>
<!DOCTYPE html PUBLIC "-//W3C//DTD XHTML 1.0 Transitional//EN"
    "http://www.w3.org/TR/xhtml1/DTD/xhtml1-transitional.dtd">
<html xmlns="http://www.w3.org/1999/xhtml" xml:lang="en" lang="en">
 <head>
  <title>
</title>
<meta http-equiv="Content-Type" content="text/html;charset=utf-8" />
  <meta name='ocr-system' content='tesseract 3.04.00' />
  <meta name='ocr-capabilities' content='ocr_page ocr_carea ocr_par ocr_line ocrx_word'/>
</head>
<body>
  <div class='ocr_page' id='page_1' title='image "./historiaeseuvit05lippgoog_0698.png"; bbox 0 0 2993 4837; ppageno 0'>
   <div class='ocr_carea' id='block_1_1' title="bbox 451 289 2819 364">
    <p class='ocr_par' dir='ltr' id='par_1_1' title="bbox 451 289 2819 364">
     <span class='ocr_line' id='line_1_1' title="bbox 451 289 2819 364; baseline -0.001 0"><span class='ocrx_word' id='word_1_1' title='bbox 451 301 577 364; x_wconf 68' lang='lat'><strong>654</strong></span> <span class='ocrx_word' id='word_1_2' title='bbox 1040 317 1118 362; x_wconf 76' lang='lat' dir='ltr'><strong>ns</strong></span> <span class='ocrx_word' id='word_1_3' title='bbox 1166 317 1220 362; x_wconf 92' lang='lat' dir='ltr'><strong>s.</strong></span> <span class='ocrx_word' id='word_1_4' title='bbox 1265 313 1553 363; x_wconf 57' lang='lat' dir='ltr'><strong>canem».</strong></span> <span class='ocrx_word' id='word_1_5' title='bbox 1604 313 1897 362; x_wconf 63' lang='lat' dir='ltr'><strong>murras</strong></span> <span class='ocrx_word' id='word_1_6' title='bbox 1941 289 2018 361; x_wconf 61' lang='lat' dir='ltr'><strong>‘nr</strong></span> <span class='ocrx_word' id='word_1_7' title='bbox 2067 315 2236 361; x_wconf 72' lang='lat' dir='ltr'><strong>Auis</strong></span> <span class='ocrx_word' id='word_1_8' title='bbox 2579 296 2730 360; x_wconf 50' lang='lat' dir='ltr'><strong>Note.</strong></span> <span class='ocrx_word' id='word_1_9' title='bbox 2766 299 2819 361; x_wconf 72' lang='lat'><strong>22</strong></span> 
     </span>
    </p>
   </div>
   <div class='ocr_carea' id='block_1_2' title="bbox 355 399 2868 2619">
    <p class='ocr_par' dir='ltr' id='par_1_2' title="bbox 357 399 2868 2002">
     <span class='ocr_line' id='line_1_2' title="bbox 363 399 2833 493; baseline -0.001 -24"><span class='ocrx_word' id='word_1_10' title='bbox 363 401 897 493; x_wconf 91' lang='lat' dir='ltr'><strong>deprehenderis</strong></span> <span class='ocrx_word' id='word_1_11' title='bbox 936 400 1108 470; x_wconf 85' lang='lat' dir='ltr'><strong>falsa</strong></span> <span class='ocrx_word' id='word_1_12' title='bbox 1154 399 1404 479; x_wconf 83' lang='lat' dir='ltr'><strong>dicere,</strong></span> <span class='ocrx_word' id='word_1_13' title='bbox 1445 413 1712 486; x_wconf 83' lang='lat' dir='ltr'><strong>etquae</strong></span> <span class='ocrx_word' id='word_1_14' title='bbox 1742 421 1874 468; x_wconf 93' lang='lat' dir='ltr'><strong>non</strong></span> <span class='ocrx_word' id='word_1_15' title='bbox 1915 412 2205 488; x_wconf 84' lang='lat' dir='ltr'><strong>possunt</strong></span> <span class='ocrx_word' id='word_1_16' title='bbox 2234 400 2617 468; x_wconf 80' lang='lat' dir='ltr'>consistere.</span> <span class='ocrx_word' id='word_1_17' title='bbox 2652 423 2683 464; x_wconf 66' lang='lat' dir='ltr'><strong>s</strong></span> <span class='ocrx_word' id='word_1_18' title='bbox 2710 402 2833 467; x_wconf 76' lang='lat' dir='ltr'><strong>uixit</strong></span> 
     </span>
     <span class='ocr_line' id='line_1_3' title="bbox 363 487 2837 569; baseline -0.002 -10"><span class='ocrx_word' id='word_1_19' title='bbox 363 490 745 560; x_wconf 81' lang='lat' dir='ltr'><strong>Praefectus</strong></span> <span class='ocrx_word' id='word_1_20' title='bbox 766 489 1161 560; x_wconf 78' lang='lat' dir='ltr'><strong>Almachius</strong></span> <span class='ocrx_word' id='word_1_21' title='bbox 1181 494 1355 559; x_wconf 85' lang='lat' dir='ltr'><strong>:«-Ne</strong></span> <span class='ocrx_word' id='word_1_22' title='bbox 1377 489 1473 557; x_wconf 90' lang='lat' dir='ltr'><strong>sis</strong></span> <span class='ocrx_word' id='word_1_23' title='bbox 1496 489 1803 568; x_wconf 89' lang='lat' dir='ltr'><strong>verbosa,</strong></span> <span class='ocrx_word' id='word_1_24' title='bbox 1829 511 1869 558; x_wconf 94' lang='lat' dir='ltr'><strong>o</strong></span> <span class='ocrx_word' id='word_1_25' title='bbox 1898 488 2173 569; x_wconf 90' lang='lat' dir='ltr'><strong>mulier,</strong></span> <span class='ocrx_word' id='word_1_26' title='bbox 2196 488 2313 558; x_wconf 88' lang='lat' dir='ltr'><strong>sed</strong></span> <span class='ocrx_word' id='word_1_27' title='bbox 2334 487 2418 557; x_wconf 91' lang='lat' dir='ltr'><strong>de</strong></span> <span class='ocrx_word' id='word_1_28' title='bbox 2437 501 2680 557; x_wconf 86' lang='lat' dir='ltr'><strong>caetero</strong></span> <span class='ocrx_word' id='word_1_29' title='bbox 2698 503 2837 556; x_wconf 78' lang='lat' dir='ltr'><strong>tuam</strong></span> 
     </span>
     <span class='ocr_line' id='line_1_4' title="bbox 360 577 2845 668; baseline -0.002 -20"><span class='ocrx_word' id='word_1_30' title='bbox 360 580 627 668; x_wconf 89' lang='lat' dir='ltr'><strong>depone</strong></span> <span class='ocrx_word' id='word_1_31' title='bbox 676 579 1065 660; x_wconf 89' lang='lat' dir='ltr'><strong>audaciam,</strong></span> <span class='ocrx_word' id='word_1_32' title='bbox 1105 591 1169 647; x_wconf 91' lang='lat' dir='ltr'><strong>et</strong></span> <span class='ocrx_word' id='word_1_33' title='bbox 1207 577 1385 657; x_wconf 87' lang='lat' dir='ltr'><strong>veni,</strong></span> <span class='ocrx_word' id='word_1_34' title='bbox 1438 593 1504 647; x_wconf 91' lang='lat' dir='ltr'><strong>et</strong></span> <span class='ocrx_word' id='word_1_35' title='bbox 1535 577 1672 647; x_wconf 92' lang='lat' dir='ltr'><strong>diis</strong></span> <span class='ocrx_word' id='word_1_36' title='bbox 1719 578 2059 647; x_wconf 85' lang='lat' dir='ltr'><strong>sacrifica.</strong></span> <span class='ocrx_word' id='word_1_37' title='bbox 2100 601 2135 644; x_wconf 82' lang='grc'><strong>»</strong></span> <span class='ocrx_word' id='word_1_38' title='bbox 2188 577 2367 646; x_wconf 83' lang='lat' dir='ltr'>Dixit</span> <span class='ocrx_word' id='word_1_39' title='bbox 2421 590 2642 646; x_wconf 87' lang='lat' dir='ltr'><strong>sancta</strong></span> <span class='ocrx_word' id='word_1_40' title='bbox 2674 578 2845 646; x_wconf 83' lang='lat' dir='ltr'><strong>Caeci·</strong></span> 
     </span>
     <span class='ocr_line' id='line_1_5' title="bbox 363 665 2844 753; baseline -0.002 -17"><span class='ocrx_word' id='word_1_41' title='bbox 363 668 476 737; x_wconf 85' lang='lat' dir='ltr'><strong>lia:</strong></span> <span class='ocrx_word' id='word_1_42' title='bbox 499 691 534 733; x_wconf 86' lang='lat'>«</span> <span class='ocrx_word' id='word_1_43' title='bbox 558 668 819 750; x_wconf 89' lang='lat' dir='ltr'><strong>Nescio,</strong></span> <span class='ocrx_word' id='word_1_44' title='bbox 856 668 1143 736; x_wconf 81' lang='lat' dir='ltr'>ubinam</span> <span class='ocrx_word' id='word_1_45' title='bbox 1182 678 1337 736; x_wconf 91' lang='lat' dir='ltr'><strong>tuos</strong></span> <span class='ocrx_word' id='word_1_46' title='bbox 1361 665 1599 736; x_wconf 87' lang='lat' dir='ltr'><strong>oculos</strong></span> <span class='ocrx_word' id='word_1_47' title='bbox 1627 667 1970 736; x_wconf 90' lang='lat' dir='ltr'><strong>amiseris.</strong></span> <span class='ocrx_word' id='word_1_48' title='bbox 1996 671 2161 736; x_wconf 88' lang='lat' dir='ltr'><strong>Nam</strong></span> <span class='ocrx_word' id='word_1_49' title='bbox 2199 687 2378 753; x_wconf 91' lang='lat' dir='ltr'><strong>quos</strong></span> <span class='ocrx_word' id='word_1_50' title='bbox 2409 679 2482 736; x_wconf 93' lang='lat' dir='ltr'><strong>tu</strong></span> <span class='ocrx_word' id='word_1_51' title='bbox 2519 665 2682 735; x_wconf 88' lang='lat' dir='ltr'><strong>dicis</strong></span> <span class='ocrx_word' id='word_1_52' title='bbox 2701 666 2844 734; x_wconf 86' lang='lat' dir='ltr'><strong>deos.</strong></span> 
     </span>
     <span class='ocr_line' id='line_1_6' title="bbox 358 753 2852 848; baseline -0.002 -22"><span class='ocrx_word' id='word_1_53' title='bbox 358 779 483 848; x_wconf 86' lang='lat' dir='ltr'><strong>ego</strong></span> <span class='ocrx_word' id='word_1_54' title='bbox 530 771 596 828; x_wconf 90' lang='lat' dir='ltr'><strong>et</strong></span> <span class='ocrx_word' id='word_1_55' title='bbox 640 778 882 826; x_wconf 89' lang='lat' dir='ltr'><strong>omnes</strong></span> <span class='ocrx_word' id='word_1_56' title='bbox 936 756 1059 844; x_wconf 89' lang='lat' dir='ltr'><strong>qui</strong></span> <span class='ocrx_word' id='word_1_57' title='bbox 1119 769 1282 825; x_wconf 90' lang='lat' dir='ltr'><strong>sunt</strong></span> <span class='ocrx_word' id='word_1_58' title='bbox 1351 755 1540 824; x_wconf 90' lang='lat' dir='ltr'><strong>sanis</strong></span> <span class='ocrx_word' id='word_1_59' title='bbox 1597 756 1865 828; x_wconf 88' lang='lat' dir='ltr'><strong>oculis.</strong></span> <span class='ocrx_word' id='word_1_60' title='bbox 1919 755 2236 825; x_wconf 87' lang='lat' dir='ltr'><strong>videmus</strong></span> <span class='ocrx_word' id='word_1_61' title='bbox 2297 777 2450 825; x_wconf 89' lang='lat' dir='ltr'><strong>esse</strong></span> <span class='ocrx_word' id='word_1_62' title='bbox 2506 753 2769 843; x_wconf 85' lang='lat' dir='ltr'><strong>lapides,</strong></span> <span class='ocrx_word' id='word_1_63' title='bbox 2808 769 2852 822; x_wconf 83' lang='lat' dir='ltr'><strong>et</strong></span> 
     </span>
     <span class='ocr_line' id='line_1_7' title="bbox 361 842 2856 935; baseline -0.002 -20"><span class='ocrx_word' id='word_1_64' title='bbox 361 867 498 925; x_wconf 92' lang='lat' dir='ltr'><strong>aes,</strong></span> <span class='ocrx_word' id='word_1_65' title='bbox 525 859 589 916; x_wconf 88' lang='lat' dir='ltr'><strong>et</strong></span> <span class='ocrx_word' id='word_1_66' title='bbox 611 845 1005 935; x_wconf 86' lang='lat' dir='ltr'><strong>plumbum.</strong></span> <span class='ocrx_word' id='word_1_67' title='bbox 1042 867 1078 911; x_wconf 90' lang='lat'>»</span> <span class='ocrx_word' id='word_1_68' title='bbox 1107 844 1283 913; x_wconf 83' lang='lat' dir='ltr'><strong>Dixit</strong></span> <span class='ocrx_word' id='word_1_69' title='bbox 1305 842 1985 913; x_wconf 85' lang='lat' dir='ltr'><strong>Praefectus:«Mcas</strong></span> <span class='ocrx_word' id='word_1_70' title='bbox 2020 845 2318 932; x_wconf 89' lang='lat' dir='ltr'><strong>injurias</strong></span> <span class='ocrx_word' id='word_1_71' title='bbox 2360 842 2856 934; x_wconf 81' lang='lat' dir='ltr'><strong>philosophando</strong></span> 
     </span>
     <span class='ocr_line' id='line_1_8' title="bbox 358 933 2862 1024; baseline -0.002 -20"><span class='ocrx_word' id='word_1_72' title='bbox 358 935 786 1024; x_wconf 87' lang='lat' dir='ltr'><strong>contempsi;</strong></span> <span class='ocrx_word' id='word_1_73' title='bbox 840 956 973 1004; x_wconf 93' lang='lat' dir='ltr'><strong>non</strong></span> <span class='ocrx_word' id='word_1_74' title='bbox 1015 955 1291 1023; x_wconf 90' lang='lat' dir='ltr'><strong>possum</strong></span> <span class='ocrx_word' id='word_1_75' title='bbox 1334 946 1561 1002; x_wconf 90' lang='lat' dir='ltr'><strong>autem</strong></span> <span class='ocrx_word' id='word_1_76' title='bbox 1606 933 1782 1003; x_wconf 86' lang='lat' dir='ltr'><strong>serre</strong></span> <span class='ocrx_word' id='word_1_77' title='bbox 1830 933 2116 1002; x_wconf 90' lang='lat' dir='ltr'><strong>deorum</strong></span> <span class='ocrx_word' id='word_1_78' title='bbox 2152 934 2690 1004; x_wconf 79' lang='lat' dir='ltr'><strong>contumelias.»</strong></span> <span class='ocrx_word' id='word_1_79' title='bbox 2724 933 2862 1000; x_wconf 82' lang='lat' dir='ltr'><strong>Dixit</strong></span> 
     </span>
     <span class='ocr_line' id='line_1_9' title="bbox 361 1020 2861 1112; baseline -0.003 -18"><span class='ocrx_word' id='word_1_80' title='bbox 361 1036 598 1094; x_wconf 88' lang='lat' dir='ltr'><strong>sancta</strong></span> <span class='ocrx_word' id='word_1_81' title='bbox 645 1023 971 1093; x_wconf 83' lang='lat' dir='ltr'><strong>Caecilia:</strong></span> <span class='ocrx_word' id='word_1_82' title='bbox 1026 1045 1063 1089; x_wconf 89' lang='lat'>«</span> <span class='ocrx_word' id='word_1_83' title='bbox 1099 1027 1191 1091; x_wconf 87' lang='lat' dir='ltr'><strong>Ex</strong></span> <span class='ocrx_word' id='word_1_84' title='bbox 1237 1043 1375 1109; x_wconf 86' lang='lat' dir='ltr'><strong>quo</strong></span> <span class='ocrx_word' id='word_1_85' title='bbox 1425 1044 1502 1092; x_wconf 90' lang='lat' dir='ltr'><strong>os</strong></span> <span class='ocrx_word' id='word_1_86' title='bbox 1564 1023 1940 1112; x_wconf 90' lang='lat' dir='ltr'><strong>aperuisti,</strong></span> <span class='ocrx_word' id='word_1_87' title='bbox 2007 1022 2280 1092; x_wconf 92' lang='lat' dir='ltr'><strong>nullum</strong></span> <span class='ocrx_word' id='word_1_88' title='bbox 2347 1023 2631 1092; x_wconf 84' lang='lat' dir='ltr'><strong>verbum</strong></span> <span class='ocrx_word' id='word_1_89' title='bbox 2688 1020 2861 1089; x_wconf 78' lang='lat' dir='ltr'><strong>fecisti</strong></span> 
     </span>
     <span class='ocr_line' id='line_1_10' title="bbox 358 1109 2863 1201; baseline -0.003 -19"><span class='ocrx_word' id='word_1_90' title='bbox 358 1113 541 1199; x_wconf 86' lang='lat' dir='ltr'><strong>quod</strong></span> <span class='ocrx_word' id='word_1_91' title='bbox 581 1135 715 1182; x_wconf 92' lang='lat' dir='ltr'><strong>non</strong></span> <span class='ocrx_word' id='word_1_92' title='bbox 743 1125 804 1182; x_wconf 93' lang='lat' dir='ltr'><strong>te</strong></span> <span class='ocrx_word' id='word_1_93' title='bbox 828 1112 1212 1183; x_wconf 80' lang='lat' dir='ltr'><strong>ostenderet</strong></span> <span class='ocrx_word' id='word_1_94' title='bbox 1244 1111 1609 1200; x_wconf 84' lang='lat' dir='ltr'><strong>injustum,</strong></span> <span class='ocrx_word' id='word_1_95' title='bbox 1647 1111 2084 1201; x_wconf 87' lang='lat' dir='ltr'><strong>insipientem</strong></span> <span class='ocrx_word' id='word_1_96' title='bbox 2119 1123 2185 1181; x_wconf 94' lang='lat' dir='ltr'><strong>et</strong></span> <span class='ocrx_word' id='word_1_97' title='bbox 2214 1111 2536 1181; x_wconf 90' lang='lat' dir='ltr'><strong>stultum.</strong></span> <span class='ocrx_word' id='word_1_98' title='bbox 2568 1109 2690 1180; x_wconf 92' lang='lat' dir='ltr'><strong>Sed</strong></span> <span class='ocrx_word' id='word_1_99' title='bbox 2715 1110 2863 1178; x_wconf 83' lang='lat' dir='ltr'><strong>enim</strong></span> 
     </span>
     <span class='ocr_line' id='line_1_11' title="bbox 358 1198 2861 1287; baseline -0.003 -15"><span class='ocrx_word' id='word_1_100' title='bbox 358 1201 694 1287; x_wconf 81' lang='lat' dir='ltr'><strong>quidnam</strong></span> <span class='ocrx_word' id='word_1_101' title='bbox 748 1202 876 1271; x_wconf 91' lang='lat' dir='ltr'><strong>hoc</strong></span> <span class='ocrx_word' id='word_1_102' title='bbox 915 1214 1038 1281; x_wconf 90' lang='lat' dir='ltr'><strong>est,</strong></span> <span class='ocrx_word' id='word_1_103' title='bbox 1102 1199 1286 1287; x_wconf 90' lang='lat' dir='ltr'><strong>quod</strong></span> <span class='ocrx_word' id='word_1_104' title='bbox 1344 1201 1642 1270; x_wconf 82' lang='lat' dir='ltr'><strong>externis</strong></span> <span class='ocrx_word' id='word_1_105' title='bbox 1675 1201 1899 1270; x_wconf 90' lang='lat' dir='ltr'><strong>oculis</strong></span> <span class='ocrx_word' id='word_1_106' title='bbox 1954 1214 2015 1270; x_wconf 91' lang='lat' dir='ltr'><strong>te</strong></span> <span class='ocrx_word' id='word_1_107' title='bbox 2048 1221 2522 1270; x_wconf 84' lang='lat' dir='ltr'><strong>essecaecum</strong></span> <span class='ocrx_word' id='word_1_108' title='bbox 2573 1198 2861 1274; x_wconf 74' lang='lat' dir='ltr'><strong>ostendis,</strong></span> 
     </span>
     <span class='ocr_line' id='line_1_12' title="bbox 357 1287 2865 1448; baseline -0.002 -88"><span class='ocrx_word' id='word_1_109' title='bbox 357 1290 851 1448; x_wconf 53' lang='lat' dir='ltr'><strong>quandoguod</strong></span> <span class='ocrx_word' id='word_1_110' title='bbox 885 1311 1126 1360; x_wconf 92' lang='lat' dir='ltr'><strong>omnes</strong></span> <span class='ocrx_word' id='word_1_111' title='bbox 1176 1288 1471 1378; x_wconf 80' lang='lat' dir='ltr'><strong>lapidem</strong></span> <span class='ocrx_word' id='word_1_112' title='bbox 1516 1311 1664 1358; x_wconf 90' lang='lat' dir='ltr'><strong>esse</strong></span> <span class='ocrx_word' id='word_1_113' title='bbox 1722 1289 2176 1378; x_wconf 86' lang='lat' dir='ltr'><strong>adspicimus,</strong></span> <span class='ocrx_word' id='word_1_114' title='bbox 2240 1301 2307 1357; x_wconf 92' lang='lat' dir='ltr'><strong>et</strong></span> <span class='ocrx_word' id='word_1_115' title='bbox 2346 1288 2650 1378; x_wconf 86' lang='lat' dir='ltr'><strong>lapidem</strong></span> <span class='ocrx_word' id='word_1_116' title='bbox 2694 1287 2865 1356; x_wconf 88' lang='lat' dir='ltr'><strong>inuti-</strong></span> 
     </span>
     <span class='ocr_line' id='line_1_13' title="bbox 360 1377 2862 1466; baseline -0.002 -19"><span class='ocrx_word' id='word_1_117' title='bbox 360 1379 519 1461; x_wconf 89' lang='lat' dir='ltr'><strong>lem,</strong></span> <span class='ocrx_word' id='word_1_118' title='bbox 563 1393 635 1449; x_wconf 91' lang='lat' dir='ltr'><strong>tu</strong></span> <span class='ocrx_word' id='word_1_119' title='bbox 712 1401 868 1448; x_wconf 90' lang='lat' dir='ltr'><strong>eum</strong></span> <span class='ocrx_word' id='word_1_120' title='bbox 925 1400 1074 1447; x_wconf 90' lang='lat' dir='ltr'><strong>esse</strong></span> <span class='ocrx_word' id='word_1_121' title='bbox 1108 1378 1426 1447; x_wconf 74' lang='lat' dir='ltr'><strong>testaris?</strong></span> <span class='ocrx_word' id='word_1_122' title='bbox 1475 1383 1569 1447; x_wconf 94' lang='lat' dir='ltr'><strong>Do</strong></span> <span class='ocrx_word' id='word_1_123' title='bbox 1610 1378 1755 1459; x_wconf 89' lang='lat' dir='ltr'><strong>tibi,</strong></span> <span class='ocrx_word' id='word_1_124' title='bbox 1795 1378 2106 1466; x_wconf 81' lang='lat' dir='ltr'><strong>sijubeS,</strong></span> <span class='ocrx_word' id='word_1_125' title='bbox 2159 1377 2535 1447; x_wconf 88' lang='lat' dir='ltr'><strong>consilium</strong></span> <span class='ocrx_word' id='word_1_126' title='bbox 2569 1401 2583 1445; x_wconf 78' lang='grc' dir='ltr'>ε</span> <span class='ocrx_word' id='word_1_127' title='bbox 2636 1389 2700 1446; x_wconf 90' lang='lat' dir='ltr'><strong>et</strong></span> <span class='ocrx_word' id='word_1_128' title='bbox 2740 1397 2862 1446; x_wconf 86' lang='lat' dir='ltr'><strong>eum</strong></span> 
     </span>
     <span class='ocr_line' id='line_1_14' title="bbox 362 1465 2863 1558; baseline -0.002 -21"><span class='ocrx_word' id='word_1_129' title='bbox 362 1481 669 1558; x_wconf 86' lang='lat' dir='ltr'><strong>tangens,</strong></span> <span class='ocrx_word' id='word_1_130' title='bbox 707 1467 895 1537; x_wconf 88' lang='lat' dir='ltr'><strong>disce</strong></span> <span class='ocrx_word' id='word_1_131' title='bbox 933 1489 1082 1536; x_wconf 91' lang='lat' dir='ltr'><strong>esse</strong></span> <span class='ocrx_word' id='word_1_132' title='bbox 1117 1467 1178 1535; x_wconf 82' lang='lat' dir='ltr'><strong>la</strong></span> <span class='ocrx_word' id='word_1_133' title='bbox 1238 1467 1415 1535; x_wconf 90' lang='lat' dir='ltr'><strong>idem</strong></span> <span class='ocrx_word' id='word_1_134' title='bbox 1446 1491 1461 1532; x_wconf 73' lang='grc' dir='ltr'><strong><em>ι</em></strong></span> <span class='ocrx_word' id='word_1_135' title='bbox 1496 1466 1553 1535; x_wconf 92' lang='lat' dir='ltr'><strong>si</strong></span> <span class='ocrx_word' id='word_1_136' title='bbox 1590 1488 1721 1536; x_wconf 90' lang='lat' dir='ltr'><strong>non</strong></span> <span class='ocrx_word' id='word_1_137' title='bbox 1764 1468 1962 1548; x_wconf 90' lang='lat' dir='ltr'><strong>nosti,</strong></span> <span class='ocrx_word' id='word_1_138' title='bbox 2011 1467 2076 1535; x_wconf 93' lang='lat' dir='ltr'><strong>id</strong></span> <span class='ocrx_word' id='word_1_139' title='bbox 2119 1467 2555 1556; x_wconf 82' lang='lat' dir='ltr'><strong>adspiciens:</strong></span> <span class='ocrx_word' id='word_1_140' title='bbox 2591 1479 2690 1536; x_wconf 87' lang='lat' dir='ltr'><strong>est</strong></span> <span class='ocrx_word' id='word_1_141' title='bbox 2718 1465 2863 1533; x_wconf 87' lang='lat' dir='ltr'><strong>enim</strong></span> 
     </span>
     <span class='ocr_line' id='line_1_15' title="bbox 360 1555 2868 1645; baseline -0.001 -21"><span class='ocrx_word' id='word_1_142' title='bbox 360 1557 685 1637; x_wconf 80' lang='lat' dir='ltr'><strong>dedecuS,</strong></span> <span class='ocrx_word' id='word_1_143' title='bbox 724 1580 761 1626; x_wconf 95' lang='lat' dir='ltr'><strong>a</strong></span> <span class='ocrx_word' id='word_1_144' title='bbox 805 1568 941 1626; x_wconf 92' lang='lat' dir='ltr'><strong>toto</strong></span> <span class='ocrx_word' id='word_1_145' title='bbox 993 1569 1054 1625; x_wconf 95' lang='lat' dir='ltr'><strong>te</strong></span> <span class='ocrx_word' id='word_1_146' title='bbox 1110 1556 1163 1624; x_wconf 92' lang='lat' dir='ltr'><strong>ri</strong></span> <span class='ocrx_word' id='word_1_147' title='bbox 1218 1557 1316 1625; x_wconf 90' lang='lat' dir='ltr'><strong>eri</strong></span> <span class='ocrx_word' id='word_1_148' title='bbox 1354 1555 1631 1645; x_wconf 90' lang='lat' dir='ltr'><strong>populo.</strong></span> <span class='ocrx_word' id='word_1_149' title='bbox 1686 1559 1940 1625; x_wconf 86' lang='lat' dir='ltr'><strong>Omnes</strong></span> <span class='ocrx_word' id='word_1_150' title='bbox 1991 1556 2174 1625; x_wconf 89' lang='lat' dir='ltr'><strong>enim</strong></span> <span class='ocrx_word' id='word_1_151' title='bbox 2228 1557 2460 1625; x_wconf 88' lang='lat' dir='ltr'><strong>sciunt</strong></span> <span class='ocrx_word' id='word_1_152' title='bbox 2510 1560 2718 1624; x_wconf 90' lang='lat' dir='ltr'><strong>Deum</strong></span> <span class='ocrx_word' id='word_1_153' title='bbox 2757 1575 2868 1622; x_wconf 79' lang='lat' dir='ltr'><strong>esse</strong></span> 
     </span>
     <span class='ocr_line' id='line_1_16' title="bbox 358 1644 2866 1735; baseline -0.001 -23"><span class='ocrx_word' id='word_1_154' title='bbox 358 1647 426 1713; x_wconf 89' lang='lat' dir='ltr'><strong>in</strong></span> <span class='ocrx_word' id='word_1_155' title='bbox 461 1646 704 1715; x_wconf 87' lang='lat' dir='ltr'><strong>coelis:</strong></span> <span class='ocrx_word' id='word_1_156' title='bbox 759 1645 927 1715; x_wconf 87' lang='lat' dir='ltr'><strong>haec</strong></span> <span class='ocrx_word' id='word_1_157' title='bbox 960 1658 1217 1725; x_wconf 91' lang='lat' dir='ltr'><strong>autem,</strong></span> <span class='ocrx_word' id='word_1_158' title='bbox 1273 1657 1558 1732; x_wconf 89' lang='lat' dir='ltr'><strong>utquae</strong></span> <span class='ocrx_word' id='word_1_159' title='bbox 1613 1645 1750 1715; x_wconf 91' lang='lat' dir='ltr'><strong>sint</strong></span> <span class='ocrx_word' id='word_1_160' title='bbox 1802 1644 2058 1714; x_wconf 88' lang='lat' dir='ltr'><strong>formae</strong></span> <span class='ocrx_word' id='word_1_161' title='bbox 2116 1644 2450 1735; x_wconf 85' lang='lat' dir='ltr'><strong>lapideae,</strong></span> <span class='ocrx_word' id='word_1_162' title='bbox 2510 1667 2633 1734; x_wconf 89' lang='lat' dir='ltr'><strong>per</strong></span> <span class='ocrx_word' id='word_1_163' title='bbox 2679 1645 2866 1734; x_wconf 86' lang='lat' dir='ltr'><strong>ignem</strong></span> 
     </span>
     <span class='ocr_line' id='line_1_17' title="bbox 360 1733 2863 1824; baseline 0.001 -21"><span class='ocrx_word' id='word_1_164' title='bbox 360 1756 560 1824; x_wconf 90' lang='lat' dir='ltr'><strong>posse</strong></span> <span class='ocrx_word' id='word_1_165' title='bbox 596 1735 843 1804; x_wconf 90' lang='lat' dir='ltr'><strong>melius</strong></span> <span class='ocrx_word' id='word_1_166' title='bbox 900 1733 1152 1803; x_wconf 89' lang='lat' dir='ltr'><strong>mutari</strong></span> <span class='ocrx_word' id='word_1_167' title='bbox 1183 1734 1251 1802; x_wconf 91' lang='lat' dir='ltr'><strong>in</strong></span> <span class='ocrx_word' id='word_1_168' title='bbox 1291 1733 1591 1818; x_wconf 90' lang='lat' dir='ltr'><strong>calcem;</strong></span> <span class='ocrx_word' id='word_1_169' title='bbox 1643 1735 1972 1820; x_wconf 91' lang='lat' dir='ltr'><strong>quoniam</strong></span> <span class='ocrx_word' id='word_1_170' title='bbox 2026 1733 2174 1821; x_wconf 86' lang='lat' dir='ltr'><strong>jam</strong></span> <span class='ocrx_word' id='word_1_171' title='bbox 2225 1756 2354 1804; x_wconf 90' lang='lat' dir='ltr'><strong>suo</strong></span> <span class='ocrx_word' id='word_1_172' title='bbox 2400 1733 2541 1803; x_wconf 90' lang='lat' dir='ltr'><strong>otio</strong></span> <span class='ocrx_word' id='word_1_173' title='bbox 2593 1744 2863 1823; x_wconf 73' lang='lat' dir='ltr'><strong>pereunt.</strong></span> 
     </span>
     <span class='ocr_line' id='line_1_18' title="bbox 359 1822 2865 1914; baseline -0 -21"><span class='ocrx_word' id='word_1_174' title='bbox 359 1837 424 1893; x_wconf 91' lang='lat' dir='ltr'><strong>et</strong></span> <span class='ocrx_word' id='word_1_175' title='bbox 461 1845 681 1911; x_wconf 89' lang='lat' dir='ltr'><strong>neque</strong></span> <span class='ocrx_word' id='word_1_176' title='bbox 716 1823 862 1905; x_wconf 90' lang='lat' dir='ltr'><strong>tibi,</strong></span> <span class='ocrx_word' id='word_1_177' title='bbox 902 1823 961 1892; x_wconf 90' lang='lat' dir='ltr'><strong>si</strong></span> <span class='ocrx_word' id='word_1_178' title='bbox 1004 1822 1213 1892; x_wconf 91' lang='lat' dir='ltr'><strong>simul</strong></span> <span class='ocrx_word' id='word_1_179' title='bbox 1257 1844 1518 1914; x_wconf 76' lang='lat' dir='ltr'><strong>pereaS,</strong></span> <span class='ocrx_word' id='word_1_180' title='bbox 1554 1844 1776 1911; x_wconf 87' lang='lat' dir='ltr'><strong>neque</strong></span> <span class='ocrx_word' id='word_1_181' title='bbox 1808 1823 1862 1890; x_wconf 92' lang='lat' dir='ltr'><strong>si</strong></span> <span class='ocrx_word' id='word_1_182' title='bbox 1892 1823 1963 1891; x_wconf 89' lang='lat' dir='ltr'><strong>in</strong></span> <span class='ocrx_word' id='word_1_183' title='bbox 1992 1823 2220 1913; x_wconf 84' lang='lat' dir='ltr'><strong>ignem</strong></span> <span class='ocrx_word' id='word_1_184' title='bbox 2249 1822 2606 1911; x_wconf 81' lang='lat' dir='ltr'><strong>conjectae</strong></span> <span class='ocrx_word' id='word_1_185' title='bbox 2631 1822 2865 1892; x_wconf 80' lang='lat' dir='ltr'><strong>fuerint.</strong></span> 
     </span>
     <span class='ocr_line' id='line_1_19' title="bbox 361 1912 1357 2002; baseline -0.005 -20"><span class='ocrx_word' id='word_1_186' title='bbox 361 1913 495 1982; x_wconf 90' lang='lat' dir='ltr'><strong>sibi</strong></span> <span class='ocrx_word' id='word_1_187' title='bbox 535 1925 857 2002; x_wconf 91' lang='lat' dir='ltr'><strong>poterunt</strong></span> <span class='ocrx_word' id='word_1_188' title='bbox 890 1912 1279 1982; x_wconf 89' lang='lat' dir='ltr'><strong>subvenire.</strong></span> <span class='ocrx_word' id='word_1_189' title='bbox 1322 1934 1357 1977; x_wconf 81' lang='lat'><strong>»</strong></span> 
     </span>
    </p>

    <p class='ocr_par' dir='ltr' id='par_1_3' title="bbox 355 1999 2867 2619">
     <span class='ocr_line' id='line_1_20' title="bbox 444 1999 2865 2088; baseline -0.004 -16"><span class='ocrx_word' id='word_1_190' title='bbox 444 2004 480 2088; x_wconf 63' lang='grc' dir='ltr'>ξ</span> <span class='ocrx_word' id='word_1_191' title='bbox 532 2006 694 2074; x_wconf 69' lang='lat'><strong>²8.</strong></span> <span class='ocrx_word' id='word_1_192' title='bbox 749 2007 937 2071; x_wconf 85' lang='lat' dir='ltr'><strong>Tunc</strong></span> <span class='ocrx_word' id='word_1_193' title='bbox 1008 2000 1203 2071; x_wconf 87' lang='lat' dir='ltr'><strong>valde</strong></span> <span class='ocrx_word' id='word_1_194' title='bbox 1264 2001 1480 2069; x_wconf 92' lang='lat' dir='ltr'><strong>iratus</strong></span> <span class='ocrx_word' id='word_1_195' title='bbox 1530 1999 1976 2079; x_wconf 79' lang='lat' dir='ltr'><strong>AlmachiuS,</strong></span> <span class='ocrx_word' id='word_1_196' title='bbox 2025 1999 2235 2087; x_wconf 90' lang='lat' dir='ltr'><strong>jussit</strong></span> <span class='ocrx_word' id='word_1_197' title='bbox 2293 2021 2445 2069; x_wconf 90' lang='lat' dir='ltr'><strong>eam</strong></span> <span class='ocrx_word' id='word_1_198' title='bbox 2523 2000 2753 2070; x_wconf 78' lang='lat' dir='ltr'><strong>reduci</strong></span> <span class='ocrx_word' id='word_1_199' title='bbox 2819 1999 2865 2065; x_wconf 90' lang='lat' dir='ltr'><strong>in</strong></span> 
     </span>
     <span class='ocr_line' id='line_1_21' title="bbox 357 2088 2864 2169; baseline -0.002 -11"><span class='ocrx_word' id='word_1_200' title='bbox 357 2090 643 2159; x_wconf 79' lang='lat' dir='ltr'><strong>domuin</strong></span> <span class='ocrx_word' id='word_1_201' title='bbox 698 2113 930 2169; x_wconf 84' lang='lat' dir='ltr'><strong>-suam,</strong></span> <span class='ocrx_word' id='word_1_202' title='bbox 988 2102 1052 2159; x_wconf 93' lang='lat' dir='ltr'><strong>et</strong></span> <span class='ocrx_word' id='word_1_203' title='bbox 1107 2090 1247 2159; x_wconf 87' lang='lat' dir='ltr'><strong>illic</strong></span> <span class='ocrx_word' id='word_1_204' title='bbox 1310 2088 1537 2158; x_wconf 88' lang='lat' dir='ltr'><strong>balnei</strong></span> <span class='ocrx_word' id='word_1_205' title='bbox 1588 2089 1865 2158; x_wconf 79' lang='lat' dir='ltr'><strong>stamma</strong></span> <span class='ocrx_word' id='word_1_206' title='bbox 1910 2088 2175 2157; x_wconf 87' lang='lat' dir='ltr'><strong>torreri.</strong></span> <span class='ocrx_word' id='word_1_207' title='bbox 2213 2093 2378 2158; x_wconf 86' lang='lat' dir='ltr'><strong>Cum</strong></span> <span class='ocrx_word' id='word_1_208' title='bbox 2435 2102 2665 2159; x_wconf 90' lang='lat' dir='ltr'><strong>autem</strong></span> <span class='ocrx_word' id='word_1_209' title='bbox 2725 2099 2864 2156; x_wconf 82' lang='lat' dir='ltr'><strong>esset</strong></span> 
     </span>
     <span class='ocr_line' id='line_1_22' title="bbox 362 2177 2867 2264; baseline -0.003 -17"><span class='ocrx_word' id='word_1_210' title='bbox 362 2179 430 2247; x_wconf 90' lang='lat' dir='ltr'><strong>in</strong></span> <span class='ocrx_word' id='word_1_211' title='bbox 485 2201 639 2249; x_wconf 91' lang='lat' dir='ltr'><strong>aere</strong></span> <span class='ocrx_word' id='word_1_212' title='bbox 687 2180 917 2249; x_wconf 88' lang='lat' dir='ltr'><strong>balnei</strong></span> <span class='ocrx_word' id='word_1_213' title='bbox 965 2179 1071 2248; x_wconf 89' lang='lat' dir='ltr'><strong>sui</strong></span> <span class='ocrx_word' id='word_1_214' title='bbox 1131 2178 1423 2258; x_wconf 89' lang='lat' dir='ltr'><strong>inclusa,</strong></span> <span class='ocrx_word' id='word_1_215' title='bbox 1476 2191 1541 2246; x_wconf 92' lang='lat' dir='ltr'><strong>et</strong></span> <span class='ocrx_word' id='word_1_216' title='bbox 1599 2177 1846 2248; x_wconf 88' lang='lat' dir='ltr'><strong>subtus</strong></span> <span class='ocrx_word' id='word_1_217' title='bbox 1902 2189 2038 2247; x_wconf 92' lang='lat' dir='ltr'><strong>toto</strong></span> <span class='ocrx_word' id='word_1_218' title='bbox 2096 2177 2210 2246; x_wconf 91' lang='lat' dir='ltr'><strong>die</strong></span> <span class='ocrx_word' id='word_1_219' title='bbox 2266 2193 2334 2246; x_wconf 91' lang='lat' dir='ltr'><strong>et</strong></span> <span class='ocrx_word' id='word_1_220' title='bbox 2398 2191 2590 2248; x_wconf 88' lang='lat' dir='ltr'><strong>nocte</strong></span> <span class='ocrx_word' id='word_1_221' title='bbox 2660 2196 2867 2264; x_wconf 81' lang='lat' dir='ltr'><strong>magna</strong></span> 
     </span>
     <span class='ocr_line' id='line_1_23' title="bbox 360 2266 2860 2357; baseline -0.002 -23"><span class='ocrx_word' id='word_1_222' title='bbox 360 2269 460 2337; x_wconf 92' lang='lat' dir='ltr'><strong>vis</strong></span> <span class='ocrx_word' id='word_1_223' title='bbox 531 2268 839 2337; x_wconf 91' lang='lat' dir='ltr'><strong>ardentis</strong></span> <span class='ocrx_word' id='word_1_224' title='bbox 920 2267 1088 2357; x_wconf 85' lang='lat' dir='ltr'><strong>ligni</strong></span> <span class='ocrx_word' id='word_1_225' title='bbox 1160 2267 1603 2336; x_wconf 87' lang='lat' dir='ltr'><strong>adhiberetur</strong></span> <span class='ocrx_word' id='word_1_226' title='bbox 1633 2321 1647 2345; x_wconf 92' lang='lat'><strong>,</strong></span> <span class='ocrx_word' id='word_1_227' title='bbox 1711 2280 2062 2354; x_wconf 86' lang='lat' dir='ltr'><strong>tamquam</strong></span> <span class='ocrx_word' id='word_1_228' title='bbox 2138 2267 2204 2334; x_wconf 92' lang='lat' dir='ltr'><strong>in</strong></span> <span class='ocrx_word' id='word_1_229' title='bbox 2279 2266 2428 2336; x_wconf 92' lang='lat' dir='ltr'><strong>loco</strong></span> <span class='ocrx_word' id='word_1_230' title='bbox 2509 2267 2860 2357; x_wconf 85' lang='lat' dir='ltr'><strong>refrigerato</strong></span> 
     </span>
     <span class='ocr_line' id='line_1_24' title="bbox 364 2354 2860 2448; baseline -0.002 -23"><span class='ocrx_word' id='word_1_231' title='bbox 364 2356 599 2428; x_wconf 87' lang='lat' dir='ltr'><strong>illaesa</strong></span> <span class='ocrx_word' id='word_1_232' title='bbox 660 2359 1037 2448; x_wconf 81' lang='lat' dir='ltr'><strong>permansit</strong></span> <span class='ocrx_word' id='word_1_233' title='bbox 1096 2369 1162 2426; x_wconf 93' lang='lat' dir='ltr'><strong>et</strong></span> <span class='ocrx_word' id='word_1_234' title='bbox 1213 2355 1434 2437; x_wconf 85' lang='lat' dir='ltr'><strong>salva,</strong></span> <span class='ocrx_word' id='word_1_235' title='bbox 1493 2355 1759 2425; x_wconf 89' lang='lat' dir='ltr'><strong>Domini</strong></span> <span class='ocrx_word' id='word_1_236' title='bbox 1816 2357 2082 2447; x_wconf 75' lang='lat' dir='ltr'><strong>gratia:</strong></span> <span class='ocrx_word' id='word_1_237' title='bbox 2136 2354 2329 2436; x_wconf 89' lang='lat' dir='ltr'><strong>adeo,</strong></span> <span class='ocrx_word' id='word_1_238' title='bbox 2379 2370 2457 2426; x_wconf 91' lang='lat' dir='ltr'><strong>ut</strong></span> <span class='ocrx_word' id='word_1_239' title='bbox 2506 2356 2699 2427; x_wconf 91' lang='lat' dir='ltr'><strong>nulla</strong></span> <span class='ocrx_word' id='word_1_240' title='bbox 2743 2373 2860 2444; x_wconf 80' lang='lat' dir='ltr'><strong>pars</strong></span> 
     </span>
     <span class='ocr_line' id='line_1_25' title="bbox 357 2444 2856 2536; baseline -0.004 -20"><span class='ocrx_word' id='word_1_241' title='bbox 357 2449 640 2516; x_wconf 89' lang='lat' dir='ltr'><strong>omnino</strong></span> <span class='ocrx_word' id='word_1_242' title='bbox 686 2470 766 2516; x_wconf 86' lang='lat' dir='ltr'><strong>ex</strong></span> <span class='ocrx_word' id='word_1_243' title='bbox 811 2448 962 2536; x_wconf 89' lang='lat' dir='ltr'><strong>ejus</strong></span> <span class='ocrx_word' id='word_1_244' title='bbox 1012 2446 1341 2515; x_wconf 90' lang='lat' dir='ltr'><strong>membris</strong></span> <span class='ocrx_word' id='word_1_245' title='bbox 1382 2444 1481 2514; x_wconf 89' lang='lat' dir='ltr'><strong>vel</strong></span> <span class='ocrx_word' id='word_1_246' title='bbox 1529 2444 2125 2515; x_wconf 88' lang='lat' dir='ltr'><strong>minimo-sudoris</strong></span> <span class='ocrx_word' id='word_1_247' title='bbox 2178 2445 2378 2535; x_wconf 85' lang='lat' dir='ltr'><strong>signo</strong></span> <span class='ocrx_word' id='word_1_248' title='bbox 2429 2445 2634 2515; x_wconf 90' lang='lat' dir='ltr'><strong>fuerit</strong></span> <span class='ocrx_word' id='word_1_249' title='bbox 2665 2447 2856 2513; x_wconf 79' lang='lat' dir='ltr'><strong>butue·</strong></span> 
     </span>
     <span class='ocr_line' id='line_1_26' title="bbox 355 2528 2855 2619; baseline -0.002 -17"><span class='ocrx_word' id='word_1_250' title='bbox 355 2548 556 2605; x_wconf 91' lang='lat' dir='ltr'><strong>ctata.</strong></span> <span class='ocrx_word' id='word_1_251' title='bbox 604 2537 793 2619; x_wconf 84' lang='lat' dir='ltr'><strong>Quod</strong></span> <span class='ocrx_word' id='word_1_252' title='bbox 857 2557 1014 2604; x_wconf 89' lang='lat' dir='ltr'><strong>cum</strong></span> <span class='ocrx_word' id='word_1_253' title='bbox 1069 2534 1375 2603; x_wconf 87' lang='lat' dir='ltr'><strong>audisset</strong></span> <span class='ocrx_word' id='word_1_254' title='bbox 1421 2533 1819 2604; x_wconf 82' lang='lat' dir='ltr'><strong>Almachius</strong></span> <span class='ocrx_word' id='word_1_255' title='bbox 1877 2533 2302 2612; x_wconf 84' lang='lat' dir='ltr'><strong>Praefectus,</strong></span> <span class='ocrx_word' id='word_1_256' title='bbox 2361 2535 2531 2604; x_wconf 90' lang='lat' dir='ltr'><strong>illuc</strong></span> <span class='ocrx_word' id='word_1_257' title='bbox 2582 2535 2758 2602; x_wconf 90' lang='lat' dir='ltr'><strong>misit</strong></span> <span class='ocrx_word' id='word_1_258' title='bbox 2793 2528 2855 2597; x_wconf 84' lang='lat' dir='ltr'><strong>ad</strong></span> 
     </span>
    </p>
   </div>
   <div class='ocr_carea' id='block_1_3' title="bbox 230 2622 2862 2803">
    <p class='ocr_par' dir='ltr' id='par_1_4' title="bbox 230 2622 2862 2803">
     <span class='ocr_line' id='line_1_27' title="bbox 246 2622 2862 2722; baseline -0.001 -31"><span class='ocrx_word' id='word_1_259' title='bbox 246 2650 265 2675; x_wconf 60' lang='lat'><em>⁴</em></span> <span class='ocrx_word' id='word_1_260' title='bbox 358 2626 610 2713; x_wconf 88' lang='lat' dir='ltr'><strong>ipsam,</strong></span> <span class='ocrx_word' id='word_1_261' title='bbox 650 2626 825 2694; x_wconf 91' lang='lat' dir='ltr'><strong>utin</strong></span> <span class='ocrx_word' id='word_1_262' title='bbox 862 2624 1031 2714; x_wconf 89' lang='lat' dir='ltr'><strong>ipsis</strong></span> <span class='ocrx_word' id='word_1_263' title='bbox 1065 2623 1333 2692; x_wconf 88' lang='lat' dir='ltr'><strong>balneis</strong></span> <span class='ocrx_word' id='word_1_264' title='bbox 1379 2622 1439 2691; x_wconf 92' lang='lat' dir='ltr'><strong>ei</strong></span> <span class='ocrx_word' id='word_1_265' title='bbox 1491 2635 1700 2712; x_wconf 90' lang='lat' dir='ltr'><strong>caput</strong></span> <span class='ocrx_word' id='word_1_266' title='bbox 1738 2636 2236 2722; x_wconf 81' lang='lat' dir='ltr'><strong>amputaretur.</strong></span> <span class='ocrx_word' id='word_1_267' title='bbox 2276 2628 2497 2704; x_wconf 89' lang='lat' dir='ltr'><strong>Quam</strong></span> <span class='ocrx_word' id='word_1_268' title='bbox 2531 2622 2862 2717; x_wconf 77' lang='lat' dir='ltr'><strong>spiculator</strong></span> 
     </span>
     <span class='ocr_line' id='line_1_28' title="bbox 230 2712 2858 2803; baseline -0.002 -23"><span class='ocrx_word' id='word_1_269' title='bbox 230 2784 243 2793; x_wconf 74' lang='lat'><strong>.</strong></span> <span class='ocrx_word' id='word_1_270' title='bbox 326 2713 582 2795; x_wconf 10' lang='lat' dir='ltr'><strong>,tribus</strong></span> <span class='ocrx_word' id='word_1_271' title='bbox 634 2715 971 2803; x_wconf 88' lang='lat' dir='ltr'><strong>percussit</strong></span> <span class='ocrx_word' id='word_1_272' title='bbox 1020 2712 1315 2793; x_wconf 79' lang='lat' dir='ltr'><strong>ictibuS,</strong></span> <span class='ocrx_word' id='word_1_273' title='bbox 1375 2724 1440 2780; x_wconf 93' lang='lat' dir='ltr'><strong>et</strong></span> <span class='ocrx_word' id='word_1_274' title='bbox 1500 2732 1632 2779; x_wconf 89' lang='lat' dir='ltr'><strong>non</strong></span> <span class='ocrx_word' id='word_1_275' title='bbox 1690 2724 1906 2801; x_wconf 81' lang='lat' dir='ltr'><strong>potuit</strong></span> <span class='ocrx_word' id='word_1_276' title='bbox 1952 2712 2015 2780; x_wconf 91' lang='lat' dir='ltr'><strong>ei</strong></span> <span class='ocrx_word' id='word_1_277' title='bbox 2077 2724 2282 2800; x_wconf 86' lang='lat' dir='ltr'><strong>caput</strong></span> <span class='ocrx_word' id='word_1_278' title='bbox 2351 2726 2727 2801; x_wconf 75' lang='lat' dir='ltr'><strong>amputare.</strong></span> <span class='ocrx_word' id='word_1_279' title='bbox 2780 2713 2858 2777; x_wconf 77' lang='lat' dir='ltr'><strong>Sic</strong></span> 
     </span>
    </p>
   </div>
   <div class='ocr_carea' id='block_1_4' title="bbox 352 2798 2944 4221">
    <p class='ocr_par' dir='ltr' id='par_1_5' title="bbox 352 2798 2944 4221">
     <span class='ocr_line' id='line_1_29' title="bbox 356 2798 2854 2891; baseline -0.002 -22"><span class='ocrx_word' id='word_1_280' title='bbox 356 2816 581 2871; x_wconf 90' lang='lat' dir='ltr'><strong>autem</strong></span> <span class='ocrx_word' id='word_1_281' title='bbox 634 2824 782 2871; x_wconf 88' lang='lat' dir='ltr'><strong>eam</strong></span> <span class='ocrx_word' id='word_1_282' title='bbox 836 2801 1248 2891; x_wconf 90' lang='lat' dir='ltr'><strong>semiputato</strong></span> <span class='ocrx_word' id='word_1_283' title='bbox 1279 2801 1502 2890; x_wconf 88' lang='lat' dir='ltr'><strong>capite</strong></span> <span class='ocrx_word' id='word_1_284' title='bbox 1535 2798 1724 2869; x_wconf 85' lang='lat' dir='ltr'><strong>ferus</strong></span> <span class='ocrx_word' id='word_1_285' title='bbox 1769 2816 1843 2869; x_wconf 76' lang='lat' dir='ltr'><strong>et</strong></span> <span class='ocrx_word' id='word_1_286' title='bbox 1861 2799 2166 2869; x_wconf 88' lang='lat' dir='ltr'><strong>crudelis</strong></span> <span class='ocrx_word' id='word_1_287' title='bbox 2209 2800 2323 2869; x_wconf 88' lang='lat' dir='ltr'><strong>ille</strong></span> <span class='ocrx_word' id='word_1_288' title='bbox 2358 2800 2557 2870; x_wconf 90' lang='lat' dir='ltr'><strong>lictor</strong></span> <span class='ocrx_word' id='word_1_289' title='bbox 2597 2798 2854 2886; x_wconf 85' lang='lat' dir='ltr'><strong>reliquit:</strong></span> 
     </span>
     <span class='ocr_line' id='line_1_30' title="bbox 358 2888 2856 2978; baseline -0.003 -19"><span class='ocrx_word' id='word_1_290' title='bbox 358 2892 527 2960; x_wconf 89' lang='lat' dir='ltr'><strong>adeo</strong></span> <span class='ocrx_word' id='word_1_291' title='bbox 575 2905 650 2960; x_wconf 92' lang='lat' dir='ltr'><strong>ut</strong></span> <span class='ocrx_word' id='word_1_292' title='bbox 697 2912 937 2961; x_wconf 89' lang='lat' dir='ltr'><strong>omnes</strong></span> <span class='ocrx_word' id='word_1_293' title='bbox 987 2890 1247 2970; x_wconf 86' lang='lat' dir='ltr'><strong>turbae,</strong></span> <span class='ocrx_word' id='word_1_294' title='bbox 1305 2911 1481 2976; x_wconf 88' lang='lat' dir='ltr'><strong>quae</strong></span> <span class='ocrx_word' id='word_1_295' title='bbox 1531 2912 1652 2978; x_wconf 94' lang='lat' dir='ltr'><strong>per</strong></span> <span class='ocrx_word' id='word_1_296' title='bbox 1705 2889 1892 2957; x_wconf 91' lang='lat' dir='ltr'><strong>illam</strong></span> <span class='ocrx_word' id='word_1_297' title='bbox 1943 2888 2424 2971; x_wconf 84' lang='lat' dir='ltr'><strong>crediderant,</strong></span> <span class='ocrx_word' id='word_1_298' title='bbox 2489 2891 2856 2978; x_wconf 82' lang='lat' dir='ltr'><strong>sanguinem</strong></span> 
     </span>
     <span class='ocr_line' id='line_1_31' title="bbox 358 2978 2856 3069; baseline -0.003 -22"><span class='ocrx_word' id='word_1_299' title='bbox 358 2979 586 3048; x_wconf 92' lang='lat' dir='ltr'><strong>linteis</strong></span> <span class='ocrx_word' id='word_1_300' title='bbox 636 2992 986 3067; x_wconf 87' lang='lat' dir='ltr'><strong>tamquam</strong></span> <span class='ocrx_word' id='word_1_301' title='bbox 1040 2978 1350 3069; x_wconf 83' lang='lat' dir='ltr'><strong>spongiis</strong></span> <span class='ocrx_word' id='word_1_302' title='bbox 1402 2978 1779 3047; x_wconf 86' lang='lat' dir='ltr'><strong>hauserint.</strong></span> <span class='ocrx_word' id='word_1_303' title='bbox 1834 2978 2082 3047; x_wconf 87' lang='lat' dir='ltr'><strong>Tribus</strong></span> <span class='ocrx_word' id='word_1_304' title='bbox 2138 2992 2364 3048; x_wconf 88' lang='lat' dir='ltr'><strong>autem</strong></span> <span class='ocrx_word' id='word_1_305' title='bbox 2401 3034 2416 3056; x_wconf 89' lang='lat'>‚</span> <span class='ocrx_word' id='word_1_306' title='bbox 2473 2980 2724 3066; x_wconf 88' lang='lat' dir='ltr'><strong>quibus</strong></span> <span class='ocrx_word' id='word_1_307' title='bbox 2771 2995 2856 3044; x_wconf 89' lang='lat' dir='ltr'><strong>su-</strong></span> 
     </span>
     <span class='ocr_line' id='line_1_32' title="bbox 357 3064 2855 3158; baseline 0 -21"><span class='ocrx_word' id='word_1_308' title='bbox 357 3068 645 3158; x_wconf 87' lang='lat' dir='ltr'><strong>pervixit</strong></span> <span class='ocrx_word' id='word_1_309' title='bbox 696 3067 963 3149; x_wconf 91' lang='lat' dir='ltr'><strong>diebus,</strong></span> <span class='ocrx_word' id='word_1_310' title='bbox 1026 3089 1160 3136; x_wconf 90' lang='lat' dir='ltr'><strong>non</strong></span> <span class='ocrx_word' id='word_1_311' title='bbox 1218 3068 1509 3137; x_wconf 88' lang='lat' dir='ltr'><strong>cessavit</strong></span> <span class='ocrx_word' id='word_1_312' title='bbox 1559 3089 1823 3147; x_wconf 72' lang='lat' dir='ltr'><strong>omneS,</strong></span> <span class='ocrx_word' id='word_1_313' title='bbox 1867 3088 2040 3153; x_wconf 89' lang='lat' dir='ltr'><strong>quos</strong></span> <span class='ocrx_word' id='word_1_314' title='bbox 2089 3067 2262 3136; x_wconf 91' lang='lat' dir='ltr'><strong>aluit</strong></span> <span class='ocrx_word' id='word_1_315' title='bbox 2300 3080 2367 3136; x_wconf 88' lang='lat' dir='ltr'><strong>et</strong></span> <span class='ocrx_word' id='word_1_316' title='bbox 2419 3090 2596 3154; x_wconf 85' lang='lat' dir='ltr'><strong>quos</strong></span> <span class='ocrx_word' id='word_1_317' title='bbox 2642 3064 2855 3137; x_wconf 78' lang='lat' dir='ltr'><strong>docuit..</strong></span> 
     </span>
     <span class='ocr_line' id='line_1_33' title="bbox 353 3152 2855 3239; baseline -0.006 -8"><span class='ocrx_word' id='word_1_318' title='bbox 353 3158 765 3231; x_wconf 83' lang='lat' dir='ltr'><strong>confirmare</strong></span> <span class='ocrx_word' id='word_1_319' title='bbox 811 3170 875 3226; x_wconf 92' lang='lat' dir='ltr'><strong>et</strong></span> <span class='ocrx_word' id='word_1_320' title='bbox 921 3157 1364 3227; x_wconf 85' lang='lat' dir='ltr'><strong>corroborare</strong></span> <span class='ocrx_word' id='word_1_321' title='bbox 1401 3157 1467 3225; x_wconf 93' lang='lat' dir='ltr'><strong>in</strong></span> <span class='ocrx_word' id='word_1_322' title='bbox 1507 3155 1641 3224; x_wconf 88' lang='lat' dir='ltr'><strong>fide</strong></span> <span class='ocrx_word' id='word_1_323' title='bbox 1679 3155 1972 3224; x_wconf 88' lang='lat' dir='ltr'><strong>Domini.</strong></span> <span class='ocrx_word' id='word_1_324' title='bbox 2005 3156 2273 3239; x_wconf 88' lang='lat' dir='ltr'><strong>Quibus</strong></span> <span class='ocrx_word' id='word_1_325' title='bbox 2305 3156 2508 3225; x_wconf 87' lang='lat' dir='ltr'><strong>etiam</strong></span> <span class='ocrx_word' id='word_1_326' title='bbox 2546 3152 2855 3225; x_wconf 89' lang='lat' dir='ltr'><strong>distribuit</strong></span> 
     </span>
     <span class='ocr_line' id='line_1_34' title="bbox 353 3242 2852 3334; baseline -0.004 -19"><span class='ocrx_word' id='word_1_327' title='bbox 353 3248 583 3315; x_wconf 90' lang='lat' dir='ltr'><strong>omnia</strong></span> <span class='ocrx_word' id='word_1_328' title='bbox 640 3269 817 3334; x_wconf 90' lang='lat' dir='ltr'><strong>quae</strong></span> <span class='ocrx_word' id='word_1_329' title='bbox 858 3246 1173 3327; x_wconf 90' lang='lat' dir='ltr'><strong>habebat,</strong></span> <span class='ocrx_word' id='word_1_330' title='bbox 1207 3258 1272 3315; x_wconf 93' lang='lat' dir='ltr'><strong>et</strong></span> <span class='ocrx_word' id='word_1_331' title='bbox 1300 3246 1740 3315; x_wconf 84' lang='lat' dir='ltr'><strong>sanctissimo</strong></span> <span class='ocrx_word' id='word_1_332' title='bbox 1768 3249 1991 3333; x_wconf 88' lang='lat' dir='ltr'><strong>Papae</strong></span> <span class='ocrx_word' id='word_1_333' title='bbox 2042 3244 2314 3314; x_wconf 90' lang='lat' dir='ltr'><strong>Urbano</strong></span> <span class='ocrx_word' id='word_1_334' title='bbox 2364 3242 2852 3315; x_wconf 71' lang='lat' dir='ltr'><strong>commendavit.</strong></span> 
     </span>
     <span class='ocr_line' id='line_1_35' title="bbox 356 3333 2852 3423; baseline -0.002 -20"><span class='ocrx_word' id='word_1_335' title='bbox 356 3337 471 3404; x_wconf 87' lang='lat' dir='ltr'><strong>Cui</strong></span> <span class='ocrx_word' id='word_1_336' title='bbox 522 3336 725 3405; x_wconf 92' lang='lat' dir='ltr'><strong>etiam</strong></span> <span class='ocrx_word' id='word_1_337' title='bbox 762 3336 975 3405; x_wconf 87' lang='lat' dir='ltr'><strong>dixit:</strong></span> <span class='ocrx_word' id='word_1_338' title='bbox 1024 3358 1058 3402; x_wconf 89' lang='lat'>«</span> <span class='ocrx_word' id='word_1_339' title='bbox 1112 3335 1343 3404; x_wconf 85' lang='lat' dir='ltr'><strong>Trium</strong></span> <span class='ocrx_word' id='word_1_340' title='bbox 1381 3334 1648 3403; x_wconf 90' lang='lat' dir='ltr'><strong>dierum</strong></span> <span class='ocrx_word' id='word_1_341' title='bbox 1705 3333 1871 3401; x_wconf 89' lang='lat' dir='ltr'><strong>mihi</strong></span> <span class='ocrx_word' id='word_1_342' title='bbox 1923 3334 2067 3421; x_wconf 84' lang='lat' dir='ltr'><strong>jam</strong></span> <span class='ocrx_word' id='word_1_343' title='bbox 2116 3335 2319 3423; x_wconf 89' lang='lat' dir='ltr'><strong>petivi</strong></span> <span class='ocrx_word' id='word_1_344' title='bbox 2371 3336 2755 3411; x_wconf 87' lang='lat' dir='ltr'><strong>terminum,</strong></span> <span class='ocrx_word' id='word_1_345' title='bbox 2798 3341 2852 3397; x_wconf 86' lang='lat' dir='ltr'><strong>ut</strong></span> 
     </span>
     <span class='ocr_line' id='line_1_36' title="bbox 355 3421 2848 3503; baseline -0.003 -11"><span class='ocrx_word' id='word_1_346' title='bbox 355 3425 616 3493; x_wconf 89' lang='lat' dir='ltr'><strong>tradam</strong></span> <span class='ocrx_word' id='word_1_347' title='bbox 672 3425 838 3495; x_wconf 86' lang='lat' dir='ltr'><strong>haec</strong></span> <span class='ocrx_word' id='word_1_348' title='bbox 890 3438 1044 3494; x_wconf 90' lang='lat' dir='ltr'><strong>tuae</strong></span> <span class='ocrx_word' id='word_1_349' title='bbox 1102 3424 1468 3503; x_wconf 86' lang='lat' dir='ltr'><strong>sanctitati,</strong></span> <span class='ocrx_word' id='word_1_350' title='bbox 1507 3441 1571 3491; x_wconf 89' lang='lat' dir='ltr'><strong>et</strong></span> <span class='ocrx_word' id='word_1_351' title='bbox 1620 3422 1797 3491; x_wconf 90' lang='lat' dir='ltr'><strong>hanc</strong></span> <span class='ocrx_word' id='word_1_352' title='bbox 1847 3421 2129 3492; x_wconf 91' lang='lat' dir='ltr'><strong>domum</strong></span> <span class='ocrx_word' id='word_1_353' title='bbox 2185 3443 2406 3491; x_wconf 88' lang='lat' dir='ltr'><strong>meam</strong></span> <span class='ocrx_word' id='word_1_354' title='bbox 2461 3424 2529 3491; x_wconf 93' lang='lat' dir='ltr'><strong>in</strong></span> <span class='ocrx_word' id='word_1_355' title='bbox 2583 3422 2848 3491; x_wconf 88' lang='lat' dir='ltr'><strong>seculum</strong></span> 
     </span>
     <span class='ocr_line' id='line_1_37' title="bbox 352 3510 2852 3600; baseline -0.002 -17"><span class='ocrx_word' id='word_1_356' title='bbox 352 3514 680 3583; x_wconf 88' lang='lat' dir='ltr'><strong>ecclesiae</strong></span> <span class='ocrx_word' id='word_1_357' title='bbox 728 3514 1007 3585; x_wconf 90' lang='lat' dir='ltr'><strong>nomine</strong></span> <span class='ocrx_word' id='word_1_358' title='bbox 1054 3534 1435 3582; x_wconf 80' lang='lat' dir='ltr'><strong>consecres,</strong></span> <span class='ocrx_word' id='word_1_359' title='bbox 1476 3534 1511 3578; x_wconf 85' lang='lat'><strong>»</strong></span> <span class='ocrx_word' id='word_1_360' title='bbox 1554 3510 1864 3600; x_wconf 85' lang='lat' dir='ltr'><strong>Impletis</strong></span> <span class='ocrx_word' id='word_1_361' title='bbox 1926 3524 2153 3580; x_wconf 89' lang='lat' dir='ltr'><strong>autem</strong></span> <span class='ocrx_word' id='word_1_362' title='bbox 2219 3512 2443 3581; x_wconf 84' lang='lat' dir='ltr'><strong>tribus</strong></span> <span class='ocrx_word' id='word_1_363' title='bbox 2492 3512 2764 3587; x_wconf 86' lang='lat' dir='ltr'><strong>diebus,</strong></span> <span class='ocrx_word' id='word_1_364' title='bbox 2804 3516 2852 3572; x_wconf 80' lang='lat' dir='ltr'><strong>et</strong></span> 
     </span>
     <span class='ocr_line' id='line_1_38' title="bbox 358 3599 2944 3693; baseline -0.003 -21"><span class='ocrx_word' id='word_1_365' title='bbox 358 3608 565 3672; x_wconf 90' lang='lat' dir='ltr'><strong>Deum</strong></span> <span class='ocrx_word' id='word_1_366' title='bbox 620 3615 940 3693; x_wconf 84' lang='lat' dir='ltr'><strong>precante</strong></span> <span class='ocrx_word' id='word_1_367' title='bbox 988 3602 1182 3671; x_wconf 91' lang='lat' dir='ltr'><strong>beata</strong></span> <span class='ocrx_word' id='word_1_368' title='bbox 1233 3600 1563 3680; x_wconf 85' lang='lat' dir='ltr'><strong>Caecilia,</strong></span> <span class='ocrx_word' id='word_1_369' title='bbox 1609 3622 1768 3669; x_wconf 90' lang='lat' dir='ltr'><strong>cum</strong></span> <span class='ocrx_word' id='word_1_370' title='bbox 1811 3614 2041 3669; x_wconf 87' lang='lat' dir='ltr'><strong>essent</strong></span> <span class='ocrx_word' id='word_1_371' title='bbox 2086 3599 2318 3669; x_wconf 88' lang='lat' dir='ltr'><strong>adhuc</strong></span> <span class='ocrx_word' id='word_1_372' title='bbox 2379 3622 2616 3690; x_wconf 88' lang='lat' dir='ltr'><strong>preces</strong></span> <span class='ocrx_word' id='word_1_373' title='bbox 2660 3601 2724 3668; x_wconf 92' lang='lat' dir='ltr'><strong>in</strong></span> <span class='ocrx_word' id='word_1_374' title='bbox 2765 3613 2850 3690; x_wconf 68' lang='lat' dir='ltr'><strong>ore</strong></span> <span class='ocrx_word' id='word_1_375' title='bbox 2943 3674 2944 3677; x_wconf 8' lang='grc' dir='ltr'><strong>Ἴ</strong></span> 
     </span>
     <span class='ocr_line' id='line_1_39' title="bbox 352 3690 2846 3782; baseline -0.003 -22"><span class='ocrx_word' id='word_1_376' title='bbox 352 3693 526 3780; x_wconf 80' lang='lat' dir='ltr'><strong>ejuS‚</strong></span> <span class='ocrx_word' id='word_1_377' title='bbox 566 3692 849 3761; x_wconf 87' lang='lat' dir='ltr'><strong>tradidit</strong></span> <span class='ocrx_word' id='word_1_378' title='bbox 882 3692 1248 3782; x_wconf 90' lang='lat' dir='ltr'><strong>pretiosam</strong></span> <span class='ocrx_word' id='word_1_379' title='bbox 1291 3703 1356 3758; x_wconf 91' lang='lat' dir='ltr'><strong>et</strong></span> <span class='ocrx_word' id='word_1_380' title='bbox 1405 3701 1710 3758; x_wconf 89' lang='lat' dir='ltr'><strong>sanctam</strong></span> <span class='ocrx_word' id='word_1_381' title='bbox 1765 3711 1959 3757; x_wconf 91' lang='lat' dir='ltr'><strong>suam</strong></span> <span class='ocrx_word' id='word_1_382' title='bbox 2012 3690 2316 3757; x_wconf 88' lang='lat' dir='ltr'><strong>animam</strong></span> <span class='ocrx_word' id='word_1_383' title='bbox 2368 3690 2439 3757; x_wconf 88' lang='lat' dir='ltr'><strong>in</strong></span> <span class='ocrx_word' id='word_1_384' title='bbox 2485 3710 2725 3757; x_wconf 86' lang='lat' dir='ltr'><strong>manus</strong></span> <span class='ocrx_word' id='word_1_385' title='bbox 2764 3690 2846 3753; x_wconf 77' lang='lat' dir='ltr'><strong>Det</strong></span> 
     </span>
     <span class='ocr_line' id='line_1_40' title="bbox 352 3777 2944 3866; baseline -0.003 -19"><span class='ocrx_word' id='word_1_386' title='bbox 352 3782 662 3862; x_wconf 88' lang='lat' dir='ltr'><strong>viventis,</strong></span> <span class='ocrx_word' id='word_1_387' title='bbox 722 3782 977 3851; x_wconf 88' lang='lat' dir='ltr'><strong>mensis</strong></span> <span class='ocrx_word' id='word_1_388' title='bbox 1034 3780 1430 3849; x_wconf 88' lang='lat' dir='ltr'><strong>Novembris</strong></span> <span class='ocrx_word' id='word_1_389' title='bbox 1485 3802 1614 3848; x_wconf 81' lang='lat' dir='ltr'><strong>xxu</strong></span> <span class='ocrx_word' id='word_1_390' title='bbox 1662 3778 1717 3842; x_wconf 50' lang='grc' dir='ltr'><strong>’ἢ</strong></span> <span class='ocrx_word' id='word_1_391' title='bbox 1763 3783 1952 3847; x_wconf 85' lang='lat' dir='ltr'><strong>Tunc</strong></span> <span class='ocrx_word' id='word_1_392' title='bbox 2006 3778 2494 3847; x_wconf 88' lang='lat' dir='ltr'><strong>sanctissimus</strong></span> <span class='ocrx_word' id='word_1_393' title='bbox 2553 3786 2718 3866; x_wconf 87' lang='lat' dir='ltr'><strong>Papa</strong></span> <span class='ocrx_word' id='word_1_394' title='bbox 2763 3777 2845 3840; x_wconf 84' lang='lat' dir='ltr'><strong>Ur·</strong></span> <span class='ocrx_word' id='word_1_395' title='bbox 2943 3798 2944 3805; x_wconf 49' lang='lat'>¹</span> 
     </span>
     <span class='ocr_line' id='line_1_41' title="bbox 352 3862 2944 3971; baseline -0.005 -32"><span class='ocrx_word' id='word_1_396' title='bbox 352 3871 601 3949; x_wconf 79' lang='lat' dir='ltr'><strong>banuS,</strong></span> <span class='ocrx_word' id='word_1_397' title='bbox 648 3893 803 3938; x_wconf 92' lang='lat' dir='ltr'><strong>cum</strong></span> <span class='ocrx_word' id='word_1_398' title='bbox 840 3870 1216 3971; x_wconf 77' lang='lat' dir='ltr'><strong>gloriosum</strong></span> <span class='ocrx_word' id='word_1_399' title='bbox 1267 3869 1414 3955; x_wconf 89' lang='lat' dir='ltr'><strong>ejus</strong></span> <span class='ocrx_word' id='word_1_400' title='bbox 1462 3889 1715 3955; x_wconf 88' lang='lat' dir='ltr'><strong>corpus</strong></span> <span class='ocrx_word' id='word_1_401' title='bbox 1764 3866 2160 3936; x_wconf 88' lang='lat' dir='ltr'><strong>sustulisset</strong></span> <span class='ocrx_word' id='word_1_402' title='bbox 2200 3878 2410 3935; x_wconf 88' lang='lat' dir='ltr'><strong>noctu</strong></span> <span class='ocrx_word' id='word_1_403' title='bbox 2460 3889 2614 3936; x_wconf 80' lang='lat' dir='ltr'><strong>cuin</strong></span> <span class='ocrx_word' id='word_1_404' title='bbox 2657 3866 2842 3933; x_wconf 81' lang='lat' dir='ltr'><strong>Diaco-</strong></span> <span class='ocrx_word' id='word_1_405' title='bbox 2943 3862 2944 3871; x_wconf 77' lang='grc'>’</span> 
     </span>
     <span class='ocr_line' id='line_1_42' title="bbox 356 3954 2841 4049; baseline -0.004 -21"><span class='ocrx_word' id='word_1_406' title='bbox 356 3961 486 4038; x_wconf 91' lang='lat' dir='ltr'><strong>nis,</strong></span> <span class='ocrx_word' id='word_1_407' title='bbox 543 3958 809 4049; x_wconf 88' lang='lat' dir='ltr'><strong>sepeliit</strong></span> <span class='ocrx_word' id='word_1_408' title='bbox 844 3981 1071 4048; x_wconf 81' lang='lat' dir='ltr'><strong>ipsum</strong></span> <span class='ocrx_word' id='word_1_409' title='bbox 1120 3959 1295 4026; x_wconf 90' lang='lat' dir='ltr'><strong>inter</strong></span> <span class='ocrx_word' id='word_1_410' title='bbox 1342 3957 1514 4025; x_wconf 90' lang='lat' dir='ltr'><strong>alios</strong></span> <span class='ocrx_word' id='word_1_411' title='bbox 1564 3954 1863 4045; x_wconf 83' lang='lat' dir='ltr'><strong>collegas</strong></span> <span class='ocrx_word' id='word_1_412' title='bbox 1912 3978 2076 4025; x_wconf 87' lang='lat' dir='ltr'><strong>suos</strong></span> <span class='ocrx_word' id='word_1_413' title='bbox 2125 3956 2521 4045; x_wconf 83' lang='lat' dir='ltr'><strong>EpiscopOS.</strong></span> <span class='ocrx_word' id='word_1_414' title='bbox 2567 3954 2676 4023; x_wconf 90' lang='lat' dir='ltr'><strong>ubi</strong></span> <span class='ocrx_word' id='word_1_415' title='bbox 2721 3960 2841 4046; x_wconf 73' lang='lat' dir='ltr'><strong>sunt</strong></span> 
     </span>
     <span class='ocr_line' id='line_1_43' title="bbox 353 4044 2834 4134; baseline -0.006 -16"><span class='ocrx_word' id='word_1_416' title='bbox 353 4070 593 4118; x_wconf 90' lang='lat' dir='ltr'><strong>omnes</strong></span> <span class='ocrx_word' id='word_1_417' title='bbox 643 4048 1072 4117; x_wconf 82' lang='lat' dir='ltr'><strong>Confessores</strong></span> <span class='ocrx_word' id='word_1_418' title='bbox 1117 4060 1181 4115; x_wconf 88' lang='lat' dir='ltr'><strong>et</strong></span> <span class='ocrx_word' id='word_1_419' title='bbox 1233 4052 1558 4134; x_wconf 79' lang='lat' dir='ltr'><strong>Martyres</strong></span> <span class='ocrx_word' id='word_1_420' title='bbox 1607 4044 1926 4133; x_wconf 89' lang='lat' dir='ltr'><strong>depositi.</strong></span> <span class='ocrx_word' id='word_1_421' title='bbox 1991 4047 2153 4134; x_wconf 79' lang='lat' dir='ltr'><strong>Ejus</strong></span> <span class='ocrx_word' id='word_1_422' title='bbox 2209 4057 2437 4113; x_wconf 85' lang='lat' dir='ltr'><strong>autem</strong></span> <span class='ocrx_word' id='word_1_423' title='bbox 2493 4045 2745 4112; x_wconf 87' lang='lat' dir='ltr'><strong>domum</strong></span> <span class='ocrx_word' id='word_1_424' title='bbox 2787 4056 2834 4103; x_wconf 83' lang='lat' dir='ltr'><strong>m</strong></span> 
     </span>
     <span class='ocr_line' id='line_1_44' title="bbox 354 4133 2835 4221; baseline -0.005 -16"><span class='ocrx_word' id='word_1_425' title='bbox 354 4153 706 4207; x_wconf 87' lang='lat' dir='ltr'><strong>aeternum</strong></span> <span class='ocrx_word' id='word_1_426' title='bbox 759 4137 1182 4206; x_wconf 86' lang='lat' dir='ltr'><strong>consecravit</strong></span> <span class='ocrx_word' id='word_1_427' title='bbox 1219 4135 1496 4204; x_wconf 82' lang='lat' dir='ltr'><strong>nomine</strong></span> <span class='ocrx_word' id='word_1_428' title='bbox 1547 4150 1824 4203; x_wconf 87' lang='lat' dir='ltr'><strong>sanctae</strong></span> <span class='ocrx_word' id='word_1_429' title='bbox 1870 4134 2223 4213; x_wconf 83' lang='lat' dir='ltr'><strong>ecclesiae,</strong></span> <span class='ocrx_word' id='word_1_430' title='bbox 2271 4146 2336 4202; x_wconf 91' lang='lat' dir='ltr'><strong>et</strong></span> <span class='ocrx_word' id='word_1_431' title='bbox 2388 4133 2525 4201; x_wconf 90' lang='lat' dir='ltr'><strong>illic</strong></span> <span class='ocrx_word' id='word_1_432' title='bbox 2567 4141 2835 4221; x_wconf 85' lang='lat' dir='ltr'><strong>perpetuo</strong></span> 
     </span>
    </p>
   </div>
   <div class='ocr_carea' id='block_1_5' title="bbox 352 4276 2829 4479">
    <p class='ocr_par' dir='ltr' id='par_1_6' title="bbox 352 4276 2829 4479">
     <span class='ocr_line' id='line_1_45' title="bbox 406 4276 2829 4330; baseline -0.005 -9"><span class='ocrx_word' id='word_1_433' title='bbox 406 4284 423 4304; x_wconf 81' lang='lat'><strong>⁴*</strong></span> <span class='ocrx_word' id='word_1_434' title='bbox 456 4284 497 4322; x_wconf 78' lang='lat' dir='ltr'><strong>S.</strong></span> <span class='ocrx_word' id='word_1_435' title='bbox 532 4279 779 4322; x_wconf 69' lang='lat' dir='ltr'><strong>Caeciliam</strong></span> <span class='ocrx_word' id='word_1_436' title='bbox 811 4284 1085 4330; x_wconf 67' lang='lat' dir='ltr'><strong>martyrium</strong></span> <span class='ocrx_word' id='word_1_437' title='bbox 1116 4280 1335 4323; x_wconf 77' lang='lat' dir='ltr'><strong>subiisse,</strong></span> <span class='ocrx_word' id='word_1_438' title='bbox 1367 4281 1530 4319; x_wconf 74' lang='lat' dir='ltr'><strong>seculo</strong></span> <span class='ocrx_word' id='word_1_439' title='bbox 1551 4281 1769 4321; x_wconf 73' lang='lat' dir='ltr'><strong>secundo,</strong></span> <span class='ocrx_word' id='word_1_440' title='bbox 1803 4281 1961 4318; x_wconf 73' lang='lat' dir='ltr'><strong>Marco</strong></span> <span class='ocrx_word' id='word_1_441' title='bbox 1995 4277 2185 4318; x_wconf 75' lang='lat' dir='ltr'><strong>Aurelio</strong></span> <span class='ocrx_word' id='word_1_442' title='bbox 2216 4276 2498 4326; x_wconf 59' lang='lat' dir='ltr'><strong>imperanto,</strong></span> <span class='ocrx_word' id='word_1_443' title='bbox 2527 4277 2682 4317; x_wconf 67' lang='lat' dir='ltr'><strong>censet.</strong></span> <span class='ocrx_word' id='word_1_444' title='bbox 2705 4276 2829 4311; x_wconf 66' lang='lat' dir='ltr'><strong>ccum</strong></span> 
     </span>
     <span class='ocr_line' id='line_1_46' title="bbox 353 4325 2824 4381; baseline -0.004 -8"><span class='ocrx_word' id='word_1_445' title='bbox 353 4337 620 4378; x_wconf 73' lang='lat' dir='ltr'><strong>But-onium,</strong></span> <span class='ocrx_word' id='word_1_446' title='bbox 650 4335 944 4375; x_wconf 67' lang='lat' dir='ltr'><strong>clarissimus</strong></span> <span class='ocrx_word' id='word_1_447' title='bbox 972 4336 1212 4374; x_wconf 68' lang='lat' dir='ltr'><strong>De-Rosui.</strong></span> <span class='ocrx_word' id='word_1_448' title='bbox 1244 4334 1330 4381; x_wconf 84' lang='lat' dir='ltr'><strong>Qui</strong></span> <span class='ocrx_word' id='word_1_449' title='bbox 1365 4338 1604 4381; x_wconf 76' lang='lat' dir='ltr'><strong>praeterea</strong></span> <span class='ocrx_word' id='word_1_450' title='bbox 1637 4335 1805 4380; x_wconf 71' lang='lat' dir='ltr'><strong>ipsam.</strong></span> <span class='ocrx_word' id='word_1_451' title='bbox 1843 4331 1919 4372; x_wconf 84' lang='lat' dir='ltr'><strong>die</strong></span> <span class='ocrx_word' id='word_1_452' title='bbox 1960 4336 2006 4371; x_wconf 76' lang='lat' dir='ltr'><strong>m</strong></span> <span class='ocrx_word' id='word_1_453' title='bbox 2043 4331 2324 4381; x_wconf 73' lang='lat' dir='ltr'><strong>septembris</strong></span> <span class='ocrx_word' id='word_1_454' title='bbox 2347 4338 2552 4372; x_wconf 59' lang='lat' dir='ltr'><strong>nec-annm</strong></span> <span class='ocrx_word' id='word_1_455' title='bbox 2575 4325 2824 4369; x_wconf 53' lang='lat' dir='ltr'><strong>missszdiem</strong></span> 
     </span>
     <span class='ocr_line' id='line_1_47' title="bbox 352 4378 2824 4477; baseline -0.006 -53"><span class='ocrx_word' id='word_1_456' title='bbox 352 4398 463 4426; x_wconf 85' lang='lat' dir='ltr'><strong>vcro</strong></span> <span class='ocrx_word' id='word_1_457' title='bbox 492 4390 557 4477; x_wconf 32' lang='lat'><strong>23¹</strong></span> <span class='ocrx_word' id='word_1_458' title='bbox 572 4390 838 4427; x_wconf 75' lang='lat' dir='ltr'><strong>novembris</strong></span> <span class='ocrx_word' id='word_1_459' title='bbox 868 4400 1046 4428; x_wconf 72' lang='lat' dir='ltr'><strong>sacram</strong></span> <span class='ocrx_word' id='word_1_460' title='bbox 1080 4389 1225 4426; x_wconf 62' lang='lat' dir='ltr'><strong>misso</strong></span> <span class='ocrx_word' id='word_1_461' title='bbox 1264 4388 1530 4435; x_wconf 75' lang='lat' dir='ltr'><strong>antiquitus</strong></span> <span class='ocrx_word' id='word_1_462' title='bbox 1561 4386 1869 4433; x_wconf 70' lang='lat' dir='ltr'><strong>dedicationi,</strong></span> <span class='ocrx_word' id='word_1_463' title='bbox 1904 4388 2007 4435; x_wconf 72' lang='lat' dir='ltr'><strong>ejus</strong></span> <span class='ocrx_word' id='word_1_464' title='bbox 2042 4388 2206 4426; x_wconf 67' lang='lat' dir='ltr'><strong>domus</strong></span> <span class='ocrx_word' id='word_1_465' title='bbox 2245 4389 2292 4426; x_wconf 90' lang='lat' dir='ltr'><strong>in</strong></span> <span class='ocrx_word' id='word_1_466' title='bbox 2330 4385 2590 4426; x_wconf 49' lang='lat' dir='ltr'><strong>ecetesiam.</strong></span> <span class='ocrx_word' id='word_1_467' title='bbox 2620 4378 2824 4421; x_wconf 72' lang='lat' dir='ltr'><strong>luculenter</strong></span> 
     </span>
     <span class='ocr_line' id='line_1_48' title="bbox 354 4444 963 4479; baseline -0.003 -1"><span class='ocrx_word' id='word_1_468' title='bbox 354 4444 518 4479; x_wconf 42' lang='lat' dir='ltr'><strong>Osstellh</strong></span> <span class='ocrx_word' id='word_1_469' title='bbox 547 4462 575 4479; x_wconf 79' lang='grc' dir='ltr'><strong>ι.</strong></span> <span class='ocrx_word' id='word_1_470' title='bbox 960 4454 963 4455; x_wconf 65' lang='grc'>’</span> 
     </span>
    </p>
   </div>
   <div class='ocr_carea' id='block_1_6' title="bbox 2942 107 2946 1071">
    <p class='ocr_par' dir='ltr' id='par_1_7' title="bbox 2942 107 2946 1071">
     <span class='ocr_line' id='line_1_49' title="bbox 2942 107 2946 1071; baseline 0 0"><span class='ocrx_word' id='word_1_471' title='bbox 2942 107 2946 1071; x_wconf 95' lang='lat' dir='ltr'><strong> </strong></span> 
     </span>
    </p>
   </div>
   <div class='ocr_carea' id='block_1_7' title="bbox 2941 1752 2947 3637">
    <p class='ocr_par' dir='ltr' id='par_1_8' title="bbox 2941 1752 2947 3637">
     <span class='ocr_line' id='line_1_50' title="bbox 2941 1752 2947 3637; baseline 0 0"><span class='ocrx_word' id='word_1_472' title='bbox 2941 1752 2947 3637; x_wconf 95' lang='lat' dir='ltr'><strong> </strong></span> 
     </span>
    </p>
   </div>
  </div>
 </body>
</html>
