2993 4837
536 360 660 422 496
1289 378 1365 421 ne
1415 377 1470 421 s.
1526 374 1767 422 cAnoLo
1815 373 2147 422 eonaousso
2685 354 2829 420 Not.
2867 356 2892 419 t

447 459 857 528 venerandis
893 460 1147 529 sanctis
1202 458 1609 549 corporibus
1667 458 2116 545 reliquiisque
2163 459 2413 550 posuit,
2475 476 2639 546 quas
2680 455 2901 525 ecclesia

447 554 688 617 Veneta
747 549 1106 637 plurimas,
1162 549 1608 638 insignesque
1650 547 1894 617 habet:
1946 547 2134 617 unde
2186 547 2575 637 complures
2608 544 2904 637 particulas

446 637 533 706 ab
581 636 856 706 aedium
901 659 1252 707 sacrarum
1307 636 1689 708 rectoribus
1720 649 2037 724 acceptas
2085 636 2543 706 Mediolanum
2586 633 2816 713 attulit;
2856 635 2903 701 in

444 747 582 812 quo
623 739 848 795 tamen
887 748 966 794 ex
1004 728 1370 816 praecipua
1420 725 1720 812 quadam
1775 724 2146 815 religione,
2200 727 2405 795 etiam
2448 723 2688 794 summi
2737 722 2910 792 Ponti·

446 814 598 884 ficis
647 836 1006 883 assensum
1058 814 1450 904 postulavit.
1504 814 1820 896 Quotidie
1866 813 2147 901 quidem
2199 815 2291 904 pii
2342 811 2805 902 quamplurimi
2851 809 2908 879 ad

444 904 597 992 ejus
639 925 911 975 sacrum
952 904 1467 983 conveniebant,
1526 917 1602 972 ut
1656 903 2161 973 sanctissimam
2222 904 2307 972 ab
2347 924 2424 972 eo
2487 900 2912 971 Eucharistiam

445 994 858 1079 acciperent.
913 992 1037 1062 Sed
1073 993 1371 1061 maxima
1409 992 1724 1062 omnium
1765 991 2089 1062 ordinum
2145 991 2512 1061 multitudo
2552 1003 2719 1060 certa
2748 988 2839 1056 die
2873 987 2912 1055 ei

446 1082 544 1151 rei
578 1080 784 1162 dicta,
825 1084 891 1150 in
942 1081 1229 1150 ecclesia
1264 1081 1605 1150 societatis
1635 1086 1801 1149 lesu
1849 1081 2186 1163 convenit,
2226 1083 2294 1149 in
2331 1102 2410 1149 ea
2445 1080 2667 1160 Missa,
2702 1089 2916 1179 rogatus

444 1193 486 1239 a
535 1170 794 1251 multiS,
833 1184 896 1240 et
934 1193 968 1239 a
1004 1176 1251 1240 Veneto
1280 1169 1697 1249 Patriarcha‚
1742 1169 2140 1256 Nuncioque
2180 1169 2562 1259 Apostolico
2601 1171 2665 1236 in
2701 1167 2912 1256 pruniS,

448 1258 689 1328 habuit
721 1260 1147 1340 concionem;
1186 1279 1362 1348 quae
1419 1257 1753 1328 salutares
1785 1257 1937 1345 ejus
1992 1258 2153 1339 diei,
2208 1258 2672 1348 temporisque
2714 1255 2918 1324 fructus

444 1348 653 1417 auxit.
709 1353 978 1417 Praeter
1008 1369 1108 1425 ea,
1147 1369 1323 1435 quae
1372 1347 1719 1438 proposita
1759 1347 1829 1415 in
1886 1348 2130 1435 primis
2195 1347 2510 1426 habebat,
2575 1346 2704 1415 alia
2757 1342 2920 1412 multa

445 1458 569 1525 pro
593 1458 714 1505 sua
766 1459 1039 1506 summa
1066 1436 1489 1514 auctoritate,
1531 1436 1911 1519 praesentia
1946 1459 2072 1505 sua
2112 1436 2502 1505 salutariter
2534 1435 2767 1505 effecit:
2805 1451 2918 1500 nam

443 1525 646 1594 etiam
700 1526 1043 1594 Ferrariae
1091 1537 1157 1594 et
1203 1524 1393 1606 alibi,
1439 1524 1555 1593 sed
1599 1524 1764 1611 quid
1807 1529 2177 1595 enumero?
2225 1546 2666 1612 quacumque
2701 1523 2920 1591 demum

445 1615 790 1694 transiret,
844 1614 912 1682 in
966 1614 1363 1683 christianis
1427 1614 1635 1683 rebus
1688 1613 2065 1701 plurimum
2114 1614 2536 1702 proficiebat,
2594 1627 2784 1699 atque
2821 1622 2922 1678 tutu

444 1703 467 1770 i
524 1723 593 1772 se
633 1703 1020 1772 attendebat
1067 1704 1327 1789 ubique
1373 1702 1762 1792 diligenter,
1802 1703 1858 1773 si
1900 1702 2067 1788 quid
2113 1704 2421 1782 Domino,
2482 1704 2600 1771 cui
2648 1723 2717 1770 se
2764 1712 2922 1768 totum¹

444 1724 810 1873 dicaverat,
842 1793 1248 1879 animaeque
1277 1813 1442 1861 suae
1474 1803 1702 1881 posset
1739 1791 2044 1880 amplius
2077 1812 2437 1878 quaerere:
2481 1804 2627 1860 tum
2672 1788 2778 1859 alii
2808 1808 2880 1873 qu

446 1901 602 1967 que,
636 1882 692 1949 si
728 1881 891 1970 quid
927 1895 1125 1961 esset,
1162 1880 1341 1968 quod
1378 1879 1460 1949 ad
1501 1879 1788 1948 salutem
1820 1879 2237 1959 animarum,
2276 1879 2594 1950 divinum
2633 1878 2860 1948 honore

447 1970 718 2057 inopiae
742 1969 1307 2050 sublevationem,
1348 1969 1735 2058 pertineret,
1776 1967 1970 2037 avide
2005 1969 2480 2049 accurrebant;
2518 1981 2587 2038 et
2621 1970 2784 2037 mire
2807 1979 2904 2033 tam

445 2079 652 2145 quam
725 2059 898 2149 patri
962 2059 1384 2128 confidentes
1445 2057 2014 2148 suppeditabant:
2093 2071 2211 2127 aut
2272 2080 2426 2127 vero
2474 2057 2623 2127 solo
2681 2048 2899 2141 exempl

443 2147 717 2216 excitati
754 2147 966 2217 multa
1016 2148 1147 2238 ipsi
1193 2147 1299 2237 pie
1339 2146 1791 2236 religioseque
1820 2145 2195 2216 faciebant:
2248 2146 2428 2233 quod
2484 2146 2695 2215 semel
2737 2144 2852 2213 dixi

445 2235 761 2306 sufficiat.
816 2239 979 2324 Ejus
1011 2239 1258 2305 caussa
1303 2235 1531 2306 clerus
1569 2240 1884 2313 Venetus,
1923 2235 2045 2321 qui
2091 2256 2278 2321 more
2327 2235 2499 2304 laico
2549 2235 2832 2325 caputiis

446 2325 683 2394 tundis
717 2328 812 2395 uti
866 2324 1149 2404 solebat,
1193 2346 1273 2392 ea
1320 2338 1486 2393 tunc
1536 2323 1813 2411 quidem
1849 2322 2170 2413 sumpsit,
2215 2324 2472 2410 quibus
2504 2325 2738 2393 crucis
2766 2322 2911 2415 figu·

443 2412 775 2492 formatis,
828 2413 1058 2484 clerici
1110 2413 1354 2501 reliqui
1401 2426 1718 2482 utuntur.
1773 2417 1849 2482 Et
1894 2414 2046 2503 ejus
2080 2413 2238 2482 item
2308 2413 2601 2492 monitu,
2644 2412 2896 2504 Episcop

444 2503 563 2590 qui
628 2503 899 2572 circiter
939 2502 1273 2573 sexdecim
1313 2502 1393 2570 ad
1437 2523 1596 2571 eum
1646 2501 1982 2588 quamdiu
2023 2502 2116 2572 ibi
2171 2516 2370 2582 esset,
2416 2501 2820 2579 colendum,
2901 2583 2910 2594 ·

443 2591 916 2678 otandumque
961 2592 1477 2672 conveniebant,
1522 2603 1588 2661 et
1630 2590 1834 2680 pallia
1885 2590 2289 2659 clericorum
2345 2592 2750 2660 communia
2793 2585 2914 2656 adiu

445 2681 605 2749 bere
637 2693 1153 2761 consueverant,
1193 2679 1349 2749 aliis
1400 2701 1521 2770 pro
1560 2680 1892 2769 dignitate
1933 2701 2263 2769 personae
2303 2680 2400 2748 uti
2466 2691 2832 2768 coeperunt
2870 2674 2882 2741 i

445 2766 816 2848 dumentis,
857 2791 1030 2856 quos
1061 2769 1262 2838 etiam
1316 2782 1391 2837 ut
1436 2768 1520 2837 ad
1573 2790 1768 2837 suam
1821 2769 2114 2858 quisque
2160 2767 2547 2846 ecclesiam,
2623 2790 2698 2836 se
2736 2762 2895 2835 conse

449 2868 621 2936 rent,
692 2879 847 2925 cum
903 2857 1166 2928 diutius
1222 2857 1420 2927 multi
1470 2858 1824 2936 abessent,
1881 2857 2311 2946 Venetiisque
2371 2857 2507 2925 fere
2560 2857 2914 2948 habitarent·

447 2946 743 3046 graviter
779 2946 1171 3016 cohortatus
1218 2959 1318 3016 est
1351 2970 1364 3013 :
1418 2969 1498 3015 ac
1537 2969 1613 3014 ea
1640 2945 1726 3014 de
1766 2968 1836 3015 re
1868 2946 2217 3016 Pontificis
2264 2947 2670 3015 auctoritate
2706 2959 2932 3014 moneri,

438 3033 807 3124 juberique
844 3057 960 3104 eos
999 3036 1285 3105 curavit.
1328 3040 1416 3103 Eo
1468 3047 1769 3124 tempore
1818 3034 2000 3123 apud
2047 3035 2343 3103 civitatis
2396 3034 2747 3124 principes
2785 3027 2891 3101 acti

445 3123 655 3193 nibus
702 3124 789 3191 iis
819 3125 995 3193 viam
1051 3124 1383 3204 munivit,
1435 3137 1772 3209 quantum
1833 3123 2075 3212 potuit,
2122 3144 2299 3210 quae
2351 3124 2418 3192 in
2470 3123 2838 3192 Brixiensis

442 3211 691 3281 clesiae
725 3213 929 3282 rebus
985 3213 1554 3303 recognoscendis
1602 3212 1664 3280 ei
1717 3213 1899 3281 susci
1958 3211 2198 3280 iendae
2257 3225 2472 3282 erant.
2527 3217 2745 3300 Atque
2788 3214 2895 3278 Ven

447 3315 670 3371 torum
721 3324 848 3376 res,
888 3315 1090 3389 atque
1139 3302 1409 3371 animos
1463 3323 1542 3371 eo
1590 3313 1796 3382 statu,
1852 3234 1982 3370 sigi
2037 3300 2225 3369 visus
2272 3315 2373 3370 est
2424 3305 2749 3390 reperire,
2801 3291 2915 3366 utd

441 3391 594 3480 ipsa
626 3390 937 3472 ecclesia,
993 3412 1129 3460 non
1171 3390 1258 3460 ab
1295 3412 1365 3460 se
1399 3389 1704 3477 quidem,
1741 3390 1862 3476 qui
1894 3388 2052 3479 plus
2094 3390 2262 3458 satis
2306 3390 2598 3480 negotiis
2641 3387 2919 3458 districtu

441 3492 607 3558 erat,
666 3479 778 3550 sed
832 3481 918 3549 ab
965 3479 1101 3548 alio
1138 3479 1448 3549 Antistite
1488 3477 1872 3567 Apostolica
1903 3479 2307 3548 auctoritate
2351 3478 2738 3556 lustranda,
2788 3490 2842 3544 et

441 3568 917 3658 cognoscenda
965 3569 1285 3659 cogitare,
1330 3579 1586 3638 etcum
1630 3566 1956 3637 Pontifice
2005 3589 2207 3657 agere
2255 3569 2578 3657 coeperit,
2620 3565 2804 3656 quod
2833 3580 2920 3630 mu

445 3677 579 3727 nus
619 3670 888 3746 postero
919 3678 1103 3726 anno
1142 3656 1569 3745 Augustinus
1596 3655 1905 3727 Valerius
1939 3657 2319 3747 Episcopus
2345 3657 2755 3727 Veronensis
2777 3654 2827 3734 ⁸⁸,
2857 3646 2941 3718 ad·

445 3747 704 3815 nitente
751 3746 986 3816 Carolo
1026 3747 1353 3835 suscepit.
2901 3826 2910 3836 ⁶

531 3837 567 3921 ξ
614 3839 772 3906 53.
836 3836 1130 3905 Venetiis
1180 3857 1337 3904 cum
1392 3833 1847 3913 discessisset,
1901 3834 2197 3903 Brixiam
2264 3837 2444 3903 recta
2514 3831 2846 3923 proficisci
2899 3841 2941 3892 ιη

443 3924 662 3991 animi
712 3923 1025 4004 habebat,
1069 3937 1135 3992 et
1165 3924 1314 4012 ejus
1373 3924 1705 3993 ecclesiae
1753 3922 2347 4010 recognoscendae
2398 3923 2676 3992 initium
2729 3921 2941 3992 faceret

445 4011 628 4099 quod
682 4013 1086 4082 necessariis
1126 4011 1209 4080 de
1243 4012 1512 4082 caussis
1547 4013 1614 4080 in
1669 4010 1735 4079 id
1791 4025 2065 4101 tempus
2114 4010 2495 4081 distulerat.
2548 4011 2676 4080 Sed
2718 4021 2848 4079 erat
2889 4001 2941 4101 dt

448 4100 840 4170 Dominicae
872 4100 1061 4171 illius
1109 4100 1302 4171 cultu
1351 4099 1707 4171 retinendo
1758 4099 2094 4169 sollicitus
2126 4155 2141 4182 ,
2194 4119 2402 4188 quam
2466 4099 2941 4169 Mediolanenstt

447 4188 1025 4279 Quadragesimae
1058 4202 1266 4280 caput
1320 4212 1493 4268 esse,
1549 4201 1893 4279 postremo
1932 4190 2139 4259 etiam
2176 4189 2484 4259 Pontifici
2545 4188 2941 4279 probaverat}

446 4297 583 4362 quo
613 4275 723 4345 die
756 4279 913 4347 item
961 4278 1266 4348 solemne
1326 4278 1499 4348 illud
1552 4299 1786 4348 sacrae
1832 4278 2345 4348 communionis
2383 4278 2768 4348 convivium
2821 4287 2941 4340 cum

502 4442 526 4465 ¹·
556 4439 738 4478 Morum
775 4440 1023 4481 sanctitate
1055 4451 1109 4481 ac
1143 4439 1407 4485 eruditione
1444 4445 1491 4486 et
1528 4443 1743 4484 doctrina
1779 4440 1994 4493 insignis,
2032 4453 2060 4485 ι
2093 4445 2344 4485 Borromeo
2381 4453 2518 4493 saepe
2536 4442 2730 4483 vocatus
2749 4433 2941 4479 Bonutfflt

446 4493 670 4536 Israelita,
689 4493 733 4531 in
755 4504 836 4542 quo
854 4495 977 4534 dolus
994 4505 1081 4534 non
1099 4500 1207 4536 erat.
