2993 4837
54 328 218 394 NOV.
276 329 365 392 22
726 350 801 394 ne
851 349 907 394 s.
953 346 1239 394 caecina
1288 350 1577 395 murras
1629 351 1700 395 ετ
1748 349 1912 395 Auis
2219 367 2234 402 ,-
2380 334 2506 398 649

52 431 476 500 Almachius:
507 452 541 496 «
574 432 750 514 Quid
794 433 861 500 in
899 433 1124 501 verbis
1176 432 1526 500 volvendis
1567 434 2065 502 immoramur?
2098 439 2221 502 Aut
2250 433 2386 504 diis
2436 436 2595 504 thus

52 519 267 588 offerte
300 531 368 588 et
408 519 625 589 illaesi
660 521 985 591 recedite:
1025 534 1142 590 aut
1176 520 1351 590 male
1382 522 1549 589 estis
1576 534 1639 589 et
1665 525 1908 592 acerbe
1943 522 2282 592 morituri.
2312 547 2347 589 »
2384 525 2596 594 Ambo

53 609 547 698 responderunt
581 621 646 678 et
693 610 1052 679 dixerunt:
1109 632 1143 675 «
1174 614 1305 679 Nos
1337 632 1472 679 non
1515 609 1673 690 diis,
1728 612 1843 679 sed
1899 616 2030 681 Deo
2078 611 2385 698 quotidie
2433 613 2595 681 offe-

50 698 255 766 rimus
319 698 687 767 sacrificia.
726 723 760 764 n
809 699 980 767 Dixit
1041 698 1459 768 Praefectus:
1518 722 1553 764 «
1586 700 1750 781 Quis
1798 714 1899 768 est
1933 705 2132 781 Deus,
2200 701 2313 768 cui
2364 701 2594 770 dicitis

50 807 150 854 vos
184 801 489 855 vestrum
524 787 766 856 offerre
801 773 1215 856 sacrflicium
1241 791 1271 855 ¹?
1300 790 1577 857 »Sancti
1612 789 2114 877 responderunt
2139 802 2203 858 et
2230 790 2588 858 dixerunt:

49 897 73 938 ε
106 880 176 942 Et
207 876 370 962 quis
406 889 508 944 est
547 876 728 945 alius
756 882 930 945 Deus
968 890 1230 965 praeter
1264 877 1525 966 ipsum?
1571 883 1704 946 Cur
1736 878 1819 946 de
1865 882 1994 946 Deo
2025 900 2148 946 nos
2178 878 2594 968 interrogas?

48 966 146 1030 Est
191 964 382 1032 enim
420 964 601 1033 alius
638 970 831 1041 Deus,
876 978 1141 1056 praeter
1175 970 1440 1033 unum?
1473 989 1510 1030 »
1567 967 1737 1035 Dixit
1788 966 2177 1035 Praefectus
2217 990 2230 1032 :
2288 990 2322 1032 «
2380 972 2590 1050 Quem

48 1067 251 1120 unum
289 1075 444 1122 esse
474 1054 726 1136 dicitis,
767 1055 914 1140 ejus
949 1076 1193 1122 nomen
1228 1055 1579 1141 requiro.»
1612 1056 1785 1124 Dixit
1810 1055 2235 1124 Valerianus:
2271 1078 2306 1120 ⁴<
2341 1057 2452 1124 Dei
2483 1077 2599 1124 no-

52 1161 188 1208 men
221 1164 356 1210 non
392 1141 756 1223 inveneris,
787 1143 1055 1211 etiamsi
1090 1144 1311 1231 possis
1340 1143 1563 1211 volare
1594 1144 1860 1233 pennis.
1898 1167 1932 1208 »
1977 1144 2147 1212 Dixit
2176 1145 2585 1212 Praefectus:

54 1231 279 1298 «Jovis
312 1253 480 1332 ergo
516 1253 762 1300 nomen
804 1253 936 1300 non
972 1244 1079 1300 est>
1109 1233 1334 1300 Deus‘?
1366 1255 1401 1296 »
1430 1233 1603 1301 Dixit
1638 1231 2082 1301 Valerianus:
2122 1255 2156 1297 «
2195 1238 2308 1301 Est
2344 1254 2589 1301 nomen

54 1331 455 1408 corruptoris
515 1333 579 1390 et
638 1320 956 1401 adulteri,
1018 1342 1221 1407 quem
1291 1320 1502 1389 fuisse
1566 1322 1940 1389 occisorem
2019 1322 2216 1390 vestri
2278 1336 2593 1391 auctores

57 1423 441 1489 memorant,
496 1422 561 1478 et
609 1421 1075 1478 accusatorem
1106 1409 1140 1442 ⁴*
1178 1422 1447 1478 nostrae
1501 1409 1870 1478 ostendunt
1922 1411 2334 1499 Scripturae.
2393 1415 2592 1480 Hunc

56 1505 111 1561 tu
164 1499 375 1565 Deum
434 1498 645 1566 miror
699 1520 1004 1585 quanam
1071 1499 1502 1587 impudentia
1560 1499 1955 1580 nominasti,
2009 1521 2168 1568 cum
2225 1504 2400 1568 Deus
2450 1499 2588 1568 dici

56 1603 166 1652 non
209 1588 450 1674 possit,
519 1587 650 1668 nisi
700 1588 819 1674 qui
870 1602 971 1657 est
1020 1586 1106 1655 ab
1164 1588 1353 1655 omni
1406 1600 1682 1674 peccato
1731 1587 2026 1668 alienus,
2073 1589 2193 1674 qui
2235 1601 2336 1657 est
2385 1591 2588 1657 etiam
2694 1645 2717 1673 ᾗ,

56 1672 276 1758 plenus
340 1677 867 1765 omnipotentia.
927 1698 962 1763 χ)
1034 1676 1208 1743 Dixit
1279 1675 1718 1745 Praefectus:
1781 1701 1806 1739 ‹
1864 1682 2039 1765 Ergo
2109 1690 2292 1746 errat
2355 1678 2586 1745 omnis

58 1762 361 1843 mundus,
418 1777 484 1833 et
546 1776 621 1833 tu
674 1786 832 1832 cum
878 1779 996 1833 tuo
1053 1764 1256 1832 fratre
1313 1769 1521 1833 Deum
1584 1787 1821 1834 verum
1861 1766 2291 1854 cognovisti?
2331 1793 2355 1828 ι
2415 1768 2593 1834 Dixit

60 1849 473 1922 Valerianus:
530 1876 565 1919 «
602 1853 1135 1922 Innumerabilis
1180 1852 1551 1922 multitudo
1585 1855 2091 1923 Christianismi
2131 1856 2399 1944 accepit
2429 1877 2592 1923 san-

60 1939 351 2010 ctitatem.
410 1947 634 2011 Immo
691 1964 848 2011 vero
896 1965 1013 2010 vos
1067 1944 1265 2031 pauci
1331 1943 1518 2021 estis,
1563 1943 1682 2029 qui
1747 1944 2176 2012 remansistis
2230 1958 2583 2030 tamquam

60 2027 283 2122 scissae
320 2052 357 2098 e
392 2030 756 2118 naufragio
791 2031 1084 2110 tabulae,
1125 2031 1206 2098 ad
1248 2031 1415 2099 nihil
1454 2031 1644 2100 aliud
1688 2032 2144 2121 proficientes,
2202 2033 2353 2132 nisi,
2388 2048 2463 2102 ut
2516 2034 2586 2100 in

68 2135 261 2202 ignem
286 2119 683 2208 jaciamini.
720 2143 757 2185 »
788 2116 907 2142 ‘²⁴‘

139 2206 353 2289 Mo.
411 2214 603 2276 Tunc
670 2209 886 2277 iratus
945 2208 1376 2286 Praefectus,
1433 2209 1644 2296 jussit
1699 2231 1856 2277 eum
1922 2209 2112 2278 caedi
2181 2211 2414 2298 virgis.
2473 2210 2594 2278 Ille

77 2305 257 2362 autem
294 2296 688 2377 confestim,
724 2297 892 2365 dum
938 2299 1431 2377 verberaretur,
1491 2298 1708 2366 laetus
1755 2299 1975 2387 coepit
2028 2288 2297 2367 dicere’:
2355 2321 2388 2362 «
2425 2303 2596 2368 Ecce

78 2376 205 2450 hora
243 2407 451 2473 quam
493 2386 687 2456 valde
721 2386 1223 2467 desiderabam,
1286 2399 1351 2454 et
1397 2408 1553 2456 ecce
1602 2386 1748 2457 dies
1805 2388 1990 2457 omni
2042 2387 2211 2458 festo
2265 2387 2432 2455 mihi
2476 2387 2594 2474 ju-

68 2473 345 2545 cundior.
384 2500 423 2542 »
458 2481 626 2544 Dum
658 2477 899 2546 beatus
935 2476 1429 2555 verberaretur,
1466 2498 1711 2564 praeco
1749 2498 1999 2566 magna
2036 2498 2195 2545 voce
2216 2476 2588 2546 clamabat:

64 2578 93 2619 «
119 2561 266 2632 Deos
294 2579 358 2634 et
392 2565 560 2635 deas
594 2565 733 2633 noli
778 2564 1162 2634 maledictis
1195 2566 1560 2634 incessere.
1596 2590 1631 2632 »
1685 2565 1806 2649 Ille
1841 2578 2067 2634 autem
2121 2566 2205 2633 ad
2248 2564 2583 2654 populum

62 2645 376 2724 clamabat
411 2655 689 2723 dicens:
746 2654 948 2721 «Viri
999 2654 1181 2722 cives
1222 2659 1716 2733 Romanorum,
1769 2655 2008 2731 videte,
2059 2676 2141 2722 ne
2192 2654 2357 2722 haec
2395 2653 2592 2743 plaga

62 2754 158 2803 vos
189 2761 222 2807 a
256 2744 533 2812 veritate
568 2754 846 2822 avertat,
887 2742 1001 2810 sed
1048 2755 1217 2811 state
1249 2741 1533 2820 fortiter,
1574 2756 1637 2811 et
1670 2743 1834 2812 deos
1870 2742 2181 2831 lapideos
2207 2757 2271 2811 et
2304 2744 2588 2832 ligneos,

61 2841 207 2906 quos
244 2831 406 2899 colit
442 2831 839 2900 Almachius
874 2831 1279 2908 Praefectus,
1317 2831 1386 2898 in
1421 2832 1679 2900 calcem
1726 2832 2115 2900 convertite.
2158 2838 2320 2901 Nam
2357 2852 2596 2899 omnes

60 2914 157 3011 qui
188 2938 296 2987 eos
342 2920 603 2997 colunt,
669 2933 873 2987 erunt
920 2921 988 2987 in
1047 2919 1412 2988 afflictione
1465 2934 1531 2988 et
1571 2920 1915 3009 supplicio
1974 2935 2270 2989 aetern0.
2308 2943 2343 2985 »
2396 2925 2588 2988 Tunc

60 3017 156 3082 qm
195 3025 347 3076 cum
421 3008 758 3077 Praefecto
823 3008 1223 3076 considebat
1271 3010 1713 3094 Tarquinius,
1768 3010 1884 3095 qui
1948 3010 2151 3077 etiam
2207 3009 2436 3077 dictus
2487 3023 2593 3077 est

64 3088 303 3186 LaccaS,
345 3094 686 3166 Praefecto
719 3096 888 3166 dicit
922 3098 989 3164 in
1034 3108 1326 3167 secreto:
1384 3120 1418 3163 «
1448 3086 1775 3167 Inv’enisti
1813 3099 2268 3179 occasionem,
2306 3098 2588 3165 domine

64 3184 375 3280 {unione
424 3207 539 3255 eos
573 3186 1091 3275 quamprimum
1129 3209 1168 3255 a
1204 3199 1401 3255 terra.
1452 3193 1616 3257 Nam
1672 3188 1726 3257 si
1792 3187 2183 3265 tardaveriS‚
2237 3200 2301 3255 et
2351 3185 2434 3254 de
2484 3185 2598 3253 die

64 3281 120 3329 ln
152 3267 323 3340 diem
363 3276 674 3356 traxeris,
744 3296 981 3343 omnes
1036 3297 1199 3344 suas
1256 3274 1614 3345 facultates
1673 3275 2088 3345 distribuent
2140 3275 2589 3365 pauperibuS,

62 3363 114 3450 et
141 3358 232 3427 eis
264 3363 610 3453 supplicio
653 3364 936 3444 affectiS,
972 3375 1043 3433 tu
1080 3364 1253 3433 nihil
1294 3365 1623 3433 invenies.
1667 3387 1703 3430 »
1756 3370 1943 3432 Tunc
1995 3364 2383 3432 Praefectus
2432 3386 2591 3432 cum

62 3458 110 3507 el
144 3446 498 3543 placuisset
530 3453 722 3521 illius
772 3452 1170 3534 consilium,
1220 3453 1428 3540 jussit
1465 3452 1848 3531 lictoribus,
1890 3464 1963 3521 ut
1993 3475 2107 3521 eos
2142 3452 2588 3530 abducerent,

64 3528 163 3600 ubi
194 3554 331 3609 erat
360 3542 549 3611 Jovis
599 3554 847 3621 statua,
890 3554 953 3609 et
985 3541 1220 3629 jussit,
1265 3555 1336 3610 ut
1382 3543 1511 3609 nisi
1542 3543 1746 3611 ambo
1795 3541 2045 3610 vellent
2085 3541 2374 3630 imagini
2406 3542 2595 3609 Jovis

63 3624 468 3710 sacrificare,
526 3630 735 3700 simul
788 3631 1100 3698 subirent
1150 3654 1230 3698 su
1290 3629 1575 3719 plicium
1641 3631 1910 3718 capitis,
1968 3635 2155 3697 Tunc
2222 3630 2590 3698 venerandi

64 3718 116 3771 et
150 3711 413 3797 gloriosi
450 3719 696 3787 Christi
736 3724 1087 3803 Martyres,
1143 3724 1235 3787 Va
1267 3719 1547 3789 erianus
1578 3734 1641 3787 et
1682 3719 2058 3811 Tiburtius,
2113 3718 2395 3787 abducti
2433 3732 2596 3786 sunt

62 3811 91 3857 fl
127 3800 399 3896 Maximo
441 3808 762 3877 Praefecti
795 3808 1232 3877 cubiculario
1284 3808 1353 3876 in
1399 3807 1652 3887 locum,
1701 3808 1818 3892 qui
1858 3807 2116 3876 dicitur
2162 3812 2409 3896 Pagus.
2465 3808 2596 3889 Qui

64 3888 710 3965 quidem-Maximus
770 3897 994 3986 coepit
1051 3918 1165 3967 eos
1215 3896 1467 3966 deflere
1504 3950 1520 3976 ,
1579 3910 1643 3964 et
1690 3896 1918 3964 dicere
1962 3919 1976 3962 τ
2033 3920 2067 3962 «
2101 3900 2153 3964 Ο
2190 3898 2480 3985 pretiosa
2532 3909 2597 3962 et

68 3967 287 4050 florens
344 3986 721 4073 juventus!
776 3989 827 4053 Ο
878 3984 1234 4053 vinculum
1282 4007 1576 4075 magnae
1639 3985 2126 4053 fraternitatis!
2182 3989 2231 4053 Ο
2284 4006 2407 4075 par
2438 3983 2595 4072 pul-

66 4057 450 4141 cherrimum
503 4086 567 4141 et
630 4078 1072 4164 generosum!
1128 4080 1262 4142 Cur
1310 4096 1426 4143 vos
1491 4075 1562 4142 in
1606 4074 1866 4143 malum
1931 4085 1995 4142 et
2045 4075 2337 4162 impium
2384 4072 2593 4139 tinem

67 4148 328 4251 volentes
378 4184 490 4230 vos
525 4163 714 4252 ipsos
757 4162 1113 4251 projicere,
1163 4174 1228 4230 et
1261 4163 1342 4231 ad
1384 4163 1763 4231 maximum
1808 4162 2088 4231 tendere
2137 4163 2449 4238 exitium,
2504 4160 2595 4227 ita

70 4230 367 4317 festinatis
427 4262 779 4336 tamquam
836 4252 958 4337 qui
1027 4250 1109 4319 ad
1180 4251 1531 4330 laetitiam,
1603 4264 1667 4319 et
1729 4251 2169 4341 magnificam
2221 4264 2285 4318 et
2338 4249 2592 4317 lautam

73 4340 316 4403 Coenam
372 4339 754 4408 vocemini?
808 4362 843 4404 »
902 4344 1091 4405 Tunc
1152 4338 1320 4407 dixit
1378 4340 1776 4408 Tiburtius:
1850 4364 1884 4405 «
1946 4345 2075 4407 Nos
2134 4339 2187 4407 si
2251 4357 2381 4404 non
2444 4356 2594 4402 vere

122 4450 141 4474 ‘
168 4456 456 4509 Cr'mr‘nowm,
474 4465 651 4505 habent
673 4465 798 4503 Latir
814 4466 842 4504 t.
