2993 4837
68 294 227 359 NOV.
285 296 348 357 2³
858 315 933 360 nn
982 314 1036 359 S.
1094 311 1468 360 commemo
1517 314 1753 360 Annam
2359 297 2486 362 633

66 411 263 466 tamen
302 396 531 466 Rheno
562 397 865 468 vicinum
903 396 1264 487 oppidum,
1304 397 1465 467 olim
1492 396 1829 479 dirutum,
1874 399 2057 486 quod
2088 398 2515 488 Brigantium
2542 400 2574 433 ⁴⁸

65 485 548 575 nuncupabant,
590 485 715 555 Sed
766 484 933 573 quid
982 486 1283 567 interim,
1341 486 1507 555 dum
1561 487 1662 555 vir
1713 487 1826 556 Dei
1877 509 1997 578 per
2030 487 2251 557 Rheni
2300 487 2569 556 alveum

63 574 333 665 navigat,
401 586 626 643 actum
674 574 784 657 sit,
838 574 1184 644 silendum
1239 596 1371 643 non
1433 588 1559 644 est.
1614 576 1983 677 Navigante
2032 575 2150 646 illo
2198 574 2574 663 'aliquando

62 665 395 744 Rhenum,
449 663 530 732 ad
600 663 836 732 urbem
872 719 887 743 ,
943 678 1151 750 quam
1200 676 1454 732 veteres
1517 669 2025 755 Mogunttacum
2078 664 2568 754 appellarunt,

60 753 456 841 perveniunt,
511 752 841 840 ajuntque
872 753 955 821 ad
993 754 1212 821 virum
1253 750 1365 821 Dei
1402 753 1718 843 remiges,
1786 776 1960 840 quos
1994 759 2132 822 Rex
2178 754 2241 822 ei
2290 754 2575 823 comites

54 840 456 928 adjunxerat,
525 863 595 910 se
636 840 886 911 habere
944 842 1202 910 amicos
1251 842 1317 909 in
1369 841 1565 923 urbe,
1618 842 1738 930 qui
1782 842 2202 912 necessarios
2252 854 2573 932 sumptus

55 930 172 998 sint
203 930 596 1020 praebituri.
648 930 794 999 Jam
838 931 1020 999 enim
1061 928 1263 1020 longo
1312 930 1554 1000 itinere
1602 930 1989 1001 defecerant
2029 931 2405 1021 impensae.
2453 937 2543 1000 Ju

56 1019 149 1087 bet
191 1031 413 1088 autem
454 1018 566 1086 *vir
601 1019 735 1099 Dei,
789 1031 865 1088 ut
896 1030 1073 1089 eant.
1126 1017 1423 1088 Veniunt
1457 1019 1556 1089 illi
1586 1020 1652 1088 in
1689 1021 1958 1099 urbem,
2012 1020 2128 1088 sed
2184 1019 2355 1089 nihil
2388 1020 2572 1088 inve-

58 1108 256 1175 niunt.
314 1107 588 1177 Reversi
628 1106 711 1175 ad
757 1108 976 1177 virum
1016 1108 1154 1187 Dei,
1193 1108 1393 1196 ajunt
1441 1129 1514 1177 se
1552 1108 1720 1177 nihil
1771 1108 2141 1196 quicquam
2180 1110 2267 1178 ab
2325 1108 2576 1177 amicis

60 1195 397 1284 impetrare
452 1197 779 1285 potuisse.
823 1202 1002 1289 ⁴'l'um
1056 1195 1209 1264 ille:
1262 1219 1298 1263 α
1330 1196 1542 1266 Sinite
1605 1219 1734 1278 me,
1794 1196 2040 1283 inquit,
2071 1195 2432 1285 paululum
2486 1198 2567 1265 acl

64 1305 262 1352 meum
320 1284 508 1353 abire
567 1286 896 1354 amicum.
948 1293 995 1351 >5
1037 1285 1447 1354 Mirantibus
1498 1284 1660 1364 illis,
1713 1285 1898 1354 unde
1957 1285 2018 1353 ei
2079 1286 2349 1354 amicus
2396 1301 2574 1355 esset

66 1371 118 1438 in
169 1371 354 1453 loco,
415 1373 533 1442 ubi
602 1395 956 1461 nunquam
1010 1385 1205 1442 antea
1252 1373 1520 1454 fuerat,
1573 1373 1658 1442 ad
1720 1373 2086 1444 Ecclesiam
2140 1395 2211 1443 se
2258 1373 2566 1455 confert,

64 1459 263 1547 ibique
296 1461 493 1531 humi
531 1475 933 1551 prostratuS,
979 1461 1234 1550 prolixe
1272 1474 1461 1562 rogat
1498 1463 1859 1532 Dominum
1904 1485 2109 1531 suum
2152 1464 2419 1553 pietatis
2454 1485 2576 1532 au-

61 1560 309 1619 ctorem.
368 1556 515 1620 Mox
576 1572 731 1621 vero
779 1551 1158 1641 Episcopus
1208 1551 1403 1620 urbis
1452 1550 1642 1620 illius
1669 1550 1751 1620 ad
1791 1550 2158 1620 Ecclesiam
2211 1553 2414 1630 venit,
2475 1573 2576 1620 re·

61 1651 358 1726 pertoque
396 1640 591 1709 beato
633 1639 1077 1720 columbano,
1132 1640 1543 1720 sciscitatur,
1600 1661 1678 1708 ex
1711 1662 1790 1709 eo
1820 1641 2140 1728 quisnam
2180 1640 2291 1710 sit.
2347 1640 2469 1709 Ille
2504 1662 2576 1709 se

62 1729 470 1818 peregrinum
520 1750 668 1798 esse
709 1728 1125 1818 respondet:
1152 1734 1226 1798 Et
1274 1728 1690 1818 Episcopus:
1727 1760 1747 1784 ·‹
1785 1730 1851 1798 Si
1885 1730 2112 1809 rebus,
2150 1729 2397 1817 inquit,
2454 1750 2573 1798 ne-

59 1817 345 1886 cessariis
393 1816 687 1907 indigeS,
746 1839 1035 1907 propera
1067 1818 1151 1886 ad
1204 1816 1405 1887 aedes
1464 1838 1674 1897 meaS,
1728 1829 1794 1885 et
1843 1830 2180 1904 quantum
2216 1830 2393 1906 op'us
2440 1830 2566 1893 est,

64 1916 256 1973 tecum
307 1907 654 1995 absporta.
691 1929 726 1972 »
778 1904 903 1975 Illo
951 1905 1206 1995 gratias
1253 1918 1494 1994 agente
1537 1920 1678 1973 tum
1735 1910 1888 1986 Deo,
1940 1908 2062 1994 qui
2119 1905 2185 1974 id
2240 1907 2578 2007 Episcopo

64 1991 507 2083 inspiraverat,
540 2006 682 2064 tum
720 1994 845 2083 ipsi
884 1994 1196 2075 antistiti,
1232 2006 1458 2083 optata
1487 1993 1800 2063 subsidia
1828 1994 2161 2080 offerenti,
2196 2000 2576 2084 Episcopus

64 2083 349 2153 attentius
410 2083 683 2173 cogitat,
748 2094 823 2151 ut
868 2084 1101 2152 omnia
1134 2137 1149 2164 ,
1200 2104 1374 2170 quae
1422 2084 1482 2151 ei
1553 2096 1941 2173 opportuna
2013 2083 2196 2165 sint,
2250 2084 2567 2174 accipiat.

70 2171 267 2256 ltaque
302 2193 552 2261 pueros
586 2171 866 2241 festinos
903 2173 1109 2242 mittit
1154 2172 1237 2240 ad
1278 2173 1531 2253 navim,
1569 2172 1687 2259 qui
1728 2193 1966 2242 omnes
1992 2171 2231 2242 adesse
2248 2172 2568 2263 jubeant,

75 2273 295 2341 praeter
339 2260 695 2331 custodem
749 2282 968 2330 unum
1010 2316 1025 2340 ,
1078 2260 1198 2347 qui
1252 2260 1476 2329 navim
1531 2276 1769 2341 servet,
1824 2266 2197 2348 secumque
2244 2261 2563 2341 auferre,

75 2366 508 2437 quaecumque
572 2347 798 2417 velint.
853 2349 1042 2432 Quod
1100 2371 1181 2417 ne
1229 2349 1386 2437 quis
1432 2372 1601 2418 casu
1662 2351 1967 2421 evenisse
2019 2362 2256 2440 putet,
2313 2349 2574 2420 solebat

71 2448 262 2520 postea
305 2439 550 2508 crebro
591 2439 820 2507 testari
870 2440 927 2508 is
976 2439 1356 2529 Episcopus
1391 2494 1406 2519 ‚
1464 2461 1818 2525 nunquam
1884 2462 1956 2509 se
2003 2453 2199 2509 antea
2257 2438 2427 2508 adeo
2474 2453 2571 2508 at—

70 2533 288 2596 tentum
325 2527 415 2597 ad
468 2526 866 2596 tribuendas
919 2550 1024 2598 res
1074 2527 1492 2597 necessarias
1549 2527 1803 2612 fuisse3
1858 2550 2065 2616 seque
2124 2529 2387 2614 absque
2435 2528 2567 2597 alia

67 2613 287 2685 ratione
334 2615 438 2684 vel
488 2615 1019 2716 opportunitate,
1073 2617 1159 2686 ob
1224 2616 1400 2685 beati
1450 2616 1855 2686 Columbani
1920 2617 2278 2696 meritum,
2334 2616 2568 2685 divina

65 2700 523 2786 admonitione,
579 2705 736 2773 insti
789 2716 978 2773 atum
1032 2706 1295 2776 venisse
1340 2704 1424 2773 ad
1479 2704 1877 2777 Ecclesiam.
1933 2705 2187 2775 Deinde
2227 2705 2314 2774 ad
2367 2705 2570 2774 desti-

65 2803 265 2862 natum
301 2793 707 2884 perveniunt
782 2815 1011 2873 ocum,
1066 2815 1266 2880 quern
1303 2815 1676 2884 peragrans
1725 2794 1827 2862 vir
1855 2794 1991 2875 Dei,
2046 2795 2140 2864 ait
2173 2817 2300 2864 suo
2338 2794 2574 2863 animo

63 2876 226 2950 illum
266 2883 551 2951 minime
591 2881 867 2953 sedere:
923 2880 1038 2951 sed
1076 2894 1299 2951 tamen
1351 2881 1439 2950 ob
1482 2881 1686 2951 fidem
1721 2883 1790 2952 in
1824 2883 2148 2974 gentibus
2182 2882 2565 2964 ferendam,

64 2964 210 3039 inibi
239 2970 594 3061 paulisper
645 2993 714 3040 se
763 2982 1191 3039 moraturum
1248 2969 1630 3059 pollicetur.
1685 2976 1856 3042 Sunt
1903 2972 2087 3040 enim
2132 2971 2274 3041 illic
2311 2971 2576 3041 vicinae

64 3057 396 3130 Svevorum
450 3072 707 3148 gentes.
762 3064 1068 3144 Cumque
1118 3059 1295 3128 inter
1328 3057 1458 3129 loci
1507 3059 1660 3147 ejus
1708 3060 2122 3130 habitatores
2159 3075 2567 3140 versaretur,

62 3145 358 3235 comperit
398 3171 513 3217 eos
549 3148 913 3237 profanum
950 3148 1120 3218 velle
1171 3147 1362 3218 litare
1410 3148 1859 3231 sacrificium,
1902 3169 2155 3235 vasque
2207 3171 2563 3240 magnum,

63 3236 215 3317 quod
275 3236 387 3308 vul
441 3259 481 3305 o
529 3260 771 3329 cupam
814 3249 1106 3317 vocant,
1164 3236 1400 3326 viginti
1449 3236 1605 3326 plus
1663 3238 1897 3306 minus
1945 3237 2226 3328 capiens
2272 3237 2565 3318 modim,

61 3325 313 3395 cervisia
368 3350 408 3417 p
439 3348 646 3395 enum
676 3381 691 3407 ,
747 3326 813 3394 in
869 3324 1095 3396 medio
1145 3327 1472 3414 positum.
1536 3329 1623 3395 De
1670 3347 1809 3412 quo
1848 3347 2006 3395 cum
2050 3326 2567 3405 sciscitaretur,

63 3411 202 3493 quid
240 3415 354 3484 illo
390 3413 611 3484 facere
660 3413 931 3494 vellent,
987 3414 1613 3503 responderentque
1662 3436 1734 3483 se
1767 3413 1894 3483 deo
1924 3437 2049 3486 suo
2097 3414 2401 3486 Wodano
2437 3414 2571 3504 (sic

64 3499 472 3584 Mercurium,
527 3516 600 3573 ut
629 3503 913 3591 quidam
951 3504 1168 3592 ajunt,
1214 3502 1314 3572 illi
1368 3503 1661 3592 vocant),
1707 3503 1900 3574 litare
1940 3503 2152 3589 velle;
2205 3502 2321 3572 ille
2365 3505 2576 3572 sacri-

65 3582 263 3676 legum
314 3615 491 3682 opus
527 3614 657 3663 non
704 3591 951 3671 serene,
1010 3592 1075 3661 in
1135 3613 1250 3662 vas
1304 3591 1626 3673 insufflat,
1685 3591 1889 3678 idque
1939 3593 2113 3662 miro
2165 3590 2366 3662 modo
2412 3614 2569 3662 cum

65 3671 301 3772 fragore
347 3681 646 3769 quodam
683 3681 1026 3751 frustatim
1100 3679 1505 3770 dissipatur,
1546 3693 1612 3749 et
1652 3680 1892 3750 rabida
1938 3682 2040 3749 vis
2063 3703 2220 3751 cum
2250 3681 2576 3750 cervisiae

64 3758 294 3856 liquore
334 3769 493 3839 inde
544 3768 955 3860 prorumpit,
1015 3781 1087 3838 ut
1123 3768 1479 3838 manifeste
1529 3768 1760 3839 liceret
1822 3768 2161 3860 intelligi,
2216 3768 2571 3839 diabolum

64 3870 118 3919 ιη
160 3876 233 3926 eo
277 3881 431 3928 vase
480 3858 786 3938 latuisse,
841 3858 961 3945 qui
1014 3878 1131 3949 per
1175 3857 1537 3948 profanum
1594 3856 1926 3945 liquorem
1981 3869 2255 3947 caperet
2302 3859 2576 3927 animas

65 3945 605 4017 sacrificantium·
653 3947 725 4015 Id
764 3959 991 4017 autem
1030 3946 1333 4016 videntes
1363 3946 1664 4029 barbari,
1719 3945 2078 4038 stupefacti
2119 3947 2315 4048 ajunt
2348 3946 2570 4015 virum

68 4028 160 4097 Dei
206 4056 528 4126 magnum
592 4035 843 4105 habere
902 4035 1221 4125 spiritum
1261 4091 1276 4116 ‚
1329 4035 1451 4122 qui
1514 4036 1614 4104 sic
1675 4048 1901 4136 posset
1949 4058 2066 4106 vas
2126 4035 2576 4127 ligaminibus

68 4121 375 4193 munitum
427 4124 787 4214 dissipare.
841 4129 916 4194 At
963 4124 1080 4193 ille
1126 4125 1493 4215 castigatos
1528 4123 1729 4195 dictis
1780 4123 2207 4215 Evangelicis
2261 4123 2574 4201 admoni-

67 4214 275 4295 tosque
318 4225 393 4282 ut
425 4214 510 4283 ab
545 4212 940 4301 hujusmodi
989 4213 1410 4282 abstinerent
1442 4212 1824 4293 sacrificiis,
1878 4212 2161 4282 domum
2218 4209 2575 4306 redireju7

68 4288 178 4363 bet.
226 4300 547 4389 Multique
579 4323 817 4370 eorum
874 4301 1044 4370 beati
1081 4301 1201 4369 viri
1248 4300 1722 4370 adhortatione
1770 4316 1834 4370 et
1866 4300 2179 4370 doctrina
2209 4299 2291 4368 ad
2326 4295 2572 4364 Christi

106 4418 127 4442 ‘
154 4423 347 4475 Breyene,
366 4429 422 4469 ad
441 4424 741 4468 constantine
764 4428 930 4474 lacum,
951 4429 1032 4476 qut
1050 4427 1155 4468 ideo
1177 4432 1223 4468 et
1246 4428 1534 4478 Briqanunus
1553 4428 1760 4467 vocat-ir.

2777 4325 2826 4368 ι(
