2993 4837
428 413 431 414 ⁷
500 392 913 478 permittere.
952 398 1120 462 Tum
1162 394 1265 463 illi
1314 395 1518 464 furiis
1557 397 1819 486 agitati,
1862 394 1931 462 in
1982 391 2267 462 clericos
2305 391 2451 479 ejus
2492 392 2754 462 saevius

502 491 697 560 runt,
752 494 817 551 et
864 482 1267 571 scriptorem
1330 485 1752 554 antedictum
1820 483 2059 554 crebro
2107 480 2563 570 irrumpendo
2607 479 2886 551 occident

497 567 658 665 Ejnus
691 581 921 639 autem
955 572 1190 641 uxoris
1222 572 1548 643 misertus
1576 574 1978 663 Episcopus,
2014 583 2245 660 postea
2277 591 2451 656 quae
2499 569 2592 638 ad
2642 570 2868 639 victum
2904 659 2914 668 ,

496 668 875 744 stitumque
908 659 1272 748 pertinent,
1329 673 1658 751 perpetuo
1689 662 1790 731 illi
1823 659 2370 732 subministavit:
2403 680 2701 748 puerum
2733 657 2896 728 verol

496 744 658 814 teris
695 747 1155 817 erudiendum
1190 752 1477 830 curavit,
1517 764 1583 820 et
1614 751 1841 838 quoad
1877 749 2056 829 vixit,
2095 748 2271 816 inter
2308 747 2608 817 Clericos
2639 770 2797 817 suos
2817 743 2923 826 illul

496 837 847 904 numerari
906 837 1140 906 voluit.
1202 844 1409 909 Porro
1458 840 1758 909 latrones
1819 839 2131 908 lanceam
2181 837 2252 905 in
2321 837 2617 905 militem
2668 836 2922 904 vibrante

497 922 1030 995 misericorditer
1075 948 1224 996 sese
1271 928 1771 1017 interponentis
1832 925 2151 1017 Episcopi
2220 946 2476 1012 equum
2531 924 2923 995 confoderun!

496 1009 731 1097 sicque
771 1014 968 1083 miles
1015 1016 1175 1102 equi
1218 1017 1562 1105 praesidio
1594 1018 1679 1086 de
1725 1038 1964 1086 eorum
2000 1013 2324 1084 manibus
2368 1026 2659 1104 ereptus
2685 1027 2806 1083 est.
2831 1018 2922 1081 Ρη

496 1099 603 1167 sul
667 1123 822 1171 vero
870 1103 1180 1192 spoliatis
1227 1105 1523 1187 clericiS,
1570 1106 1778 1175 variis
1833 1106 2117 1174 affectus
2165 1103 2468 1192 injuriis,
2524 1104 2602 1171 in
2663 1104 2922 1192 proximi

498 1188 774 1259 veniens
822 1191 1198 1273 civitatem,
1255 1193 1553 1264 latrones
1601 1195 1757 1265 illos
1808 1214 1928 1283 per
1972 1192 2447 1261 internuncios
2497 1191 2892 1266 admonuit,

494 1298 532 1343 a
580 1299 706 1348 sua
741 1279 1003 1348 malitia
1050 1281 1493 1364 abstinentes,
1540 1284 1808 1352 veniam
1846 1283 2328 1370 impetrarent:
2376 1280 2445 1348 ni
2487 1280 2562 1349 id
2597 1280 2900 1354 facerent,

494 1386 651 1434 cum
693 1369 1020 1440 omnibus
1052 1371 1203 1457 ejus
1241 1373 1535 1440 civitatis
1575 1372 1994 1462 presbyteris
2027 1371 2096 1438 in
2146 1391 2261 1438 eos
2291 1369 2925 1522 excommunicatio}

494 1457 898 1525 sententiam
936 1459 1588 1547 pronunciaturum.
1628 1461 1774 1530 Illis
1812 1472 2043 1528 autem
2091 1479 2367 1527 omnem
2426 1458 2899 1547 poenitentiam

495 1545 984 1615 correctionem
1034 1551 1554 1636 respuentibuS,
1608 1570 1724 1620 eos
1770 1546 2413 1618 excommunicavit.
2474 1547 2680 1629 Quod
2730 1568 2874 1616 cum

493 1634 989 1719 cognovissent,
1026 1649 1091 1704 et
1122 1637 1711 1723 quemadmodum
1763 1637 1952 1706 fieret
2007 1635 2665 1716 excommunicatio,
2713 1635 2912 1720 inquis

495 1732 666 1800 sent,
704 1721 1063 1792 dixerunt:
1103 1749 1136 1790 «
1189 1727 1886 1795 Excommunicemus
1932 1737 1998 1794 et
2033 1746 2156 1793 nos
2204 1724 2857 1814 archiepiscopum:
2889 1743 2912 1782 ι

450 1853 451 1858 1
494 1809 904 1899 accipientes
950 1826 1099 1881 exta
1147 1814 1338 1883 bovis
1387 1814 1567 1883 furto
1615 1815 1872 1893 ablati,
1936 1813 2086 1882 loco
2140 1812 2471 1881 stolarum
2507 1868 2523 1893 ,
2588 1827 2658 1882 et
2733 1825 2925 1968 accen}

497 1896 842 1985 lignorum
920 1901 1165 1971 faculis
1225 1902 1372 1972 loco
1405 1897 1919 1982 candelarum,
1977 1903 2194 1970 instar
2245 1900 2567 1989 luporum
2651 1900 2916 1994 ululaba-

495 1986 785 2056 Clericos
849 1989 1230 2071 irridentes,
1284 1992 1651 2060 anatliema
1711 1992 2034 2079 legenteS,
2088 2003 2154 2058 et
2201 1989 2269 2057 in
2322 1989 2638 2060 derisum
2704 1989 2925 2058 Ecclestl

493 2075 695 2144 etiam
750 2078 816 2144 in
869 2099 1047 2164 aqua
1102 2080 1287 2169 ipsas
1334 2080 1599 2149 faculas
1650 2082 1867 2148 exstin
1925 2090 2187 2148 uentes.
2239 2082 2330 2147 Ex
2395 2079 2478 2147 iis
2526 2102 2724 2149 unus
2773 2087 2925 2167 postet

491 2162 625 2242 die,
683 2164 836 2234 licet
881 2166 1323 2257 quadruplici
1360 2181 1579 2238 tectus
1627 2182 1830 2248 veste,
1876 2102 2129 2258 {rigore
2168 2168 2334 2236 satis
2394 2180 2780 2257 temperato
2821 2173 2925 2263 θη

496 2250 759 2322 lerabili
807 2256 1145 2325 extinctus
1192 2270 1317 2325 est.
1355 2259 1576 2327 Tertio
1627 2257 1789 2326 inde
1835 2257 1946 2325 die
1983 2256 2284 2325 malitiae
2320 2277 2557 2325 eorum
2618 2257 2763 2326 dux
2793 2251 2925 2323 iudet

494 2355 890 2442 peremptus
937 2357 1060 2425 est,
1101 2357 1305 2433 atque
1346 2345 1434 2415 ita
1476 2345 1595 2414 alii
1647 2359 1798 2437 post
1848 2345 2022 2414 alios
2083 2347 2262 2414 intra
2309 2366 2571 2414 annum
2637 2365 2847 2415 unum
2894 2359 2924 2429 tt

494 2446 783 2501 rierunt.

579 2523 615 2607 ξ
651 2526 808 2591 ²8.
842 2521 1132 2603 Quidam
1164 2545 1201 2592 e
1234 2524 1568 2592 ministris
1601 2523 2111 2613 Archiepiscopi
2137 2522 2570 2610 quandoque,
2615 2545 2752 2593 non
2779 2521 2927 2601 absqt

494 2630 616 2677 sua
668 2609 972 2678 fortassis
1020 2611 1250 2712 culpa,
1310 2612 1668 2681 Dubliniae
1717 2613 1801 2681 ad
1846 2612 2232 2702 patibulum
2273 2612 2697 2681 trahebatur.
2739 2616 2927 2706 Cumqt

485 2695 631 2781 jam
679 2696 765 2765 ad
808 2699 1165 2786 suspendit
1216 2701 1439 2770 locum
1498 2703 1935 2789 pervenisset,
1991 2723 2229 2770 rumor
2258 2701 2408 2789 ejus
2442 2701 2535 2769 rei
2566 2702 2662 2769 ad
2699 2698 2927 2781 Arclnep

496 2807 784 2873 scopum
837 2786 1139 2875 perlatus
1187 2803 1309 2859 est.
1366 2789 1556 2859 Illico
1604 2790 1826 2879 surgit
1867 2789 2005 2871 ille,
2044 2791 2488 2876 sequiturque
2537 2789 2927 2881 hominem3l

492 2894 649 2940 eum
691 2874 945 2943 liberet.
1002 2876 1250 2946 Videns
1298 2891 1525 2946 autem
1576 2900 1760 2948 unus
1793 2900 1829 2946 e
1860 2879 2303 2949 carnificibus
2339 2878 2725 2967 praesulem
2763 2886 2927 2943 vemet

497 2973 625 3029 tem
660 3015 675 3041 ,
732 2964 1116 3051 timensque
1172 2987 1257 3034 ne
1325 2965 1560 3036 infelix
1608 2967 1723 3035 ille
1778 2988 1856 3035 ex
1912 2988 2151 3036 eorum
2221 2967 2541 3036 manibus
2606 2967 2927 3053 auferretut

493 3063 700 3138 caput
750 3051 997 3121 misero
1046 3054 1398 3142 praecidit.
1436 3054 1511 3122 Id
1544 3077 1830 3125 cernens
1863 3056 2265 3144 EpiscopuS,
2313 3055 2750 3143 multumque
2792 3049 2927 3120 dolet

491 3152 799 3228 ereptum
836 3141 966 3210 sibi
1000 3142 1373 3223 bominem,
1421 3143 1488 3211 in
1525 3145 1674 3232 ejus
1726 3165 2199 3233 percussorem
2237 3143 2740 3213 maledictionis
2767 3140 2926 3209 fulme

420 3287 427 3294 .
495 3227 783 3298 intorsit.
840 3236 1144 3317 Cumque
1191 3231 1306 3301 ille
1353 3254 1514 3301 cum
1564 3233 1767 3302 sociis
1821 3233 2210 3301 Dubliniam
2261 3231 2532 3313 rediret,
2572 3234 2647 3301 in
2685 3242 2862 3324 ponte
2884 3242 2927 3290 ct

492 3316 663 3386 dens
702 3340 937 3388 coxam
983 3319 1203 3410 fregit,
1242 3335 1304 3389 et
1337 3342 1416 3389 ex
1447 3342 1526 3389 eo
1562 3321 1838 3390 vulnere
1872 3322 2059 3390 brevi
2108 3320 2312 3390 vitam
2363 3322 2618 3403 amisit,
2673 3314 2927 3392 manifest

494 3406 765 3475 divinae
812 3407 1097 3477 ultionis
1123 3408 1412 3495 judicio,
1453 3410 1560 3477 Sic
1598 3411 1949 3489 Dominus,
1990 3422 2284 3497 quantae
2332 3411 2715 3482 sanctitatis
2759 3419 2813 3477 et
2850 3422 2927 3491 gr&

497 3495 627 3563 tiae
653 3496 833 3584 apud
870 3497 1095 3585 ipsum
1123 3510 1299 3567 esset
1324 3497 1563 3566 beatus
1592 3497 2022 3579 LaurentiuS,
2048 3512 2113 3568 et
2134 3499 2316 3586 quod
2347 3499 2500 3586 ejus
2526 3501 2730 3569 verba
2758 3490 2926 3588 pondu

491 3583 840 3665 haberent,
886 3586 1161 3673 saepius
1195 3585 1588 3655 declaravit.
2833 3624 2840 3633 ·

577 3675 613 3759 ξ
666 3676 807 3743 ²2.
863 3679 1006 3742 Duo
1047 3674 1171 3742 viri
1231 3675 1592 3744 Dubliniae
1630 3674 1699 3743 in
1757 3677 1902 3744 loco
1942 3698 2135 3744 sacro
2186 3674 2624 3745 latrocinium
2683 3679 2924 3768 perpet?a

494 3773 695 3829 runt:
752 3762 866 3830 sed
921 3784 1042 3850 pro
1080 3764 1337 3833 meritis
1379 3763 1525 3833 suis
1575 3765 1882 3852 percussi
1933 3787 1973 3832 a
2021 3764 2329 3844 Domino,
2378 3765 2690 3853 protinus
2727 3767 2924 3850 ament?

490 3850 707 3918 effecti
739 3863 921 3929 sunt,
960 3851 1287 3940 ligatique
1321 3851 1406 3920 ad
1437 3852 1794 3923 ecclesiam
1834 3864 2106 3922 sanctae
2137 3853 2507 3934 Trinitatis,
2546 3869 2610 3922 et
2643 3854 2724 3923 ad
2756 3845 2924 3921 Archle

493 3939 850 4026 piscopum
884 3939 1164 4009 adducti
1195 3954 1380 4010 sunt.
1412 3946 1595 4023 Quos
1627 3964 1784 4010 cum
1823 3940 1936 4011 ille
1966 3943 2264 4021 vidisset,
2302 3942 2766 4012 misericordia
2792 3946 2926 4005 motu:

493 4050 567 4096 er
615 4050 653 4095 a
698 4027 849 4097 illos
880 4084 894 4108 ,
940 4029 1098 4098 data
1157 4030 1631 4099 benedictione
1660 4082 1675 4105 ,
1724 4031 1936 4117 jussit
1971 4052 2087 4100 eos
2128 4053 2164 4098 a
2215 4030 2511 4099 vinculis
2550 4026 2842 4121 expediri.
2875 4013 2924 4084 ΙΝ

493 4051 691 4185 εοὶζιιιί
722 4170 737 4195 ,
782 4117 852 4184 in
895 4117 1136 4187 faciem
1181 4131 1600 4198 corruenteS,
1654 4118 1778 4187 diu
1836 4131 2183 4205 tamquam
2241 4119 2592 4189 exanimes
2630 4116 2926 4210 jacueram

490 4203 788 4274 Tandem
835 4219 1194 4295 surgentes
1235 4206 1642 4286 incolumeS,
1695 4208 1839 4276 viro
1883 4208 1996 4275 Dei
2051 4229 2171 4296 pro
2209 4208 2430 4277 salute
2469 4224 2729 4300 recepta
2761 4211 2927 4300 gtaflffl

490 4306 798 4379 egerunt.
828 4294 1019 4375 Quod
1056 4295 1194 4371 ille,
1228 4317 1312 4364 ne
1344 4296 1662 4374 facerent,
1713 4318 1896 4364 more
1926 4319 2047 4365 suo
2086 4296 2508 4384 prohibebat,
2547 4311 2611 4366 et
2646 4311 2712 4367 ut
2734 4290 2926 4365 solinu

493 4379 747 4466 gratias
781 4397 1079 4470 agerent,
1123 4384 1548 4453 verecundus
1588 4397 1653 4453 et
1689 4384 1972 4453 humilis
2014 4385 2433 4454 hortabatur.

584 289 712 354 490
1020 269 1029 284 ⁸
1086 311 1164 355 na
1212 311 1267 358 s.
1322 311 1673 359 munemne
1720 306 2011 358 Anculsst’.
2065 304 2438 355 ntJBLtNssNst
2697 288 2923 736 Νθῖῐζξ
