2993 4837
504 332 630 396 388
1259 346 1335 392 nn
1383 345 1438 392 s.
1494 346 1744 391 Asnam
1791 345 2097 392 mammo
2616 326 2767 393 NOV.
2803 326 2900 413 DQ,

415 434 660 509 curtis,
714 429 1152 519 Neapolitana
1188 430 1254 498 in
1291 432 1480 499 curia
1524 431 1841 519 regentis,
1874 430 2306 499 catharinam
2346 430 2661 500 Carass'am
2688 428 2885 501 morbo·
2970 466 2971 469 ¹

414 521 932 590 decumbentem
972 519 1368 588 visitaturus
1415 519 1658 597 adiret,
1704 519 1906 605 eique
1945 518 2364 587 christianae
2414 520 2667 609 pietatis
2718 516 2892 584 stunt

420 631 606 678 more
655 631 779 678 suo
823 621 1212 697 praestaret,
1256 608 1513 694 quibus
1554 607 1713 676 inde
1765 607 2165 695 perfunctus
2203 608 2385 677 circa
2428 609 2681 677 tertiam
2713 629 2822 675 ιιι-ιὲ

417 699 680 777 horam,
727 710 1037 766 recusato
1081 695 1264 782 quod
1316 697 1384 764 in
1447 709 1770 786 promptu
1817 709 1959 764 erat
2000 696 2252 765 rhedae
2300 696 2678 776 commodo,
2743 725 2886 758 ηπ.-
2968 748 2969 751 ,

416 787 497 855 ad
556 786 924 875 praefatam
978 790 1042 854 S.
1103 785 1290 854 Pauli
1347 785 1630 854 domum
1678 806 2075 854 reversurus
2128 784 2468 864 discessit,
2516 785 2766 854 interim
2804 804 2887 883 qn

417 877 704 965 piosius,
759 875 923 944 dum
1004 875 1171 953 iret,
1224 896 1262 942 e
1305 874 1494 943 coelo
1567 873 2032 942 indesinenter
2077 873 2364 943 cadebat
2414 875 2669 943 imber:
2724 871 2891 943 nihili

420 979 644 1033 tamen
686 964 917 1032 minus
964 985 1049 1031 ne
1082 984 1215 1030 una
1265 962 1548 1049 quidem
1588 984 1806 1049 aquae
1837 962 2107 1052 guttula
2145 964 2317 1031 servi
2360 963 2469 1031 Dei
2517 963 2889 1048 sociiqueve·

415 1068 550 1122 stes
598 1053 887 1138 aspersit
950 1052 1283 1140 tetigitve:
1341 1052 1481 1119 imo
1533 1051 1847 1120 homines
1892 1051 2054 1131 duo,
2106 1052 2223 1137 qui
2274 1052 2419 1120 viae
2472 1052 2744 1120 comites
2962 1104 2967 1109 .

414 1156 490 1211 ut
522 1164 875 1210 accensam
943 1139 1356 1228 praeferrent
1404 1139 1648 1217 facem,
1708 1140 1827 1209 ubi
1877 1139 2042 1207 haec
2102 1140 2430 1209 imbrium
2474 1155 2539 1208 et
2597 1153 2776 1209 vento
2859 1181 2878 1196 -·

416 1232 678 1319 impetu
709 1230 998 1298 extincta
1033 1229 1183 1307 fuit,
1228 1228 1561 1297 Andream
1628 1228 1982 1317 repentina
2032 1228 2183 1297 luce
2229 1228 2724 1298 circumfusum
2756 1225 2862 1296 vid
2954 1264 2963 1271 τ

419 1332 602 1397 runt3
638 1340 851 1405 quare
892 1318 1205 1386 homines
1236 1316 1320 1384 ad
1375 1315 1741 1405 praefatam
1787 1322 1852 1386 S.
1896 1317 2081 1386 Pauli
2139 1317 2423 1387 domum
2477 1318 2873 1407 feliciterper

419 1420 769 1476 venerunt.
827 1406 920 1474 Ad
972 1407 1138 1474 haec
1198 1405 1403 1474 iidem
1458 1404 1596 1473 duo
1666 1427 1783 1494 per
1850 1405 2132 1493 longum
2198 1407 2464 1476 itineris
2517 1421 2813 1485 tractum,
2865 1436 2896 1460 ι·

418 1496 583 1564 dum
632 1496 741 1563 Dei
792 1517 982 1563 servo
1021 1493 1547 1574 famularentur,
1599 1509 1663 1561 et
1702 1494 1868 1563 dum
1915 1495 1997 1563 ad
2058 1517 2222 1564 suas
2259 1495 2695 1583 postmodum
2747 1517 2872 1562 atr-f
2947 1557 2950 1560 .

418 1584 738 1664 redirent,
800 1584 1124 1653 continuo
1195 1583 1493 1652 maxima
1544 1583 2084 1670 circumquaque
2142 1584 2469 1654 imbrium
2524 1584 2722 1673 copia

416 1674 616 1742 dente
659 1673 724 1740 in
778 1671 967 1740 nulla
1020 1684 1136 1740 aut
1181 1672 1488 1761 corporis
1544 1684 1663 1741 aut
1721 1672 2277 1742 vestimentorum
2340 1684 2530 1760 parte
2595 1672 2880 1759 injuria·

415 1761 860 1849 quantumvis
902 1761 1285 1841 minimam,
1321 1761 1408 1829 ab
1441 1762 1642 1847 aquis
1675 1760 1985 1847 undique
2016 1760 2481 1830 defluentibus
2515 1782 2829 1850 accepera

506 1854 541 1936 ἓ
587 1853 719 1921 12.
776 1855 976 1917 Porro
1007 1849 1346 1936 quidquid
1398 1872 1434 1915 a
1491 1848 1789 2005 Eraefata
1839 1849 2118 1919 Rituum
2157 1851 2693 1939 Congregatione
2722 1851 2896 1918 de..
2964 1904 2967 1909 .

420 1939 678 2008 liditate
720 1959 1161 2027 processuum
1202 1951 1335 2006 tam
1374 1937 1457 2005 de
1541 1939 1763 2006 eroico
1813 1940 2138 2008 virtutum
2195 1939 2415 2029 gradu
2471 1961 2551 2008 ac
2606 1939 2692 2007 de
2747 1937 2822 2005 mi
2883 1955 2892 1988 -·

416 2028 596 2096 culis
629 2026 1058 2114 judicatum,
1116 2025 1293 2095 idem
1351 2026 1665 2095 Urbanus
1718 2027 2197 2116 praedecessor
2242 2026 2715 2103 confirmavit,
2763 2027 2811 2113 ej
2848 2057 2894 2078 ι»-

421 2116 713 2203 demque
763 2117 1039 2185 Rituum
1105 2116 1662 2215 congregationis
1738 2138 1885 2186 esse
1961 2115 2183 2185 locum
2251 2115 2540 2185 solemni
2618 2117 2779 2186 servi
2837 2125 2843 2172 Ι
2970 2156 2971 2195 1

419 2205 901 2274 beatificationi
937 2206 1459 2293 pronunciantis
1490 2203 1762 2272 decreto
1812 2226 2149 2283 annuenS,
2196 2204 2307 2272 die
2354 2228 2394 2273 x
2436 2205 2625 2291 junii
2674 2226 2821 2294 pra
2861 2209 2898 2258 ·“·-
2970 2240 2971 2285 1

417 2295 585 2363 anni
632 2316 898 2371 cccxxv,
952 2292 1284 2361 Andream
1325 2298 1679 2361 Beatorum
1720 2292 1912 2363 fastis
1949 2293 2340 2381 adscripsit,
2392 2308 2456 2363 et
2505 2293 2771 2363 Clericis
2969 2322 2971 2397 ι

420 2382 779 2472 gularibus
829 2380 1173 2451 Theatinis
1232 2381 1597 2482 praefatis,
1660 2394 1736 2452 ut
1802 2383 1867 2450 in
1930 2384 2083 2470 ejus
2152 2383 2475 2453 honorem
2528 2382 2823 2452 Officium
2897 2399 2900 2427 ³

421 2474 689 2541 Missam
758 2471 843 2539 de
896 2492 1245 2539 communi
1314 2471 1786 2540 Confessorum
1867 2493 1998 2540 non
2063 2471 2466 2541 Pontificum
2536 2474 2791 2541 celebra
2833 2500 2900 2529 ·..··

419 2561 883 2629 anniversaria
932 2559 1042 2628 die
1073 2561 1302 2629 obitus
1335 2560 1509 2628 servi
1544 2561 1656 2627 Dei
1690 2562 2083 2646 quotanniS‚
2113 2561 2471 2640 concessit,
2512 2583 2589 2630 ac
2624 2561 2689 2630 id
2726 2562 2788 2646 ip
2833 2584 2886 2627 ιι,

421 2649 703 2717 caeteris
753 2647 1221 2718 sacerdotibus
1269 2648 1378 2716 die
1414 2649 1715 2737 praefato
1748 2649 1815 2716 in
1850 2648 2245 2717 eorumdem
2284 2649 2697 2719 Clericorum
2733 2655 2838 2731 ἣν,

423 2738 670 2805 larium
723 2737 1209 2805 Theatinorum
1262 2736 1547 2805 ecclesia
1609 2736 2052 2806 celebraturis
2110 2737 2422 2806 indulsit.
2479 2744 2741 2808 Interea
2817 2760 2898 2794 τ’

424 2825 747 2913 politana,
791 2823 1298 2912 nonnullaeque
1347 2826 1617 2894 Siciliae
1649 2826 1855 2894 urbes
1906 2826 2187 2894 beatum
2231 2827 2564 2896 Andream
2620 2830 2686 2896 in
2740 2849 2811 2915 pa
2886 2849 2889 2852 ’
2967 2861 2969 2902 t

422 2936 588 2981 num
639 2935 718 2981 ac
752 2926 1190 3001 protectorem
1229 2915 1356 2983 sibi
1409 2914 1804 3002 eligendum
1859 2928 2280 2984 statuerunt:
2323 2930 2387 2984 et
2432 2916 2599 3002 quia
2646 2914 2906 2985 nondu-

422 3003 508 3071 ab
555 3001 929 3090 Apostolica
985 3001 1174 3083 Sede,
1223 3025 1306 3072 ne
1354 3003 1425 3078 ii,
1479 3004 1599 3089 qui
1650 3009 2005 3073 Beatorum
2057 3003 2414 3072 dumtaxat
2474 3006 2748 3073 nomine
2788 3004 2868 3071 ιιι

472 3091 617 3170 niti,
656 3113 777 3159 nec
806 3093 981 3161 inter
1005 3096 1285 3161 Sanctos
1316 3092 1545 3159 adbuc
1579 3091 1975 3160 solemniter
2011 3092 2203 3161 relati
2240 3093 2541 3162 fuerunt.
2579 3093 2648 3161 in
2676 3093 2865 3162 urbiu
2891 3136 2908 3141 --
2966 3151 2967 3156 ,

450 3201 866 3267 ocorumque
917 3195 1238 3270 patronos
1285 3180 1867 3261 adscriberentur,
1923 3194 2250 3250 statutum
2303 3181 2558 3251 fuerat:
2618 3183 2791 3251 idem
2830 3183 2867 3247 U
2964 3217 2967 3254 ι

420 3270 643 3338 banus
694 3269 1192 3359 praedecessor,
1261 3269 1498 3338 audita
1563 3270 1752 3358 prius
1803 3270 1930 3338 hac
1977 3270 2062 3338 de
2138 3292 2207 3338 re
2271 3270 2612 3359 praefatae
2678 3273 2897 3340 Rituu
2966 3305 2967 3326 t

419 3358 973 3448 Congregationis
1022 3359 1378 3436 sententia,
1417 3372 1490 3426 ut
1517 3358 1601 3428 de
1628 3358 1821 3427 beato
1870 3358 2128 3427 Andrea
2168 3371 2515 3445 tamquam
2554 3360 2641 3428 de
2673 3373 2913 3447 patrono

420 3469 500 3515 ac
543 3461 914 3535 protectore
961 3446 1141 3534 apud
1195 3447 1671 3535 Neapolitanos
1722 3452 2215 3534 Capuanosque
2266 3450 2465 3518 Missa
2507 3449 2913 3531 effictumque
2965 3475 2967 3518 l

423 3536 889 3615 recitarentur,
930 3537 1224 3624 benigne
1273 3535 1585 3614 indulsit,
1635 3537 2084 3624 patribusque
2118 3535 2485 3617 TheatiniS,
2544 3538 2611 3605 in
2663 3551 2911 3624 quorum

421 3624 857 3712 generalibus
904 3625 1202 3694 comitiis
1228 3637 1559 3698 statutum
1588 3626 1896 3694 extiterat
1945 3647 2027 3693 ne
2058 3646 2479 3711 quemquam
2514 3625 2617 3695 vel
2670 3625 2915 3695 minima

424 3735 459 3779 a
512 3714 688 3782 Beati
733 3715 1058 3782 cadavere
1117 3712 1438 3782 distracta
1490 3713 1800 3802 portione
1841 3713 2170 3783 donatum
2223 3713 2508 3795 vellent,
2567 3713 2911 3784 facultatem

422 3801 609 3870 dedit
656 3815 729 3871 ut
776 3801 1234 3890 Neapolitanis
1283 3803 1552 3872 civibus
1593 3815 1850 3892 partem
1886 3804 2193 3892 corporis
2230 3802 2403 3871 beati
2453 3804 2753 3872 Andreae
2777 3803 2913 3869 inter

426 3889 691 3977 lipsana
743 3891 1022 3981 majoris
1069 3890 1395 3960 ecclesiae
1442 3891 1921 3980 Neapolitanae
1954 3891 2417 3979 reponendam
2469 3893 2650 3962 dono
2687 3891 2907 3958 darent.

425 3984 580 4048 Post
626 3995 849 4049 autem
900 3979 1208 4068 ejusdem
1267 3980 1516 4048 Urbani
1570 3980 2111 4068 praedecessoris
2168 3980 2596 4050 decretorum
2650 3972 2908 4069 promul·

431 4069 799 4157 gastonem,
845 4068 1020 4137 facta
1069 4089 1280 4137 novae
1326 4069 1836 4139 commissionis
1887 4070 2142 4169 gratia,
2198 4070 2545 4159 negotium
2596 4064 2907 4157 canonizat-

428 4158 628 4225 tionis
677 4159 853 4227 beati
903 4157 1204 4226 Andreae
1268 4171 1771 4247 reassumptum
1824 4157 1997 4236 fuit;
2050 4170 2114 4226 et
2162 4157 2243 4226 ad
2301 4174 2597 4228 tenorem
2646 4149 2909 4245 apostolis

424 4266 659 4312 carum
711 4246 1007 4333 desuper
1042 4247 1379 4315 editarum
1432 4247 1995 4316 constitutionum
2037 4247 2522 4334 praefatarum,
2560 4236 2903 4334 hujusmodi

424 4352 704 4400 causam
754 4334 1223 4422 excipiendam
1275 4334 1695 4404 declaratum
1726 4390 1740 4414 ‚
1807 4349 1872 4403 et
1942 4335 2231 4404 adaucta
2285 4336 2349 4404 in
2401 4336 2550 4404 dies
2598 4332 2757 4404 beati
2804 4333 2902 4396 An·

428 4418 628 4487 dreae
675 4419 852 4488 sama
889 4424 1290 4502 sanctitatiS,
1344 4425 1493 4510 ejus
1534 4445 1781 4493 nomen
1811 4446 1950 4493 una
1978 4446 2134 4493 cum
2179 4425 2301 4505 eis,
2343 4447 2518 4512 quae
2558 4426 2621 4493 in
2670 4433 2899 4491 romano
