2993 4837
544 319 672 382 446
1317 336 1395 380 oe
1443 335 1495 381 s.
1553 333 1779 382 mnaco
1829 334 2125 383 consess.
2660 319 2862 385 NOV.l
2963 343 2964 356 ¹

456 421 670 491 nullis
735 421 1013 490 cibariis
1069 420 1403 509 accepti5‚
1457 420 1602 508 Jam
1665 420 1982 489 sumendi
2044 421 2182 489 cibi
2244 433 2516 510 tempus
2568 421 2907 501 advenisset

453 525 625 581 etex
674 510 917 578 itinere
962 509 1208 577 defessi
1244 521 1492 588 essent,
1537 529 1660 576 nec
1710 509 1776 577 in
1831 510 2142 598 proximo
2192 509 2339 578 vieo
2399 509 2773 596 quidquam,
2805 529 2892 598 q:-
2962 545 2964 573 :

451 621 529 669 ex
568 599 795 668 aliena
847 597 1316 667 misericordia
1365 597 1833 678 reficerentur,
1891 604 2021 667 Deo
2062 599 2154 668 ita
2215 598 2639 688 disponente,
2688 621 2804 667 ret·
2854 630 2895 665 ·-.

454 689 856 777 potuissent,
893 687 975 756 ad
1037 687 1354 755 comitem
1409 708 1649 755 sereno
1704 687 1899 756 vultu
1946 708 2320 757 conversus
2359 689 2598 757 beatus
2645 687 2882 757 Didactts
2963 713 2964 750 2

452 778 609 867 Eja,
657 777 905 863 inquit,
957 779 1196 864 frater,
1265 778 1335 843 in
1376 779 1643 843 Domino
1693 779 2124 864 confidamuS,
2185 779 2212 844 ι’
2253 800 2323 845 se
2377 800 2492 847 uos
2523 787 2767 867 pascet:

450 866 578 935 iter
625 878 901 935 strenue
953 877 1551 953 prosequerentur,
1593 885 1747 932 ecce
1800 867 1866 932 in
1921 887 2203 953 peramp
2235 888 2271 933 a
2311 865 2593 955 planitie
2619 864 2819 933 candi=
2910 918 2913 921 -

451 976 802 1043 mappam,
859 955 1032 1022 inter
1081 954 1328 1022 herbas
1394 974 1605 1042 prope
1657 954 1830 1021 viam
1891 956 2177 1042 positam
2246 954 2515 1035 vident,
2574 955 2964 1042 ριόρίοεᾳ’

450 1044 848 1112 accedentes
876 1042 1108 1110 album
1149 1064 1421 1131 panem,
1470 1044 1690 1130 pisces
1724 1056 2029 1112 recenter
2064 1057 2314 1122 coctos,
2357 1044 2593 1112 etvini
2634 1040 2829 1111 vascul
2878 1058 2917 1099 251

449 1132 834 1215 inveniunt;
891 1131 1416 1200 insistuntservi
1458 1133 1594 1209 Dei,
1634 1144 1698 1198 et
1740 1133 1808 1199 in
1847 1131 2182 1200 latissimo
2230 1154 2477 1220 campo
2512 1131 2692 1200 unde
2733 1131 2890 1199 inum
2963 1191 2964 1195 ,

448 1242 570 1289 nes
622 1234 847 1310 partes
896 1220 1070 1288 liber
1106 1232 1250 1288 erat
1350 1233 1725 1308 rospectus,
1779 1222 2012 1289 omnia
2059 1221 2282 1290 oculis
2335 1221 2806 1310 perlustrantes
2828 1219 2897 1286 ci
2963 1257 2964 1282 2

447 1311 937 1398 cumspiciunt‚
977 1310 1036 1377 si
1074 1310 1232 1393 quis
1278 1242 1446 1376 tigne
1479 1330 1558 1378 eo
1608 1310 1674 1376 in
1720 1308 1866 1378 loco
1919 1309 2287 1399 prandium
2332 1309 2738 1396 reliquisset;
2780 1305 2905 1376 den‘
2963 1343 2964 1350 ι

446 1419 581 1484 que
623 1398 683 1466 id
737 1398 916 1482 quod
954 1409 1146 1466 erant
1183 1398 1330 1477 rati,
1368 1396 1451 1465 ad
1492 1418 1796 1466 mensam
1835 1398 1966 1468 sibi
2002 1421 2040 1467 a
2076 1404 2207 1467 Deo
2253 1399 2322 1466 in
2369 1398 2641 1468 deserto
2682 1419 2820 1487 para
2854 1426 2889 1454 w
2962 1419 2965 1459 ι

445 1487 587 1555 veri
615 1487 960 1556 Israelitae
999 1487 1441 1565 accumbunt,
1486 1508 1565 1554 ac
1596 1487 1750 1555 cibo
1780 1501 1844 1554 et
1879 1489 2148 1576 potione
2180 1487 2287 1555 siti
2321 1486 2642 1574 fameque
2672 1483 2903 1575 depul-
2963 1509 2964 1548 ι

445 1574 625 1661 quod
681 1575 1018 1663 superfuit
1056 1574 1309 1643 ibidem
1348 1575 1721 1661 liquerunt,
1762 1580 1892 1644 Deo
1929 1577 2105 1645 Patri
2159 1576 2779 1645 misericordiarum
2821 1604 2830 1621 ⁴
2963 1633 2964 1638 ,

445 1665 574 1732 tias
621 1678 922 1752 agentes,
977 1664 1097 1750 qui
1131 1664 1342 1732 servis
1377 1664 1525 1732 suis
1559 1664 1626 1731 in
1664 1669 1754 1732 Eo
1806 1665 2246 1754 sperantibus
2301 1686 2533 1734 escam
2587 1664 2841 1733 dederat
2873 1661 2884 1672 ’
2963 1697 2964 1724 1

445 1764 747 1841 tempore
785 1765 1193 1840 opportuno.
1248 1752 1451 1833 Quid,
1498 1752 1667 1821 illud
1720 1753 1903 1839 quod
1963 1753 2226 1843 Hispali
2281 1767 2554 1842 gestum
2603 1766 2725 1832 est,
2769 1774 2889 1838 qu
2963 1777 2964 1796 ι

444 1863 737 1931 magnae
784 1841 944 1909 fidei
990 1852 1091 1910 est
1138 1846 1676 1930 argumentum?
1708 1847 1872 1911 Nam
1925 1865 2085 1911 cum
2147 1843 2499 1932 septennis
2539 1864 2728 1931 puer,
2775 1840 2867 1927 qui
2963 1865 2964 1884 ι

445 1945 660 1999 matre
691 1930 1017 2019 vapulare
1058 1930 1300 1999 solitus
1345 1943 1513 2010 erat,
1563 1930 1632 1997 in
1674 1930 1902 2005 furno.
1958 1932 2027 1999 in
2079 1953 2280 2018 quem
2331 1933 2485 2019 eJus
2555 1929 2891 2000 iracundi

442 2018 716 2108 fugiens
765 2041 837 2088 se
875 2018 1231 2088 abdiderat
1269 2018 1748 2098 obdormisset,
1788 2034 1853 2088 et
1891 2019 2096 2089 furno
2140 2021 2225 2088 ab
2280 2019 2524 2109 ignara
2579 2033 2784 2089 matre
2814 2038 2842 2085 s
2885 2056 2893 2067 ·

440 2130 669 2188 censn,
723 2108 1234 2198 expergefactus
1267 2107 1618 2187 clamaret,
1679 2109 1779 2176 vir
1821 2110 1932 2177 Dei
1969 2110 2422 2177 exanimatam
2482 2124 2788 2185 matrem,
2821 2105 2887 2192 ej

442 2196 585 2266 latu
618 2198 851 2266 omnia
891 2197 1372 2286 complentem,
1404 2218 1525 2265 nec
1555 2219 1694 2283 quo
1720 2219 1792 2266 se
1826 2210 2107 2266 verteret
2141 2199 2495 2279 scientem,
2538 2198 2628 2265 ad
2666 2197 2824 2286 majo
2854 2222 2894 2254 ιι

438 2286 798 2356 ecclesiam
844 2286 940 2355 ire
987 2286 1220 2372 ibique
1256 2291 1532 2354 Matrem
1574 2287 2203 2355 misericordiarum
2232 2286 2468 2355 devote
2510 2309 2707 2355 orare
2741 2281 2917 2375 jussit

438 2379 599 2465 Ipsa
639 2386 722 2455 ce,
758 2375 1002 2463 inquit,
1057 2399 1092 2444 o
1130 2377 1399 2459 mulier,
1435 2375 1820 2466 adsummi&
1853 2398 2010 2445 cum
2049 2374 2191 2455 illa,
2230 2376 2428 2462 quasi
2481 2377 2599 2446 Dei
2654 2372 2842 2445 nunci
2890 2400 2896 2428 ι

438 2452 836 2545 audivisset,
874 2478 1199 2553 pergeret,
1241 2465 1383 2553 ipse
1411 2464 1493 2533 ad
1539 2465 1819 2533 furnum
1854 2464 2187 2533 accedens
2238 2487 2530 2554 puerum
2576 2487 2658 2533 ex
2693 2485 2925 2533 maxtw·

440 2554 744 2643 periculo
793 2567 1168 2622 extractum
1223 2553 1430 2643 paulo
1539 2567 1644 2623 ost
1710 2553 1793 2621 ad
1849 2554 2025 2621 idern
2083 2553 2413 2643 templum
2458 2554 2770 2633 adduxit,

437 2643 659 2729 trique
708 2664 872 2711 suae
906 2643 1170 2713 salvum
1220 2654 1284 2711 et
1334 2643 1488 2710 inco
1525 2663 1727 2711 umen
1796 2642 2114 2711 reddidit.
2170 2648 2505 2722 Ceterum,
2562 2665 2718 2711 cum
2752 2642 2903 2729 just·-

426 2732 665 2820 judex‚
721 2736 920 2811 Deus,
975 2730 1296 2800 athletam
1334 2754 1537 2799 suum
1586 2743 1677 2800 tot
1706 2731 2005 2799 victoriis
2039 2732 2372 2801 illustrem
2418 2753 2655 2809 carne,
2703 2725 2933 2804 mund.

437 2819 712 2888 diabolo
743 2842 860 2910 per
897 2821 1006 2888 Dei
1042 2822 1329 2909 gratiam
1367 2819 1653 2900 devict0,
1691 2841 1942 2889 corona
1971 2820 2301 2906 justitiae,
2333 2842 2513 2906 quae
2552 2821 2650 2889 illi
2682 2822 2762 2889 ab
2790 2837 2873 2887 om
2890 2821 2925 2874 1⁵³

435 2910 829 2978 aeternitate
880 2910 1169 2997 reposita
1219 2921 1385 2988 erat,
1438 2931 1767 2978 coronare
1805 2909 2238 2991 decrevisset,
2294 2931 2712 2995 servumque
2753 2904 2890 2975 mult
2934 2941 2937 2944 ·

435 2997 707 3086 plicatis
741 2998 1010 3068 talentis
1054 2998 1498 3076 industrium,
1537 3011 1601 3066 et
1641 2998 1709 3065 in
1749 3021 1964 3087 pauca
1998 2998 2266 3066 fidelem
2312 3020 2526 3087 supra
2581 2998 2786 3066 multa
2813 3011 2906 3089 con

435 3087 737 3167 stituere,
774 3100 838 3156 et
886 3088 953 3155 in
990 3086 1320 3177 gaudium
1359 3085 1555 3155 vellet
1594 3088 1859 3155 Domini
1911 3089 2017 3157 sui
2067 3086 2525 3166 introducere,
2585 3089 2815 3156 beatus
2852 3085 2934 3178 1)]-

432 3174 648 3244 dacus
700 3177 765 3243 in
820 3189 1164 3245 senectute
1206 3177 1407 3255 bona,
1465 3176 1710 3264 plenus
1759 3175 2025 3245 dierum
2063 3190 2126 3245 et
2164 3197 2447 3260 operum
2503 3176 2851 3249 bonorum,
2879 3186 2926 3234 tn

433 3278 773 3334 conventu
813 3264 1281 3354 Complutensi
1328 3265 1383 3345 ²⁶,
1442 3264 1507 3332 in
1551 3286 1688 3351 quo
1740 3286 1958 3336 annos
2005 3264 2397 3352 complures
2444 3278 2548 3332 est
2596 3279 2930 3357 commora-

437 3366 566 3433 tuS‚
606 3354 675 3422 in
729 3375 1130 3444 supremum
1165 3354 1481 3423 morbum
1526 3353 1791 3430 incidit,
1833 3354 1899 3422 in
1952 3375 2088 3439 quo
2137 3352 2568 3421 incredibilis
2615 3354 2926 3441 patientiae

431 3443 820 3533 exemplum
868 3443 1205 3532 praebuit.
1250 3442 1560 3525 Quadam
1601 3456 1825 3511 autem
1882 3456 2075 3511 nocte
2106 3455 2290 3511 extra
2341 3463 2413 3510 se
2462 3455 2729 3530 raptus,
2767 3452 2924 3507 sensu

431 3533 621 3601 omni
669 3546 734 3601 et
766 3532 949 3601 vitali
991 3544 1178 3601 motu
1210 3531 1488 3610 amisso,
1530 3532 1622 3599 ita
1654 3544 1728 3601 ut
1767 3554 1805 3600 a
1857 3531 2121 3600 medico
2153 3544 2217 3599 et
2261 3531 2379 3616 qui
2421 3530 2785 3599 adstabant
2826 3525 2928 3591 fra-

432 3622 654 3692 tribus
704 3634 1015 3691 mortuus
1066 3621 1267 3711 plane
1314 3620 1725 3696 crederetur,
1792 3620 2061 3689 tandem
2128 3620 2345 3688 soluta
2381 3620 2653 3698 ecstasi,
2709 3631 2799 3685 ter
2841 3618 2925 3679 aut

430 3723 673 3797 quater
722 3711 887 3780 haec
924 3710 1126 3779 verba
1176 3709 1447 3778 locutus
1505 3723 1668 3777 estz·
1698 3714 1748 3778 0
1802 3713 2038 3799 ‹luales
2102 3709 2298 3798 flores
2348 3709 2540 3776 habet
2586 3696 2924 3799 paradisus!

431 3806 507 3869 In
563 3800 944 3890 profundae.
985 3821 1140 3868 vero
1181 3798 1594 3866 humilitatis
1627 3798 1936 3877 statione,
1993 3820 2213 3883 usque
2244 3796 2330 3865 ad
2380 3812 2754 3864 extremum
2797 3802 2924 3857 vitae

430 3890 754 3979 spiritum
806 3888 1162 3963 servanda,
1202 3889 1290 3956 ita
1326 3887 1571 3956 firmus
1624 3890 1963 3967 manebat,
2008 3888 2097 3955 ita
2143 3907 2483 3971 nusquam
2535 3885 2620 3952 de
2649 3904 2786 3983 'suo
2816 3878 2922 3945 loeo

430 3978 822 4057 decedebat,
854 3990 931 4046 ut
956 4000 1112 4046 cum
1152 3977 1392 4046 fratres
1420 3974 1681 4066 singuli
1717 3978 1803 4046 ab
1833 3998 1910 4043 eo
1941 3988 2239 4064 peterent
2268 3988 2344 4043 ut
2378 3996 2497 4063 pro
2532 3974 2698 4062 ipsts
2722 3975 2918 4038 oraret,

429 4069 576 4158 ipse
625 4080 861 4137 contra
909 4089 982 4135 se
1029 4088 1265 4135 eorum
1333 4065 1763 4135 orationibus
1814 4066 2247 4133 vehementer
2293 4061 2825 4136 commendabat,
2850 4060 2922 4151 ,οξ

429 4158 602 4246 ipsis
635 4178 755 4245 pro
789 4178 865 4224 eo
915 4161 1126 4224 Deum
1160 4155 1544 4233 orantibus,
1600 4155 1934 4223 bonorum
1980 4175 2266 4243 operum
2307 4152 2591 4231 fructuS,
2630 4166 2815 4236 quem
2847 4137 2918 4207 ¹1¹¹

430 4248 501 4313 in
552 4257 824 4313 sanctae
853 4244 1229 4333 Religionis
1262 4244 1696 4312 observantia
1724 4242 2269 4321 cumulaverant,
2306 4241 2438 4311 sibi
2472 4258 2736 4328 quoque
2763 4257 2796 4301 a
2821 4236 2919 4299 Deo

431 4334 1083 4413 communicaretur,
1129 4347 1332 4419 atque
1381 4334 1471 4403 ita
1524 4333 2064 4403 misericordiam
2100 4334 2525 4421 impetraret.

488 4457 511 4483 ¹³
542 4453 730 4495 Scilicet
753 4454 799 4494 in
828 4458 979 4499 Δὶοαῖἁ
1000 4461 1051 4498 de
1068 4460 1283 4499 Henarez.
