2993 4837
531 350 655 414 ’168
1286 365 1363 409 ni:
1412 364 1466 410 s.
1524 360 1763 408 cAnoLo
1812 361 2143 408 nonnouzo
2695 344 2852 410 Not.
2899 346 2923 409 4

439 449 812 521 multitudo
849 461 993 519 erat
1043 449 1109 517 in
1169 448 1480 518 Comensi
1539 460 1776 538 porta,
1833 468 1971 533 qua
2018 468 2186 515 cura
2235 445 2423 516 illius
2479 447 2925 523 continebatur,

441 553 666 631 partes
715 561 875 608 suas
908 537 995 607 ab
1046 536 1241 605 initio
1274 558 1494 623 usque
1538 535 1962 605 misericordi
2003 534 2295 622 fortique
2329 536 2561 604 animo
2601 536 2751 625 egit.

528 636 565 710 ἓ
615 631 780 700 40.
837 632 1015 696 Haec
1051 626 1143 696 ita
1191 648 1350 695 cum
1387 636 1639 703 essent,
1678 646 2036 694 summum
2089 624 2482 693 Pontificem
2530 624 2659 693 sibi
2713 624 2773 692 in
2826 624 2939 711 pri·

439 718 573 787 mis
605 716 1107 786 consulendum
1144 713 1424 784 Carolus
1459 714 1717 793 statuit;
1768 735 1985 799 neque
2031 714 2214 781 enim
2253 713 2481 781 adhuc
2523 718 2766 783 Romae
2800 712 2934 781 refu·

439 806 760 875 tabantur
811 805 1067 873 litterae
1101 802 1660 872 Mediolanenses,
1698 801 1872 884 Quid
1910 802 1994 869 de
2032 801 2347 892 parochis
2380 802 2721 892 agendum
2768 814 2932 877 esset,

438 917 559 986 per
604 894 966 964 Carniliam
1020 892 1408 962 consuluit:
1469 891 1777 981 quidque
1832 891 1975 979 ipse
2023 913 2102 959 ex
2165 891 2435 980 piorum
2486 890 2939 977 doctorumque

436 984 737 1052 virorum
784 981 1110 1051 sententia
1164 981 1604 1060 existimaret,
1649 980 1983 1069 exposuit.
2031 979 2423 1057 Postulavit,
2464 993 2540 1049 ut
2580 981 2888 1049 auctorita

438 1072 789 1141 Pontificia
842 1084 1068 1161 posset
1114 1070 1432 1139 homines
1481 1069 1865 1158 regulare3‚
1924 1090 2098 1155 quos
2147 1067 2326 1137 mala
2380 1081 2604 1137 mente
2662 1068 2914 1136 claustri

439 1162 585 1231 suis
633 1161 714 1229 ad
753 1160 882 1230 tale
929 1159 1362 1245 obsequium,
1421 1158 1945 1247 periculumque
1973 1158 2154 1225 exire
2196 1156 2387 1236 velle,
2438 1158 2804 1226 verisimile
2835 1179 2939 1224 non

439 1262 615 1327 erat;
679 1248 1074 1335 alienosque
1130 1246 1438 1327 clericos,
1492 1248 1693 1315 etiarn
1749 1268 2031 1315 suorum
2075 1246 2467 1316 Antistitum
2515 1248 2808 1334 injussu,
2855 1266 2939 1385 vo]

442 1338 656 1408 lentes
704 1352 953 1417 tamen,
1008 1336 1091 1405 ad
1145 1349 1574 1424 aegrotorum
1628 1335 2084 1403 ministerium
2138 1335 2532 1404 admittere:
2599 1335 2782 1403 varia
2824 1356 2924 1423 apo

442 1427 720 1496 stolicae
760 1424 1230 1512 indulgentiae
1260 1445 1532 1513 genera,
1568 1425 1769 1493 etiam
1807 1445 1982 1510 quae
2005 1445 2275 1492 summa
2325 1438 2510 1504 sunt,
2545 1446 2671 1513 pro
2700 1423 2933 1499 ratione,

440 1516 779 1601 modoque
811 1514 1146 1601 obsequii,
1213 1513 1678 1593 ministeriive,
1744 1513 1826 1581 iis
1869 1534 2267 1602 proponere,
2310 1536 2388 1582 ac
2439 1514 2805 1600 impartiri,
2847 1511 2934 1598 qui

442 1626 801 1694 aegrorum
833 1604 1196 1681 curationi,
1236 1602 1577 1688 salutique
1625 1602 1839 1670 animi
1880 1614 1944 1669 et
1978 1601 2285 1690 corporis
2321 1602 2503 1670 varie
2535 1602 2932 1671 inservirent:

440 1693 706 1762 veniam
755 1691 1257 1781 poenitentibus
1289 1712 1892 1777 quorumcumque
1938 1691 2311 1759 criminum
2366 1689 2555 1771 dare,
2602 1704 2671 1760 et
2701 1690 2890 1777 quibu

440 1780 602 1850 libet
640 1782 913 1850 animae
948 1778 1240 1849 vinculis
1272 1801 1501 1848 sacros
1553 1779 1866 1847 homines
1903 1779 2211 1851 liberare:
2251 1800 2545 1865 quorum
2607 1801 2842 1849 caussa
2878 1801 2904 1845 a

439 1875 786 1939 Romanae
834 1870 1025 1937 Sedis
1075 1868 1541 1937 auctoritatem
1587 1868 1955 1957 confugere
2007 1889 2281 1938 necesse
2327 1883 2466 1936 est:
2523 1870 2800 1937 coronis
2851 1889 2906 1935 ca

438 1958 749 2045 culisque
792 1959 1228 2037 benedicere,
1281 1958 1538 2043 quibus
1603 1970 1954 2046 precantes
2017 1957 2200 2024 varia
2280 1956 2759 2046 indulgentiae
2802 1957 2906 2024 don

439 2060 1061 2134 consequerentur;
1123 2046 1471 2116 consuluit
1522 2046 1679 2114 item
1713 2101 1727 2125 ,
1792 2068 1878 2114 an
1939 2045 2023 2114 ad
2080 2067 2412 2135 pauperes
2467 2046 2934 2123 sublevandoe,

439 2136 636 2205 bonis
678 2136 760 2204 ad
798 2137 969 2205 alios
1002 2136 1148 2225 pios
1198 2158 1369 2204 usus
1413 2134 1687 2210 relictis,
1742 2150 1806 2202 et
1851 2147 2214 2221 quatenus,
2273 2136 2373 2203 uti
2422 2135 2741 2215 deberet,
2789 2149 2845 2202 et

438 2224 521 2294 de
559 2248 627 2293 re
663 2226 1047 2294 facultatem
1104 2225 1314 2313 petiit,
1353 2224 1557 2292 etiam
1603 2225 1657 2291 si
1691 2223 2100 2292 alienatione
2138 2223 2474 2292 bonorum
2515 2222 2888 2292 immobiliu

439 2337 614 2403 opus
656 2328 863 2392 esset;
930 2314 1183 2382 litteras
1237 2333 1512 2399 quoque
1565 2312 1952 2381 Pontificias
2009 2312 2092 2380 ad
2159 2312 2518 2401 populum,
2579 2315 2832 2399 quibus
2879 2332 2907 2377 a

440 2403 895 2472 calamitatem
924 2401 1297 2471 christiana
1331 2414 1554 2470 monte
1587 2401 2087 2482 sustinendam,
2120 2415 2184 2470 et
2217 2401 2297 2469 ad
2336 2402 2702 2472 charitatis
2734 2400 2886 2470 offici

440 2494 663 2583 aegris
703 2505 1011 2560 amanter
1046 2490 1475 2580 praestanda,
1531 2491 2081 2559 incenderentur.
2143 2496 2506 2570 Praeterea,
2544 2514 2690 2577 quo
2754 2487 2911 2559 mort'

441 2603 675 2649 casum
728 2581 913 2648 omni
954 2581 1211 2648 ratione
1249 2580 1560 2648 leviorem
1617 2580 1698 2648 iis
1750 2579 2017 2660 faceret,
2080 2601 2253 2665 quos
2302 2578 2385 2647 ad
2442 2578 2888 2649 ministrandu

441 2668 596 2737 aliis
624 2668 972 2746 invitabat,
1031 2668 1415 2757 postulavit,
1473 2680 1546 2736 ut
1582 2668 1802 2737 Missis
1856 2670 1920 2735 in
1960 2667 2208 2738 sacello
2249 2670 2465 2737 sancti
2517 2669 2824 2758 Gregorii
2870 2665 2893 2733 f

440 2756 724 2837 ciendis,
768 2758 854 2824 ita
895 2757 1180 2825 mortuis
1231 2757 1594 2844 suffragari
1643 2757 2026 2826 sacerdotes
2070 2771 2364 2845 possent,
2421 2770 2493 2825 ut
2542 2758 2672 2844 qui
2737 2764 2910 2826 Roma

442 2846 509 2912 in
547 2846 797 2934 insigni
849 2845 963 2913 illo
998 2846 1190 2913 altari
1253 2846 1470 2914 sancti
1524 2847 1828 2934 Gregorii
1870 2845 2151 2914 faciunt.
2218 2845 2712 2916 concessiones
2758 2857 2890 2915 aute
2923 2923 2932 2938 ,Ἴ

438 2953 577 3002 non
617 2935 744 3002 sibi
784 2947 1071 3011 tantum,
1111 2934 1224 3003 cui
1257 2934 1516 3022 aliquid
1561 2935 1962 3003 humanitus
2003 2934 2312 3004 accidere
2362 2949 2651 3024 poterat,
2709 2934 2819 3004 sed
2854 2931 2918 2999 ali

439 3044 734 3109 quoque,
800 3024 916 3110 qui
977 3023 1043 3090 in
1106 3023 1431 3092 ecclesiae
1498 3022 2090 3092 administratione
2160 3023 2576 3112 succederet,
2650 3021 2929 3114 poposcit

438 3115 720 3180 Demum
759 3112 1044 3202 supplex
1092 3112 1299 3200 petiit,
1337 3111 1673 3198 quidquid
1713 3112 1776 3179 in
1814 3112 1998 3180 omni
2036 3133 2204 3180 cura
2250 3127 2313 3182 et
2352 3113 2932 3183 administratione.

438 3223 644 3288 quam
683 3202 812 3270 sibi
851 3214 1294 3291 proposuerat
1325 3200 1833 3290 aggrederetur,
1870 3214 1935 3269 et
1968 3200 2238 3282 faceret,
2297 3202 2364 3269 id
2403 3214 2477 3269 ut
2516 3201 2720 3282 bene,
2771 3197 2910 3269 felici

438 3303 669 3376 terque
702 3290 831 3358 sibi
890 3291 1182 3376 aliisque
1238 3293 1557 3364 eveniret,
1614 3313 1934 3358 summus
1982 3296 2173 3359 Pater
2229 3303 2662 3379 precaretur:
2708 3306 2910 3375 etqua

438 3401 560 3469 pro
594 3379 746 3446 aliis
791 3379 1042 3458 venias,
1081 3379 1572 3465 facultatesque
1613 3379 1897 3466 petebat,
1937 3402 2052 3448 eas
2110 3379 2342 3448 itidem
2382 3379 2509 3448 sibi
2538 3379 2788 3468 jubere
2823 3395 2914 3465 pos

437 3481 534 3536 set
567 3467 900 3536 adhiberi.
940 3467 1192 3535 Annuit
1223 3465 1522 3536 Pontifex
1560 3468 1773 3536 Caroli
1838 3467 2220 3557 postulatiS,
2266 3468 2402 3536 alia
2457 3467 2703 3537 litteris
2743 3449 2939 3564 quam-l

438 3557 739 3646 primum
796 3555 1144 3625 mittendis
1194 3557 1711 3646 comprehendi3
1751 3556 1886 3625 alia
1917 3556 2372 3625 consultanda
2413 3558 2751 3626 Caruiliae
2787 3571 2932 3621 man·

436 3645 641 3725 davit,
682 3645 799 3730 qui
836 3657 1054 3712 tamen
1099 3657 1461 3730 antequam
1503 3668 1579 3713 ea
1633 3645 2156 3727 conficerentur,
2199 3647 2300 3713 vii·
2337 3646 2666 3734 optimus,
2722 3644 2932 3735 optirno

439 3735 609 3802 vitae
659 3734 792 3802 fine
843 3733 1189 3818 requievit.
1235 3734 1360 3802 Sed
1399 3735 1749 3822 rescripsit
1786 3736 1974 3823 prius
2018 3734 2364 3804 Pontificis
2403 3735 2650 3814 verbis,
2698 3731 2934 3803 laudare

435 3844 504 3891 se
539 3822 755 3891 Caroli
789 3823 1128 3901 animum,
1174 3834 1312 3890 tum
1368 3838 1554 3892 metu
1585 3845 1901 3902 vacuum,
1945 3838 2085 3892 tum
2123 3846 2279 3892 vero
2307 3823 2568 3891 ardenti
2615 3825 2928 3914 incensum

433 3912 758 3979 charitate
812 3911 1038 4000 gregis
1106 3912 1237 3990 sui,
1292 3933 1492 3997 quem
1551 3913 1749 3980 sicuti
1814 3912 2003 3981 nullo
2071 3914 2272 3983 modo
2325 3913 2746 3990 deterrebat,
2799 3925 2928 3994 qutss

435 4022 757 4088 praesens
790 4002 1101 4068 omnium
1140 4000 1342 4068 saluti
1380 4001 1744 4090 diligenter
1774 4001 2133 4070 consulere
2167 4001 2487 4080 studeret,
2529 4003 2617 4069 ita
2663 3995 2928 4090 hortaba-

436 4101 567 4168 tur,
605 4111 687 4156 ne
723 4090 865 4177 ipse
902 4089 1016 4156 illa
1045 4088 1239 4157 facile
1273 4111 1429 4158 cum
1465 4090 1635 4158 vitae
1674 4090 1976 4179 periculo
2003 4091 2241 4170 obiret,
2274 4091 2530 4177 quibus
2559 4082 2930 4181 exequendm

434 4175 727 4244 aliorum
781 4200 982 4266 opera
1037 4177 1402 4258 sufficeret:
1445 4180 1817 4247 maximum
1878 4180 2062 4247 enim
2121 4181 2495 4249 immensae
2545 4173 2923 4247 multitudini

436 4266 880 4353 praesidium,
923 4268 988 4332 in
1023 4268 1170 4354 ejus
1205 4268 1333 4335 vita
1370 4290 1518 4336 esse
1558 4269 1879 4357 positum,
1918 4290 2094 4354 quae
2146 4270 2196 4338 si
2234 4268 2571 4348 deficeret,
2603 4265 2838 4336 omnia.
2872 4269 2924 4324 ut

434 4353 815 4427 videbatur,
862 4355 1243 4423 miserrima
1278 4369 1502 4445 strage
1541 4357 1877 4445 perculsa,
1923 4371 1987 4425 et
2020 4371 2353 4447 prostrata
2391 4357 2550 4425 foro.
2846 4435 2855 4445 ·

526 4448 562 4520 ἓ
616 4445 753 4511 M.
796 4446 1022 4525 Neque
1061 4464 1179 4529 pro
1215 4465 1335 4511 sua
1372 4457 1660 4523 tantum,
1718 4445 1831 4514 sed
1889 4469 2009 4535 pro
2059 4447 2212 4516 aliis
2262 4467 2534 4533 quoque
2587 4441 2918 4533 provinciae
