2993 4837
36 355 179 419 Not.
231 354 312 416 22
674 373 749 418 oz
800 373 852 416 s.
898 371 1185 419 cxssutmx
1235 375 1522 418 maurinu
1569 375 1644 418 m·
1692 375 1860 420 Auis
2319 358 2446 421 6:39

36 454 163 524 adeo
214 468 354 524 erat
399 455 722 542 eliquata,
776 470 849 524 ut
898 476 1033 524 non
1080 470 1306 545 posset
1351 454 1574 525 celare
1621 456 1850 526 cordis
1899 455 2009 525 sui
2058 456 2526 537 desiderium,

35 558 74 613 et
109 542 278 629 quod
328 543 544 613 solius
600 544 847 613 Christi
903 546 1275 615 Servatoris
1323 559 1523 633 capta
1569 558 1715 615 erat
1768 548 2045 626 amore,
2099 545 2533 635 significabat

35 633 261 720 proprie
307 631 840 721 aenigmatibus,
896 637 1038 702 Non
1091 631 1305 703 multo
1357 647 1505 722 post
1551 646 1781 703 autem
1843 635 2023 703 venit
2062 633 2232 713 dies,
2275 634 2344 702 in
2395 655 2533 721 quo

35 734 267 819 paratus
299 734 443 791 erat
478 720 823 790 thalamus
855 744 869 788 :
922 735 987 791 et
1019 744 1175 791 cum
1211 735 1387 792 esset
1419 722 1834 811 symphonia
1882 722 2524 801 instrumentorum,

35 809 114 878 tta
158 810 223 878 in
278 809 485 880 corde
534 831 660 879 suo
710 808 838 879 soli
900 814 1032 879 Deo
1068 808 1441 900 psallebat;
1495 810 1783 880 dicens:
1839 813 2018 892 Fiat,
2071 814 2368 891 Domine,
2424 836 2534 881 σοι·

35 921 205 967 neum
234 910 297 967 et
321 922 562 989 corpus
592 922 813 968 meum
842 901 1354 968 immaculatum
1381 902 1451 967 in
1477 902 1612 968 tuis
1636 902 2257 991 justificatz'onibuS,
2295 912 2370 969 ut
2401 924 2530 969 non

36 989 235 1056 audere
273 988 540 1077 afficiar
573 989 711 1076 (Px.
752 987 930 1075 418).
971 993 1250 1057 Manens
1284 1000 1515 1057 autem
1541 989 1807 1077 jejuna,
1847 988 2023 1058 duos
2063 1003 2182 1058 aut
2212 1002 2346 1058 tres
2381 988 2531 1058 dies

35 1076 217 1145 icibo
247 1076 619 1146 abstinuit:
664 1077 993 1165 jejunans
1032 1089 1259 1146 autem
1291 1089 1356 1145 et
1387 1099 1618 1155 oranS,
1661 1077 1960 1166 seipsam
1996 1077 2530 1147 commendabat

35 1165 309 1245 Domino,
365 1165 690 1255 precibus
749 1171 842 1233 An
898 1164 1037 1235 elos
1086 1165 1357 1235 Domini
1421 1165 1828 1247 invocabat,
1899 1166 2227 1254 lacrymis
2292 1188 2528 1255 preca-

35 1258 188 1322 batur
230 1253 605 1342 Apostolos,
644 1267 708 1323 et
746 1275 864 1323 ora
917 1268 985 1324 at
1021 1276 1261 1325 omnes
1297 1267 1568 1324 sanctas
1610 1254 1857 1325 Christi
1900 1253 2214 1336 ancillas,
2255 1267 2330 1324 ut
2376 1277 2524 1323 eam

35 1342 473 1499 Erguti-rmarent
504 1343 650 1413 suis
690 1343 1339 1432 supplicationibuS,
1381 1344 1761 1414 castitatem
1797 1365 1995 1414 suam
2033 1344 2532 1413 commendans

103 1452 288 1501 mino.
967 1450 991 1471 ⁰

92 1521 120 1605 ξ
157 1523 240 1591 8.
278 1525 646 1607 Postquam
682 1533 909 1589 autem
946 1519 1112 1587 haec
1160 1517 1338 1589 facta
1376 1533 1562 1600 sunt,
1622 1543 1752 1590 nox
1785 1521 2015 1590 venit:
2074 1520 2139 1588 in
2190 1542 2328 1607 qua
2367 1542 2524 1590 cum

35 1627 124 1675 tuo
163 1630 407 1698 sponso
444 1611 514 1677 in
557 1622 868 1697 separato
907 1606 1229 1677 cubiculo
1277 1608 1573 1695 quietem
1628 1622 1827 1679 nacta
1874 1623 1938 1679 et
1978 1607 2371 1688 silentium,
2430 1609 2528 1678 sic

35 1714 148 1764 min
191 1711 285 1767 est
317 1697 658 1768 allocuta:
716 1720 749 1763 «
782 1695 1188 1767 Dulcissime
1236 1710 1299 1766 et
1346 1698 1702 1767 carissime
1735 1698 2158 1771 adolescens,
2197 1710 2300 1767 est
2353 1697 2522 1766 mihi

35 1804 333 1868 arcanum,
368 1786 555 1874 quod
595 1785 715 1855 tibi
749 1785 1078 1873 aperiam,
1134 1785 1193 1853 si
1231 1796 1299 1855 tu
1324 1785 1776 1885 jurejurando
1827 1785 1998 1855 mihi
2047 1785 2521 1863 affirmaveris,

35 1876 304 1944 teomnia
341 1875 827 1944 celaturum.»
879 1874 952 1942 Ei
983 1886 1211 1942 autem
1254 1875 1514 1964 juravit
1545 1874 1697 1963 ejus
1745 1896 2044 1964 sponsus
2094 1873 2521 1952 Valerianus,

35 1960 118 2055 sed
150 1961 206 2031 id
236 1964 411 2051 quod
465 1961 847 2043 dicebatur,
895 1961 1105 2031 nullis
1145 1963 1428 2032 omnino
1479 1962 1749 2032 insidiis
1788 1963 2220 2052 proditurum
2249 2018 2264 2043 ,
2308 1985 2527 2049 neque

35 2046 81 2114 td
126 2072 252 2121 esse
301 2064 704 2143 aperturum
740 2106 755 2130 ,
816 2071 1253 2138 quacumque
1302 2065 1660 2141 cogeretur
1709 2052 2129 2121 necessitate.
2177 2057 2366 2122 Tunc
2407 2052 2527 2121 illa

36 2140 350 2225 respondit,
390 2141 680 2210 dicens:
737 2163 773 2207 «
805 2139 967 2209 Volo
1004 2152 1063 2207 te
1110 2138 1308 2221 scire,
1365 2163 1472 2209 me
1505 2140 1836 2230 Angelum
1891 2140 2005 2209 Dei
2056 2140 2309 2210 habere
2355 2141 2524 2210 ami-

37 2232 320 2316 eum,qui
361 2251 644 2299 summo
675 2230 817 2297 zelo
848 2249 1099 2317 corpus
1151 2250 1377 2298 meum
1427 2229 1747 2298 custodit.
1795 2234 1861 2298 Is
1901 2230 1959 2300 si
2004 2229 2100 2298 vel
2155 2229 2521 2298 minimum

42 2309 203 2384 suerit
237 2320 650 2409 suspicatus,
687 2317 866 2404 quod
905 2330 978 2386 tu
1027 2316 1282 2386 incesto
1334 2339 1439 2387 me
1487 2339 1721 2386 amore
1773 2316 2063 2406 polluaS,
2108 2318 2276 2387 iram
2324 2339 2521 2387 suani

40 2403 295 2499 protinus
330 2408 397 2477 in
443 2421 508 2477 te
542 2406 887 2488 accendet,
922 2417 986 2476 et
1019 2404 1349 2496 elegantis
1390 2420 1545 2476 tuae
1566 2407 1949 2496 juventutis
1984 2407 2219 2477 florem
2262 2406 2516 2497 perdet.

36 2491 124 2558 Sin
151 2509 353 2566 autem
391 2495 809 2597 cognoverit,
866 2495 1043 2583 quod
1083 2502 1158 2564 tu
1191 2495 1492 2585 simplici
1525 2509 1591 2565 et
1632 2496 2073 2566 immaculato
2111 2495 2246 2564 mei
2293 2518 2525 2565 amore

35 2585 294 2666 tenearis,
346 2600 410 2656 et
446 2584 905 2674 virginitatem
944 2605 1164 2651 meam
1203 2586 1539 2673 integram
1573 2597 1637 2653 et
1673 2585 2104 2672 impollutam
2142 2583 2516 2660 custodias,

35 2679 74 2733 le
100 2669 255 2741 sicut
291 2697 395 2744 me
430 2673 695 2763 diliget,
739 2685 803 2742 et
836 2670 1142 2742 ostendet
1185 2672 1305 2742 tibi
1340 2696 1538 2742 suam
1574 2674 1891 2763 gratiam.
1924 2698 1959 2740 »
2001 2678 2188 2743 Tunc
2225 2673 2520 2742 Valeria-

35 2775 150 2836 nus,
188 2762 294 2830 Dei
342 2775 523 2832 nutu
554 2816 569 2842 ,
620 2763 859 2830 timore
898 2761 1180 2829 affectus
1211 2815 1225 2842 ,
1281 2761 1489 2831 dicit:
1547 2785 1582 2828 «
1622 2763 1687 2832 Si
1743 2763 1863 2840 vis,
1912 2784 1950 2830 o
1991 2763 2393 2838 carissima,
2449 2776 2525 2830 ut

35 2846 252 2918 credam
302 2851 384 2920 iis
436 2872 617 2938 quae
655 2850 852 2933 dicis,
891 2848 1170 2920 ostende
1204 2849 1375 2918 mihi
1419 2851 1648 2940 ipsum
1685 2849 2013 2938 Angelum
2049 2875 2064 2928 ;
2117 2865 2181 2920 et
2229 2851 2285 2919 si
2322 2850 2522 2919 intel-

35 2928 207 3029 lexero
230 2959 382 3008 eum
417 2960 571 3009 esse
605 2960 837 3008 verum
874 2937 1233 3024 Angelum,
1273 2937 1518 3008 faciam
1560 2960 1736 3025 quae
1771 2938 2064 3008 hortaris
2097 2962 2109 3005 :
2150 2939 2254 3007 sin
2291 2951 2515 3008 autem

35 3017 201 3093 alium
250 3028 473 3097 virum
532 3050 749 3108 amas,
792 3040 854 3096 et
908 3041 967 3095 te
1013 3039 1078 3095 et
1120 3025 1317 3096 illum
1359 3049 1521 3096 ense
1567 3027 1901 3097 occidam.
1944 3050 1991 3092 »-
2030 3031 2215 3096 Tunc
2248 3025 2414 3095 dicit
2459 3028 2517 3094 ei

35 3105 182 3181 beata
226 3116 511 3186 Caecilia
545 3143 558 3182 2
613 3140 648 3182 «
685 3117 751 3185 Si
803 3115 902 3183 vis
938 3115 1107 3185 meis
1159 3118 1395 3203 parere
1433 3114 1766 3196 consiliiS,
1806 3138 1844 3184 o
1886 3115 2242 3184 carissime
2289 3114 2520 3185 adole-

35 3215 209 3291 spens,
258 3218 321 3274 et
356 3204 701 3294 polliceris
743 3217 804 3274 te
852 3225 998 3272 esse
1036 3204 1467 3294 expiaturum
1516 3218 1788 3275 aeterno
1848 3204 2114 3273 lavacro
2164 3226 2520 3294 regenera-

35 3289 212 3368 nonis,
264 3305 327 3362 et
358 3293 584 3362 credis
641 3293 705 3360 in
744 3315 962 3363 unum
1001 3315 1236 3362 verum
1275 3297 1511 3373 Deum,
1555 3294 1677 3379 qui
1720 3293 1878 3362 vivit
1922 3293 1986 3360 in
2023 3292 2230 3362 coelis
2260 3347 2274 3374 ‚
2333 3306 2520 3381 potes

35 3389 152 3443 eum
199 3381 665 3471 contemplari.
712 3405 746 3446 »
810 3381 977 3450 Dicit
1032 3381 1091 3450 ei
1142 3381 1590 3451 Valerianus:
1646 3404 1680 3447 ‹<
1719 3386 1795 3450 Et
1850 3381 2007 3468 quis
2054 3395 2198 3462 est,
2257 3381 2376 3467 qui
2413 3403 2521 3449 me

36 3465 302 3548 ffirmabit,
342 3483 413 3538 ut
445 3494 569 3559 ego
613 3469 877 3538 videam
917 3469 1305 3561 Angelum?
1339 3493 1373 3537 »
1424 3470 1802 3559 Respondit
1843 3469 2154 3550 Caecilia,
2195 3482 2258 3538 et
2305 3469 2511 3539 dixit:

35 3554 175 3621 tEst
218 3578 413 3627 senex
466 3559 529 3626 in
566 3559 868 3645 quodam
920 3557 1087 3639 loco,
1141 3560 1262 3644 qui
1314 3558 1549 3648 pulcre
1597 3559 1684 3628 sit
1722 3580 2018 3648 purgare
2053 3559 2390 3640 liomineS,
2447 3573 2520 3627 ut

35 3634 366 3714 'efficiantur
414 3646 605 3736 digni
677 3649 796 3734 qui
847 3647 1244 3717 intueantur
1289 3647 1600 3736 Angelos,
1642 3671 1676 3713 »
1725 3648 1899 3717 Dixit
1951 3647 2012 3716 ei
2069 3647 2514 3716 Valerianus:

35 3730 143 3796 *Et
171 3734 280 3801 ubi
317 3757 637 3821 quaeram
690 3758 815 3826 ego
855 3757 1011 3804 eum
1052 3737 1337 3804 senem?
1372 3759 1407 3802 »
1458 3741 1588 3806 Res
1642 3736 1835 3806 ondit
1883 3735 2167 3805 Caecilia
2201 3762 2215 3801 2
2271 3759 2304 3801 «
2340 3737 2520 3804 Vade

35 3811 92 3910 acl
126 3822 379 3893 tertium
434 3824 727 3915 lapidem
781 3848 820 3893 a
868 3824 1134 3894 civitate
1186 3823 1290 3893 via
1355 3847 1532 3911 quae
1632 3825 1833 3895 icitur
1879 3825 2140 3914 Appia;
2195 3824 2289 3893 ibi
2335 3825 2519 3893 inve-

35 3919 145 3972 ntes
177 3930 498 4000 pauperes
539 3915 655 4001 qui
704 3914 954 3983 victum
997 3927 1232 4002 petunt
1264 3936 1304 3982 a
1336 3914 1883 3983 transeuntibus:
1918 3914 2002 3982 ab
2036 3913 2118 3981 iis
2148 3913 2329 3981 enim
2362 3935 2514 3982 sunt

35 4008 228 4065 curata
262 4053 276 4079 ,
327 4003 444 4087 qui
491 4003 767 4088 quidem
830 4015 991 4072 sunt
1056 4001 1266 4092 hujus
1316 4005 1446 4070 mei
1515 4004 1747 4071 arcani
1818 4002 2206 4091 participes.
2273 4005 2398 4069 Eos
2451 4017 2522 4098 tu

35 4085 266 4160 quando
312 4090 582 4173 videris,
636 4091 834 4161 dabis
879 4091 979 4159 eis
1030 4112 1248 4158 meam
1302 4090 1872 4171 benedictionem,
1919 4090 2192 4160 dicens:
2233 4087 2519 4157 Caecilia

36 4183 119 4235 me
155 4175 326 4246 misit
371 4179 453 4248 ad
507 4201 645 4260 voS,
688 4192 764 4249 ut
795 4178 1166 4249 ostendatis
1202 4179 1369 4248 mihi
1405 4193 1718 4249 sanctum
1773 4202 2002 4249 senem
2060 4178 2405 4247 Urbanum
2444 4176 2510 4240 *z

75 4361 90 4380 ⁹
115 4363 201 4406 Non
226 4371 456 4415 Urbanum
488 4377 555 4426 Pp
600 4378 645 4420 1,
676 4377 757 4423 qui
792 4377 997 4424 temporo
1032 4376 1280 4415 Alexandri
1316 4373 1473 4415 severi
1518 4372 1815 4423 imperatori·
1848 4377 2032 4422 floruit,
2071 4385 2232 4414 verum
2267 4371 2518 4420 quemdam

36 4409 230 4460 Urbanum
256 4425 542 4477 Episcopum,
569 4430 652 4477 qui
680 4430 799 4478 apud
836 4430 1044 4472 Romam,
1073 4427 1121 4467 in
1152 4427 1334 4468 Callisti
1366 4429 1611 4475 sepulcris,
1631 4429 1819 4468 latebat.
1838 4431 2016 4468 Horum
2038 4429 2309 4468 Antistitum
2330 4425 2522 4464 nomina

37 4465 148 4509 timul
174 4478 350 4518 contusa
367 4481 509 4522 suisne
528 4483 761 4522 videntur.
789 4483 860 4522 Ita
880 4479 1184 4522 doctissimus
1207 4484 1270 4521 Dc
1290 4483 1437 4526 Bessi,
1457 4484 1506 4522 in
1528 4484 1663 4522 Roma
1686 4484 1884 4527 subter-r„
1903 4485 2031 4522 Tem.
2055 4483 2114 4523 11.
