2993 4837
33 310 178 376 tov.
239 311 329 375 ⁴9
541 328 621 375 na
668 328 723 375 s.
777 324 1151 387 ansanum,
1205 327 1387 375 nauis
1437 327 1804 377 nuncnunc
1851 328 2020 376 mult
2340 312 2469 376 587

33 412 413 483 Dominicae
453 412 793 503 passionis
835 412 1042 482 veluti
1094 434 1425 482 mucrone
1471 412 1798 499 qmdam,
1843 412 2098 481 vulnus
2159 433 2359 503 agere
2405 433 2559 484 coe-

33 503 134 591 pit,
205 523 438 589 eaque
495 501 772 571 sibimet
836 501 1163 601 deinceps
1226 501 1599 571 vindicare.
1668 500 1794 571 Sed
1845 502 2008 588 quia
2077 500 2393 571 virtutem
2456 523 2558 572 se-

33 592 240 678 quitur
293 589 558 659 invidia
588 645 603 671 ,
655 603 721 659 et
754 591 1227 660 innocenttum
1282 590 1414 661 vita
1465 590 1775 679 reprobis
1821 611 2094 679 semper
2137 612 2285 659 esse
2318 589 2559 679 despe-

33 680 138 749 :tui
188 680 395 760 solet,
449 701 568 749 coe
619 701 732 748 ere
781 678 1099 748 nonnulli
1146 701 1227 748 ex
1273 679 1522 748 aulicis
1573 691 1841 747 tenerae
1888 679 2175 769 virginis
2229 700 2560 747 verecun-

33 767 184 837 iiam
209 767 498 859 injuriis
523 791 561 837 a
641 790 817 849 cere,
848 767 1179 837 lacessere
1204 766 1670 849 contumeliis,
1695 766 2004 837 mordere
2030 767 2548 847 scommatibus,

33 855 321 927 :lanculo
371 878 677 947 carpere,
722 870 925 943 atque
968 856 1193 945 palam
1232 856 1620 935 cachinniS,
1657 869 1856 936 nutu,
1890 855 2157 926 cavillis
2193 855 2553 926 incessere.

33 946 125 1015 llis
175 946 552 1016 accedebat
604 945 897 1035 Sophiae
943 957 1009 1013 et
1051 945 1325 1035 Agnetis
1374 943 1934 1035 supradictarum
1997 965 2245 1025 moreS,
2291 944 2376 1014 ab
2414 943 2554 1013 Eli—

33 1034 238 1104 mbeth
290 1035 688 1104 humilitate
756 1034 1191 1102 vehementer
1237 1033 1755 1122 discrepantes:
1809 1055 1970 1103 cum
2030 1032 2556 1122 haecseipsam

33 1121 399 1212 despiciens
432 1178 449 1205 ‚
505 1122 747 1192 mundi
814 1123 1179 1192 vanitatem
1219 1177 1234 1204 ‚
1291 1123 1632 1192 honorum
1682 1122 2200 1202 excellentiam,
2264 1122 2555 1191 vestium

33 1209 291 1296 gloriam
349 1235 478 1301 pro
525 1210 826 1281 sordidis
886 1211 1204 1291 haberet:
1258 1210 1416 1280 illae
1465 1232 1623 1280 vero
1677 1211 1746 1278 in
1794 1210 2220 1281 contrarium
2271 1231 2557 1299 prorsus

34 1298 305 1381 affectae,
341 1301 519 1369 nihil
557 1301 789 1369 minus
819 1322 1076 1380 amare,
1111 1300 1356 1379 colere,
1404 1298 1764 1388 praeferre,
1803 1322 2009 1386 quam
2043 1319 2220 1386 quae
2266 1311 2552 1378 amaret,

36 1386 275 1470 coleret,
334 1388 709 1478 praeferret
748 1388 1117 1471 Elisabeth,
1174 1388 1620 1458 videbantur:
1675 1388 1842 1457 haec
1878 1402 2349 1477 praeterquam
2395 1392 2551 1467 Deo,

37 1474 273 1575 placere
323 1478 592 1548 nemini
641 1491 954 1567 cuperet:
1009 1476 1167 1546 illae
1214 1490 1288 1547 ut
1341 1476 1600 1546 mundo
1642 1476 2007 1565 placerent,
2067 1477 2255 1566 parvi
2307 1475 2559 1545 referre

42 1563 393 1645 judicarent
431 1622 447 1647 ,
523 1567 580 1637 si
649 1571 780 1635 Deo
844 1565 1308 1654 displicerent.
1364 1569 1465 1635 Ita
1519 1566 1850 1635 mentium
1901 1565 2151 1634 diversi
2213 1565 2498 1634 affectus
2534 1618 2550 1645 ,

43 1673 275 1724 morum
311 1677 593 1742 quoque
632 1655 1272 1725 dissimilitudinem
1318 1653 1427 1745 (ut
1474 1654 1753 1743 assolet)
1790 1667 2311 1745 expresserant:
2370 1653 2556 1722 unde

44 1755 274 1837 o:itot‘tus
305 1744 506 1825 livor,
562 1744 658 1816 sic
705 1744 1053 1815 innocenti
1107 1742 1375 1833 puellae
1421 1742 1504 1811 ad
1556 1743 1874 1812 virtutem
1927 1743 2218 1833 gradum
2257 1741 2437 1823 fecit,
2481 1753 2555 1812 ut

44 1828 150 1898 ullis
181 1834 420 1904 ruinae
472 1854 606 1903 non
649 1854 925 1922 parvam
975 1832 1404 1902 occasionem
1459 1845 1853 1921 praestaret.
1911 1833 2106 1901 Auxit
2144 1852 2419 1918 quoque
2453 1831 2556 1899 in-

44 1918 256 1991 vidiam
314 1922 765 2009 quotidianae
828 1921 1369 1990 conversationis
1428 1920 1786 1990 humilitas
1821 1975 1836 1999 ,
1905 1942 2025 2010 per
2079 1940 2286 2007 quam
2362 1941 2559 1989 sacra

46 2005 221 2094 virge,
271 2011 532 2081 relictis
580 2008 932 2079 nobilibus
979 2023 1044 2079 et
1140 2032 1224 2080 ur
1280 2009 1515 2091 uratis,
1561 2030 1942 2099 pauperum
1988 2010 2209 2097 magis
2239 2022 2304 2077 et
2344 2008 2558 2078 ancil-

44 2090 230 2164 larum
273 2100 625 2189 gaudebat
655 2099 1019 2174 consortio.
1108 2120 1224 2168 rue
1277 2112 1432 2167 atur
1478 2097 1827 2184 alloquiis,
1880 2098 2207 2187 operibus
2254 2118 2556 2186 occupa—

47 2178 245 2253 batur:
297 2189 646 2258 intantum
685 2201 758 2256 ut
798 2187 1046 2276 Sophia
1098 2187 1337 2256 crebro
1370 2186 1647 2267 diceret,
1690 2186 1877 2255 illam
1915 2184 2550 2256 sanctimonialium

52 2274 454 2347 contubernio
506 2275 899 2345 sociandam
952 2297 1122 2356 esse,
1179 2274 1361 2363 quod
1399 2276 1604 2344 vitam
1651 2275 1820 2365 ipsis
1869 2297 2074 2362 quam
2121 2272 2552 2343 simillimam

59 2365 530 2446 praeseferret,
586 2364 898 2453 nihilque
945 2377 1175 2454 ageret
1222 2384 1469 2454 genere
1519 2386 1645 2434 suo
1692 2364 2010 2455 dignum.
2051 2367 2257 2431 Erant
2295 2375 2361 2432 et
2403 2363 2559 2452 pro-

54 2465 239 2519 cerum
278 2455 594 2541 quidam,
647 2475 942 2541 quorum
993 2454 1390 2523 effrenatam
1442 2454 1890 2552 petulantiam
1945 2453 2152 2554 paulo
2181 2464 2336 2520 ante
2369 2473 2559 2520 com-

52 2544 593 2638 memoravimu3‚
647 2543 764 2630 qui
815 2542 1206 2623 Elisabeth,
1260 2541 1442 2629 quod
1491 2542 1716 2612 dotem
1766 2543 1892 2632 (ut
1949 2542 2079 2631 ipsi
2123 2539 2561 2631 garriebant)

49 2618 358 2700 destinatis
408 2633 748 2720 imparem
790 2631 1050 2719 nuptiis
1081 2631 1440 2710 attulisset,
1495 2644 1616 2701 aut
1654 2632 2005 2720 Hungaris
2041 2629 2548 2711 remittendam,

50 2725 144 2779 aut
182 2716 364 2788 alteri
429 2720 718 2790 cuilibet
764 2742 844 2788 ex
898 2719 1248 2789 nobilibus
1309 2719 1782 2788 collocandam
1844 2721 1914 2788 in
1976 2719 2547 2797 matrimonium,

50 2807 516 2878 contenderent.
572 2813 759 2879 Inter
794 2808 962 2877 haec
997 2808 1450 2877 invidentium
1483 2810 1711 2887 verba,
1753 2807 1958 2877 veluti
2004 2830 2155 2878 rosa
2196 2809 2555 2898 spinarum

49 2889 264 2989 aculeis
308 2909 763 2986 compuncta,
819 2896 1162 2967 Elisabeth
1211 2917 1417 2996 quam
1472 2894 1803 2965 latissime
1852 2896 2103 2974 diffuso
2152 2908 2558 2965 mansuetu-

51 2969 199 3048 dinis
228 2982 451 3066 odore,
494 3006 776 3061 cumse
824 2997 1247 3075 contemptui
1295 2984 1530 3053 haberi
1585 2983 1861 3066 videret,
1908 2985 1996 3054 ab
2031 2986 2115 3054 iis
2157 2986 2551 3074 praecipue,

52 3069 345 3164 {wihus
391 3075 739 3145 observari
778 3072 1128 3154 debuerat,
1184 3073 1394 3142 verita
1445 3095 1527 3142 ne
1575 3073 1819 3160 quovis
1866 3072 2371 3142 detrahentium
2415 3094 2558 3141 mo-

55 3143 256 3226 limine
297 3176 643 3252 superata,
695 3163 875 3231 viam
926 3161 1264 3231 desereret
1312 3161 1767 3242 humilitatis,
1819 3173 1969 3252 post
2016 3161 2404 3230 uberrimas
2455 3160 2556 3228 la·

52 3255 305 3342 mynias,
361 3252 518 3321 totis
557 3251 640 3320 ad
697 3257 906 3321 Deum
945 3250 1365 3341 praecordiis
1410 3250 1843 3339 confugienS,
1886 3271 2082 3319 suam
2120 3249 2222 3317 illi
2272 3269 2557 3318 causam

53 3336 404 3425 enixissime
449 3341 978 3410 commendavit.
1032 3345 1163 3409 Nec
1213 3362 1370 3429 spes
1417 3352 1721 3408 orantem
1777 3337 2102 3407 frustrata
2132 3349 2255 3417 est,
2301 3357 2559 3425 sponso

53 3408 335 3512 deinceps
380 3429 462 3498 ad
520 3430 671 3517 ejus
723 3426 1025 3498 amorem
1075 3440 1485 3518 argumenta
1538 3426 1937 3497 non‘dubia
1986 3426 2502 3495 demonstrante
2539 3478 2556 3506 ,

54 3515 569 3606 propensumque
602 3518 941 3596 animum,
996 3516 1118 3586 ubi
1164 3540 1243 3586 ex
1295 3516 1536 3586 itinere
1583 3515 1870 3586 domum
1930 3516 2350 3594 revertisset,
2410 3527 2555 3583 tum

57 3603 475 3688 munusculis,
516 3619 657 3676 tum
691 3618 878 3675 casto
911 3606 1236 3696 amplexu
1268 3605 1532 3675 edente.
1977 3629 2012 3662 r·

123 3679 154 3763 ἓ
194 3689 270 3757 4.
319 3694 448 3762 Nec
497 3708 721 3765 tamen
758 3696 1014 3764 interea
1048 3695 1374 3783 temporis
1395 3694 1657 3783 jactare
1690 3695 2050 3782 procerum
2086 3690 2556 3779 quorumdam

62 3773 332 3862 cessabat
363 3781 791 3872 improbitas,
827 3783 1002 3852 nibil
1054 3804 1335 3871 prorsus
1384 3783 1787 3872 nuptiarum
1840 3782 2015 3850 inter
2067 3779 2445 3869 principem
2500 3790 2567 3847 et

59 3849 357 3934 Elisabeth
405 3870 591 3941 fore:
641 3871 869 3941 dotem
911 3872 999 3940 ab
1034 3871 1412 3961 Hungaria,
1447 3892 1598 3941 esse
1634 3891 1964 3960 perquam
2006 3883 2324 3953 tenuem;
2370 3865 2566 3957 puel-

62 3930 168 4038 lam
197 3997 213 4024 ‚
267 3955 677 4031 nobilissimi
726 3960 1064 4049 principis
1119 3981 1340 4046 neque
1388 3959 1845 4049 praestantiae
1884 3979 2285 4047 congruere,
2343 3976 2566 4042 neque

62 4042 254 4104 ammo
290 4045 549 4134 sedere:
590 4049 878 4136 proinde
912 4048 1391 4117 remittendam
1428 4047 1579 4116 suis
1611 4048 2129 4134 quamprimum
2168 4067 2338 4115 esse.
2386 4044 2565 4114 Hinc

65 4105 263 4209 msam
298 4139 800 4228 persuasionem
838 4137 1093 4228 passim
1121 4137 1190 4205 in
1221 4135 1472 4224 vulgus
1500 4134 1851 4224 dissipari,
1890 4134 2254 4204 Gualterus
2277 4133 2565 4221 quidam

64 4214 147 4268 vu·
187 4214 417 4316 nobilis
458 4226 737 4295 moleste
769 4226 1018 4304 ferens,
1071 4224 1450 4314 principem
1495 4222 1875 4309 aliquando
1916 4225 2094 4292 inter
2135 4223 2339 4300 viam,
2393 4220 2563 4307 quid

72 4280 136 4382 ‘¹9
161 4296 578 4384 adsciscenda
612 4315 746 4384 sibi
773 4315 839 4383 in
874 4312 1392 4383 matrimonium
1424 4311 1768 4381 Elisabeth
1804 4311 2232 4391 destinasset,
2269 4310 2564 4379 familia-

74 4389 189 4449 '¹¹¹³
230 4408 672 4475 Percontatur.
725 4405 843 4473 Cui
896 4403 1032 4483 ille,
1072 4416 1347 4473 ostenso
1378 4401 1629 4492 grandi
1664 4414 1916 4482 monte,
1957 4399 2330 4490 respondit,
2372 4422 2465 4481 se,
2505 4398 2567 4470 si
