<?xml version="1.0" encoding="UTF-8"?>
<!DOCTYPE html PUBLIC "-//W3C//DTD XHTML 1.0 Transitional//EN"
    "http://www.w3.org/TR/xhtml1/DTD/xhtml1-transitional.dtd">
<html xmlns="http://www.w3.org/1999/xhtml" xml:lang="en" lang="en">
 <head>
  <title>
</title>
<meta http-equiv="Content-Type" content="text/html;charset=utf-8" />
  <meta name='ocr-system' content='tesseract 3.04.00' />
  <meta name='ocr-capabilities' content='ocr_page ocr_carea ocr_par ocr_line ocrx_word'/>
</head>
<body>
  <div class='ocr_page' id='page_1' title='image "./historiaeseuvit05lippgoog_0454.png"; bbox 0 0 2993 4837; ppageno 0'>
   <div class='ocr_carea' id='block_1_1' title="bbox 2885 306 2968 3053">
    <p class='ocr_par' dir='ltr' id='par_1_1' title="bbox 2885 306 2968 3053">
     <span class='ocr_line' id='line_1_1' title="bbox 2922 306 2968 685; baseline 0 0"><span class='ocrx_word' id='word_1_1' title='bbox 2922 306 2968 685; x_wconf 95' lang='lat' dir='ltr'>   </span> 
     </span>
     <span class='ocr_line' id='line_1_2' title="bbox 2922 685 2968 922; baseline 0 -74"><span class='ocrx_word' id='word_1_2' title='bbox 2922 685 2968 922; x_wconf 95' lang='lat' dir='ltr'>   </span> 
     </span>
     <span class='ocr_line' id='line_1_3' title="bbox 2926 922 2968 1114; baseline 0 0"><span class='ocrx_word' id='word_1_3' title='bbox 2926 922 2968 1114; x_wconf 95' lang='lat' dir='ltr'>  </span> 
     </span>
     <span class='ocr_line' id='line_1_4' title="bbox 2930 1114 2968 1374; baseline 0 -171"><span class='ocrx_word' id='word_1_4' title='bbox 2930 1114 2968 1374; x_wconf 95' lang='lat' dir='ltr'>   </span> 
     </span>
     <span class='ocr_line' id='line_1_5' title="bbox 2899 1374 2968 1736; baseline 0 -6"><span class='ocrx_word' id='word_1_5' title='bbox 2899 1374 2968 1736; x_wconf 95' lang='lat' dir='ltr'>     </span> 
     </span>
     <span class='ocr_line' id='line_1_6' title="bbox 2899 1736 2968 2174; baseline 0.058 -181"><span class='ocrx_word' id='word_1_6' title='bbox 2899 1736 2968 2174; x_wconf 95' lang='lat' dir='ltr'>     </span> 
     </span>
     <span class='ocr_line' id='line_1_7' title="bbox 2929 2174 2968 2359; baseline 0 -104"><span class='ocrx_word' id='word_1_7' title='bbox 2929 2174 2968 2359; x_wconf 95' lang='lat' dir='ltr'>   </span> 
     </span>
     <span class='ocr_line' id='line_1_8' title="bbox 2885 2711 2968 3053; baseline 0 -264"><span class='ocrx_word' id='word_1_8' title='bbox 2885 2711 2968 3053; x_wconf 95' lang='lat' dir='ltr'>    </span> 
     </span>
    </p>
   </div>
   <div class='ocr_carea' id='block_1_2' title="bbox 486 340 2881 410">
    <p class='ocr_par' dir='ltr' id='par_1_2' title="bbox 486 340 2881 410">
     <span class='ocr_line' id='line_1_9' title="bbox 486 340 2881 410; baseline -0.001 -1"><span class='ocrx_word' id='word_1_9' title='bbox 486 348 614 410; x_wconf 75' lang='lat' dir='ltr'>tto</span> <span class='ocrx_word' id='word_1_10' title='bbox 1132 363 1209 408; x_wconf 74' lang='lat' dir='ltr'>na</span> <span class='ocrx_word' id='word_1_11' title='bbox 1259 363 1314 409; x_wconf 94' lang='lat' dir='ltr'>s.</span> <span class='ocrx_word' id='word_1_12' title='bbox 1367 362 1645 409; x_wconf 62' lang='lat' dir='ltr'>uanrlno</span> <span class='ocrx_word' id='word_1_13' title='bbox 1693 363 1791 408; x_wconf 73' lang='grc' dir='ltr'>ΕΡ.</span> <span class='ocrx_word' id='word_1_14' title='bbox 1845 361 2193 408; x_wconf 73' lang='lat' dir='ltr'>TUnoNENst</span> <span class='ocrx_word' id='word_1_15' title='bbox 2613 342 2781 409; x_wconf 73' lang='lat' dir='ltr'>NOV.</span> <span class='ocrx_word' id='word_1_16' title='bbox 2822 340 2881 409; x_wconf 83' lang='lat' dir='ltr'>tt</span> 
     </span>
    </p>
   </div>
   <div class='ocr_carea' id='block_1_3' title="bbox 319 446 2943 4352">
    <p class='ocr_par' dir='ltr' id='par_1_3' title="bbox 319 446 2943 4352">
     <span class='ocr_line' id='line_1_10' title="bbox 399 446 2939 534; baseline -0.001 -17"><span class='ocrx_word' id='word_1_17' title='bbox 399 447 902 534; x_wconf 83' lang='lat' dir='ltr'>cuiuscumque</span> <span class='ocrx_word' id='word_1_18' title='bbox 932 447 1115 515; x_wconf 90' lang='lat' dir='ltr'>modi</span> <span class='ocrx_word' id='word_1_19' title='bbox 1153 447 1502 515; x_wconf 90' lang='lat' dir='ltr'>hominem</span> <span class='ocrx_word' id='word_1_20' title='bbox 1540 446 1754 516; x_wconf 87' lang='lat' dir='ltr'>fuisse</span> <span class='ocrx_word' id='word_1_21' title='bbox 1803 446 2234 516; x_wconf 87' lang='lat' dir='ltr'>damnatum.</span> <span class='ocrx_word' id='word_1_22' title='bbox 2274 452 2539 516; x_wconf 80' lang='lat' dir='ltr'>Interea</span> <span class='ocrx_word' id='word_1_23' title='bbox 2604 447 2939 515; x_wconf 70' lang='lat' dir='ltr'>Martinus‘</span> 
     </span>
     <span class='ocr_line' id='line_1_11' title="bbox 407 534 2909 625; baseline -0 -20"><span class='ocrx_word' id='word_1_24' title='bbox 407 537 641 606; x_wconf 88' lang='lat' dir='ltr'>multis</span> <span class='ocrx_word' id='word_1_25' title='bbox 673 537 1133 625; x_wconf 79' lang='lat' dir='ltr'>gravibusque</span> <span class='ocrx_word' id='word_1_26' title='bbox 1183 535 1642 604; x_wconf 73' lang='lat' dir='ltr'>laborantium</span> <span class='ocrx_word' id='word_1_27' title='bbox 1691 538 1922 604; x_wconf 85' lang='lat' dir='ltr'>causis</span> <span class='ocrx_word' id='word_1_28' title='bbox 1961 536 2046 604; x_wconf 89' lang='lat' dir='ltr'>ad</span> <span class='ocrx_word' id='word_1_29' title='bbox 2096 536 2495 604; x_wconf 88' lang='lat' dir='ltr'>comitatum</span> <span class='ocrx_word' id='word_1_30' title='bbox 2532 535 2635 604; x_wconf 90' lang='lat' dir='ltr'>ire</span> <span class='ocrx_word' id='word_1_31' title='bbox 2667 534 2702 569; x_wconf 66' lang='lat'>⁴*</span> <span class='ocrx_word' id='word_1_32' title='bbox 2743 554 2909 619; x_wconf 54' lang='lat' dir='ltr'>com,-</span> 
     </span>
     <span class='ocr_line' id='line_1_12' title="bbox 404 622 2909 724; baseline 0.001 -31"><span class='ocrx_word' id='word_1_33' title='bbox 404 626 672 715; x_wconf 79' lang='lat' dir='ltr'>pulsuS‚</span> <span class='ocrx_word' id='word_1_34' title='bbox 730 624 1096 713; x_wconf 88' lang='lat' dir='ltr'>procellam</span> <span class='ocrx_word' id='word_1_35' title='bbox 1151 625 1371 713; x_wconf 83' lang='lat' dir='ltr'>ipsam</span> <span class='ocrx_word' id='word_1_36' title='bbox 1445 625 1651 693; x_wconf 91' lang='lat' dir='ltr'>totius</span> <span class='ocrx_word' id='word_1_37' title='bbox 1702 624 2121 713; x_wconf 80' lang='lat' dir='ltr'><strong>tempestatis</strong></span> <span class='ocrx_word' id='word_1_38' title='bbox 2171 624 2484 692; x_wconf 77' lang='lat' dir='ltr'>incurrit.</span> <span class='ocrx_word' id='word_1_39' title='bbox 2537 622 2909 724; x_wconf 71' lang='lat' dir='ltr'>Congregati</span> 
     </span>
     <span class='ocr_line' id='line_1_13' title="bbox 401 712 2927 803; baseline 0 -21"><span class='ocrx_word' id='word_1_40' title='bbox 401 714 580 803; x_wconf 92' lang='lat' dir='ltr'>apud</span> <span class='ocrx_word' id='word_1_41' title='bbox 627 713 934 782; x_wconf 89' lang='lat' dir='ltr'>Treviros</span> <span class='ocrx_word' id='word_1_42' title='bbox 967 713 1281 802; x_wconf 83' lang='lat' dir='ltr'>Episcopi</span> <span class='ocrx_word' id='word_1_43' title='bbox 1335 714 1765 792; x_wconf 88' lang='lat' dir='ltr'>tenebantur,</span> <span class='ocrx_word' id='word_1_44' title='bbox 1819 714 1939 802; x_wconf 89' lang='lat' dir='ltr'>qui</span> <span class='ocrx_word' id='word_1_45' title='bbox 1991 712 2292 799; x_wconf 77' lang='lat' dir='ltr'>quotidie</span> <span class='ocrx_word' id='word_1_46' title='bbox 2345 718 2927 782; x_wconf 56' lang='lat' dir='ltr'>communicantes&lt;</span> 
     </span>
     <span class='ocr_line' id='line_1_14' title="bbox 401 802 2913 882; baseline -0 -12"><span class='ocrx_word' id='word_1_47' title='bbox 401 802 683 882; x_wconf 85' lang='lat' dir='ltr'>Ithaci0‚</span> <span class='ocrx_word' id='word_1_48' title='bbox 729 824 1165 870; x_wconf 88' lang='lat' dir='ltr'>communem</span> <span class='ocrx_word' id='word_1_49' title='bbox 1201 803 1332 871; x_wconf 84' lang='lat' dir='ltr'>sibi</span> <span class='ocrx_word' id='word_1_50' title='bbox 1383 824 1663 871; x_wconf 89' lang='lat' dir='ltr'>causam</span> <span class='ocrx_word' id='word_1_51' title='bbox 1718 802 2036 871; x_wconf 81' lang='lat' dir='ltr'>fecerant.</span> <span class='ocrx_word' id='word_1_52' title='bbox 2075 803 2195 869; x_wconf 88' lang='lat' dir='ltr'>His</span> <span class='ocrx_word' id='word_1_53' title='bbox 2235 802 2356 870; x_wconf 90' lang='lat' dir='ltr'>ubi</span> <span class='ocrx_word' id='word_1_54' title='bbox 2399 804 2802 869; x_wconf 89' lang='lat' dir='ltr'>nunciatum</span> <span class='ocrx_word' id='word_1_55' title='bbox 2832 808 2913 870; x_wconf 76' lang='lat' dir='ltr'>est</span> 
     </span>
     <span class='ocr_line' id='line_1_15' title="bbox 402 889 2919 980; baseline -0.001 -21"><span class='ocrx_word' id='word_1_56' title='bbox 402 890 950 980; x_wconf 78' lang='lat' dir='ltr'>inopinantibu5‚</span> <span class='ocrx_word' id='word_1_57' title='bbox 991 890 1229 960; x_wconf 83' lang='lat' dir='ltr'>adesse</span> <span class='ocrx_word' id='word_1_58' title='bbox 1279 891 1671 970; x_wconf 73' lang='lat' dir='ltr'>Mai-tinum,</span> <span class='ocrx_word' id='word_1_59' title='bbox 1719 892 1876 959; x_wconf 88' lang='lat' dir='ltr'>totis</span> <span class='ocrx_word' id='word_1_60' title='bbox 1909 891 2163 959; x_wconf 88' lang='lat' dir='ltr'>animis</span> <span class='ocrx_word' id='word_1_61' title='bbox 2198 889 2540 971; x_wconf 84' lang='lat' dir='ltr'>labefacti,</span> <span class='ocrx_word' id='word_1_62' title='bbox 2583 891 2919 958; x_wconf 79' lang='lat' dir='ltr'>mussitare</span> 
     </span>
     <span class='ocr_line' id='line_1_16' title="bbox 403 978 2921 1069; baseline -0.001 -22"><span class='ocrx_word' id='word_1_63' title='bbox 403 995 467 1048; x_wconf 90' lang='lat' dir='ltr'>et</span> <span class='ocrx_word' id='word_1_64' title='bbox 500 978 837 1068; x_wconf 89' lang='lat' dir='ltr'>trepidare</span> <span class='ocrx_word' id='word_1_65' title='bbox 866 991 1258 1069; x_wconf 88' lang='lat' dir='ltr'>coeperunt.</span> <span class='ocrx_word' id='word_1_66' title='bbox 1301 984 1376 1048; x_wconf 91' lang='lat' dir='ltr'>Et</span> <span class='ocrx_word' id='word_1_67' title='bbox 1404 981 1550 1069; x_wconf 88' lang='lat' dir='ltr'>jam</span> <span class='ocrx_word' id='word_1_68' title='bbox 1596 979 1818 1069; x_wconf 85' lang='lat' dir='ltr'>pridie</span> <span class='ocrx_word' id='word_1_69' title='bbox 1860 985 2238 1069; x_wconf 88' lang='lat' dir='ltr'>Imperator</span> <span class='ocrx_word' id='word_1_70' title='bbox 2275 1002 2352 1047; x_wconf 86' lang='lat' dir='ltr'>ex</span> <span class='ocrx_word' id='word_1_71' title='bbox 2393 1000 2637 1048; x_wconf 88' lang='lat' dir='ltr'>eorum</span> <span class='ocrx_word' id='word_1_72' title='bbox 2685 990 2921 1046; x_wconf 85' lang='lat' dir='ltr'>senten·</span> 
     </span>
     <span class='ocr_line' id='line_1_17' title="bbox 407 1065 2923 1157; baseline -0.002 -20"><span class='ocrx_word' id='word_1_73' title='bbox 407 1070 497 1137; x_wconf 89' lang='lat' dir='ltr'>tia</span> <span class='ocrx_word' id='word_1_74' title='bbox 548 1068 981 1147; x_wconf 86' lang='lat' dir='ltr'>decreverat,</span> <span class='ocrx_word' id='word_1_75' title='bbox 1038 1067 1350 1137; x_wconf 92' lang='lat' dir='ltr'>tribunos</span> <span class='ocrx_word' id='word_1_76' title='bbox 1398 1090 1672 1137; x_wconf 89' lang='lat' dir='ltr'>summa</span> <span class='ocrx_word' id='word_1_77' title='bbox 1724 1081 2047 1157; x_wconf 87' lang='lat' dir='ltr'>potestate</span> <span class='ocrx_word' id='word_1_78' title='bbox 2096 1082 2396 1137; x_wconf 90' lang='lat' dir='ltr'>armatos</span> <span class='ocrx_word' id='word_1_79' title='bbox 2437 1067 2520 1136; x_wconf 91' lang='lat' dir='ltr'>ad</span> <span class='ocrx_word' id='word_1_80' title='bbox 2580 1065 2923 1157; x_wconf 77' lang='lat' dir='ltr'>Hispanias</span> 
     </span>
     <span class='ocr_line' id='line_1_18' title="bbox 410 1156 2933 1245; baseline -0.002 -20"><span class='ocrx_word' id='word_1_81' title='bbox 410 1158 698 1238; x_wconf 89' lang='lat' dir='ltr'>mittere,</span> <span class='ocrx_word' id='word_1_82' title='bbox 753 1157 872 1244; x_wconf 94' lang='lat' dir='ltr'>qui</span> <span class='ocrx_word' id='word_1_83' title='bbox 946 1156 1321 1227; x_wconf 89' lang='lat' dir='ltr'>haereticos</span> <span class='ocrx_word' id='word_1_84' title='bbox 1386 1157 1833 1243; x_wconf 85' lang='lat' dir='ltr'>inquirerent,</span> <span class='ocrx_word' id='word_1_85' title='bbox 1888 1157 2335 1245; x_wconf 87' lang='lat' dir='ltr'>deprehensis</span> <span class='ocrx_word' id='word_1_86' title='bbox 2400 1158 2611 1226; x_wconf 87' lang='lat' dir='ltr'>vitam</span> <span class='ocrx_word' id='word_1_87' title='bbox 2664 1169 2730 1223; x_wconf 92' lang='lat' dir='ltr'>et</span> <span class='ocrx_word' id='word_1_88' title='bbox 2777 1157 2933 1224; x_wconf 82' lang='lat' dir='ltr'>bona·</span> 
     </span>
     <span class='ocr_line' id='line_1_19' title="bbox 406 1244 2923 1331; baseline -0.002 -17"><span class='ocrx_word' id='word_1_89' title='bbox 406 1245 808 1315; x_wconf 84' lang='lat' dir='ltr'>adimerent.</span> <span class='ocrx_word' id='word_1_90' title='bbox 866 1250 997 1314; x_wconf 88' lang='lat' dir='ltr'>Nec</span> <span class='ocrx_word' id='word_1_91' title='bbox 1046 1244 1335 1314; x_wconf 90' lang='lat' dir='ltr'>dubium</span> <span class='ocrx_word' id='word_1_92' title='bbox 1387 1259 1577 1325; x_wconf 88' lang='lat' dir='ltr'>erat,</span> <span class='ocrx_word' id='word_1_93' title='bbox 1633 1246 1800 1331; x_wconf 92' lang='lat' dir='ltr'>quin</span> <span class='ocrx_word' id='word_1_94' title='bbox 1855 1260 2249 1314; x_wconf 88' lang='lat' dir='ltr'>sanctorum</span> <span class='ocrx_word' id='word_1_95' title='bbox 2314 1246 2517 1313; x_wconf 90' lang='lat' dir='ltr'>etiam</span> <span class='ocrx_word' id='word_1_96' title='bbox 2580 1245 2923 1313; x_wconf 82' lang='lat' dir='ltr'>maximam</span> 
     </span>
     <span class='ocr_line' id='line_1_20' title="bbox 405 1332 2925 1424; baseline -0.002 -21"><span class='ocrx_word' id='word_1_97' title='bbox 405 1335 676 1403; x_wconf 89' lang='lat' dir='ltr'>turbam</span> <span class='ocrx_word' id='word_1_98' title='bbox 721 1345 1087 1423; x_wconf 83' lang='lat' dir='ltr'>tempestas</span> <span class='ocrx_word' id='word_1_99' title='bbox 1137 1333 1252 1402; x_wconf 90' lang='lat' dir='ltr'>illa</span> <span class='ocrx_word' id='word_1_100' title='bbox 1301 1332 1804 1423; x_wconf 74' lang='lat' dir='ltr'>depopulatura</span> <span class='ocrx_word' id='word_1_101' title='bbox 1837 1347 2035 1415; x_wconf 87' lang='lat' dir='ltr'>esset,</span> <span class='ocrx_word' id='word_1_102' title='bbox 2077 1356 2283 1424; x_wconf 88' lang='lat' dir='ltr'>parvo</span> <span class='ocrx_word' id='word_1_103' title='bbox 2317 1334 2735 1403; x_wconf 86' lang='lat' dir='ltr'>discrimine</span> <span class='ocrx_word' id='word_1_104' title='bbox 2783 1333 2925 1400; x_wconf 80' lang='lat' dir='ltr'>inter</span> 
     </span>
     <span class='ocr_line' id='line_1_21' title="bbox 408 1420 2929 1523; baseline -0.001 -32"><span class='ocrx_word' id='word_1_105' title='bbox 408 1424 768 1491; x_wconf 88' lang='lat' dir='ltr'>hominum</span> <span class='ocrx_word' id='word_1_106' title='bbox 820 1443 1093 1523; x_wconf 82' lang='lat' dir='ltr'>genera.</span> <span class='ocrx_word' id='word_1_107' title='bbox 1130 1423 1391 1491; x_wconf 83' lang='lat' dir='ltr'>Etenim</span> <span class='ocrx_word' id='word_1_108' title='bbox 1438 1435 1584 1491; x_wconf 89' lang='lat' dir='ltr'>tum</span> <span class='ocrx_word' id='word_1_109' title='bbox 1622 1421 1787 1491; x_wconf 89' lang='lat' dir='ltr'>solis</span> <span class='ocrx_word' id='word_1_110' title='bbox 1826 1422 2046 1492; x_wconf 88' lang='lat' dir='ltr'>oculis</span> <span class='ocrx_word' id='word_1_111' title='bbox 2081 1423 2557 1509; x_wconf 82' lang='lat' dir='ltr'>judicabatur,</span> <span class='ocrx_word' id='word_1_112' title='bbox 2600 1445 2763 1491; x_wconf 92' lang='lat' dir='ltr'>cum</span> <span class='ocrx_word' id='word_1_113' title='bbox 2797 1420 2929 1508; x_wconf 86' lang='lat' dir='ltr'>quis</span> 
     </span>
     <span class='ocr_line' id='line_1_22' title="bbox 413 1511 2925 1600; baseline -0.002 -21"><span class='ocrx_word' id='word_1_114' title='bbox 413 1511 667 1600; x_wconf 88' lang='lat' dir='ltr'>pallore</span> <span class='ocrx_word' id='word_1_115' title='bbox 718 1524 942 1600; x_wconf 79' lang='lat' dir='ltr'>potius</span> <span class='ocrx_word' id='word_1_116' title='bbox 977 1566 991 1589; x_wconf 88' lang='lat'>‚</span> <span class='ocrx_word' id='word_1_117' title='bbox 1046 1525 1164 1580; x_wconf 89' lang='lat' dir='ltr'>aut</span> <span class='ocrx_word' id='word_1_118' title='bbox 1213 1526 1433 1591; x_wconf 90' lang='lat' dir='ltr'>veste,</span> <span class='ocrx_word' id='word_1_119' title='bbox 1489 1533 1696 1597; x_wconf 89' lang='lat' dir='ltr'>quam</span> <span class='ocrx_word' id='word_1_120' title='bbox 1757 1511 1936 1592; x_wconf 86' lang='lat' dir='ltr'>fide,</span> <span class='ocrx_word' id='word_1_121' title='bbox 2006 1511 2387 1580; x_wconf 89' lang='lat' dir='ltr'>haereticus</span> <span class='ocrx_word' id='word_1_122' title='bbox 2434 1513 2925 1579; x_wconf 74' lang='lat' dir='ltr'>aestimaretur.</span> 
     </span>
     <span class='ocr_line' id='line_1_23' title="bbox 408 1597 2899 1690; baseline -0.002 -22"><span class='ocrx_word' id='word_1_123' title='bbox 408 1604 588 1669; x_wconf 89' lang='lat' dir='ltr'>Haec</span> <span class='ocrx_word' id='word_1_124' title='bbox 622 1621 1053 1685; x_wconf 87' lang='lat' dir='ltr'>nequaquam</span> <span class='ocrx_word' id='word_1_125' title='bbox 1093 1599 1430 1687; x_wconf 89' lang='lat' dir='ltr'>placitura</span> <span class='ocrx_word' id='word_1_126' title='bbox 1465 1601 1755 1668; x_wconf 83' lang='lat' dir='ltr'>Martino</span> <span class='ocrx_word' id='word_1_127' title='bbox 1789 1600 2107 1690; x_wconf 86' lang='lat' dir='ltr'>Episcopi</span> <span class='ocrx_word' id='word_1_128' title='bbox 2150 1600 2579 1668; x_wconf 87' lang='lat' dir='ltr'>sentiebant:</span> <span class='ocrx_word' id='word_1_129' title='bbox 2618 1599 2740 1669; x_wconf 90' lang='lat' dir='ltr'>sed</span> <span class='ocrx_word' id='word_1_130' title='bbox 2785 1597 2899 1665; x_wconf 88' lang='lat' dir='ltr'>mal</span> 
     </span>
     <span class='ocr_line' id='line_1_24' title="bbox 408 1687 2861 1768; baseline -0 -11"><span class='ocrx_word' id='word_1_131' title='bbox 408 1689 704 1758; x_wconf 86' lang='lat' dir='ltr'>consciis</span> <span class='ocrx_word' id='word_1_132' title='bbox 752 1687 870 1755; x_wconf 89' lang='lat' dir='ltr'>illa</span> <span class='ocrx_word' id='word_1_133' title='bbox 919 1688 1016 1756; x_wconf 93' lang='lat' dir='ltr'>vel</span> <span class='ocrx_word' id='word_1_134' title='bbox 1062 1687 1544 1758; x_wconf 88' lang='lat' dir='ltr'>molestissima</span> <span class='ocrx_word' id='word_1_135' title='bbox 1574 1701 1718 1757; x_wconf 88' lang='lat' dir='ltr'>erat</span> <span class='ocrx_word' id='word_1_136' title='bbox 1750 1711 1941 1768; x_wconf 89' lang='lat' dir='ltr'>cura,</span> <span class='ocrx_word' id='word_1_137' title='bbox 1982 1711 2066 1757; x_wconf 92' lang='lat' dir='ltr'>ne</span> <span class='ocrx_word' id='word_1_138' title='bbox 2113 1711 2185 1757; x_wconf 89' lang='lat' dir='ltr'>se</span> <span class='ocrx_word' id='word_1_139' title='bbox 2223 1691 2312 1758; x_wconf 91' lang='lat' dir='ltr'>ab</span> <span class='ocrx_word' id='word_1_140' title='bbox 2359 1710 2607 1757; x_wconf 88' lang='lat' dir='ltr'>eorum</span> <span class='ocrx_word' id='word_1_141' title='bbox 2644 1710 2861 1757; x_wconf 88' lang='lat' dir='ltr'>comm</span> 
     </span>
     <span class='ocr_line' id='line_1_25' title="bbox 411 1775 2901 1869; baseline -0.002 -24"><span class='ocrx_word' id='word_1_142' title='bbox 411 1777 615 1869; x_wconf 86' lang='lat' dir='ltr'>nione</span> <span class='ocrx_word' id='word_1_143' title='bbox 663 1775 1032 1866; x_wconf 87' lang='lat' dir='ltr'>adveniens</span> <span class='ocrx_word' id='word_1_144' title='bbox 1079 1777 1489 1857; x_wconf 87' lang='lat' dir='ltr'>abstineret,</span> <span class='ocrx_word' id='word_1_145' title='bbox 1549 1799 1681 1846; x_wconf 92' lang='lat' dir='ltr'>non</span> <span class='ocrx_word' id='word_1_146' title='bbox 1734 1776 2118 1858; x_wconf 86' lang='lat' dir='ltr'>defuturis,</span> <span class='ocrx_word' id='word_1_147' title='bbox 2185 1777 2304 1865; x_wconf 91' lang='lat' dir='ltr'>qui</span> <span class='ocrx_word' id='word_1_148' title='bbox 2358 1776 2524 1846; x_wconf 90' lang='lat' dir='ltr'>tanti</span> <span class='ocrx_word' id='word_1_149' title='bbox 2606 1777 2739 1845; x_wconf 91' lang='lat' dir='ltr'>viri</span> <span class='ocrx_word' id='word_1_150' title='bbox 2797 1796 2901 1844; x_wconf 87' lang='lat' dir='ltr'>con</span> 
     </span>
     <span class='ocr_line' id='line_1_26' title="bbox 412 1865 2899 1953; baseline -0.001 -18"><span class='ocrx_word' id='word_1_151' title='bbox 412 1866 729 1935; x_wconf 84' lang='lat' dir='ltr'>stantiam</span> <span class='ocrx_word' id='word_1_152' title='bbox 777 1865 1151 1953; x_wconf 88' lang='lat' dir='ltr'>praemissa</span> <span class='ocrx_word' id='word_1_153' title='bbox 1187 1865 1587 1935; x_wconf 90' lang='lat' dir='ltr'>auctoritate</span> <span class='ocrx_word' id='word_1_154' title='bbox 1617 1879 2088 1953; x_wconf 86' lang='lat' dir='ltr'>sequerentur.</span> <span class='ocrx_word' id='word_1_155' title='bbox 2136 1870 2385 1935; x_wconf 89' lang='lat' dir='ltr'>Ineunt</span> <span class='ocrx_word' id='word_1_156' title='bbox 2431 1888 2603 1935; x_wconf 92' lang='lat' dir='ltr'>cum</span> <span class='ocrx_word' id='word_1_157' title='bbox 2651 1871 2899 1953; x_wconf 82' lang='lat' dir='ltr'>Impera</span> 
     </span>
     <span class='ocr_line' id='line_1_27' title="bbox 411 1953 2881 2044; baseline -0.001 -21"><span class='ocrx_word' id='word_1_158' title='bbox 411 1967 554 2024; x_wconf 91' lang='lat' dir='ltr'>tore</span> <span class='ocrx_word' id='word_1_159' title='bbox 597 1954 987 2035; x_wconf 86' lang='lat' dir='ltr'>consilium,</span> <span class='ocrx_word' id='word_1_160' title='bbox 1034 1966 1111 2023; x_wconf 87' lang='lat' dir='ltr'>ut</span> <span class='ocrx_word' id='word_1_161' title='bbox 1168 1954 1399 2025; x_wconf 88' lang='lat' dir='ltr'>missis</span> <span class='ocrx_word' id='word_1_162' title='bbox 1454 1955 1725 2023; x_wconf 89' lang='lat' dir='ltr'>obviam</span> <span class='ocrx_word' id='word_1_163' title='bbox 1778 1954 2079 2044; x_wconf 84' lang='lat' dir='ltr'>Magistri</span> <span class='ocrx_word' id='word_1_164' title='bbox 2111 1955 2181 1991; x_wconf 56' lang='lat'>¹³*</span> <span class='ocrx_word' id='word_1_165' title='bbox 2214 1953 2666 2036; x_wconf 87' lang='lat' dir='ltr'>officialibus,</span> <span class='ocrx_word' id='word_1_166' title='bbox 2725 1954 2881 2022; x_wconf 82' lang='lat' dir='ltr'>urbe</span> 
     </span>
     <span class='ocr_line' id='line_1_28' title="bbox 413 2043 2927 2134; baseline -0.002 -22"><span class='ocrx_word' id='word_1_167' title='bbox 413 2043 602 2112; x_wconf 89' lang='lat' dir='ltr'>illam</span> <span class='ocrx_word' id='word_1_168' title='bbox 656 2044 938 2133; x_wconf 90' lang='lat' dir='ltr'>propius</span> <span class='ocrx_word' id='word_1_169' title='bbox 970 2055 1309 2112; x_wconf 89' lang='lat' dir='ltr'>vetaretur</span> <span class='ocrx_word' id='word_1_170' title='bbox 1340 2043 1684 2124; x_wconf 86' lang='lat' dir='ltr'>accedere,</span> <span class='ocrx_word' id='word_1_171' title='bbox 1728 2043 1858 2112; x_wconf 89' lang='lat' dir='ltr'>nisi</span> <span class='ocrx_word' id='word_1_172' title='bbox 1907 2066 1978 2113; x_wconf 89' lang='lat' dir='ltr'>se</span> <span class='ocrx_word' id='word_1_173' title='bbox 2024 2065 2182 2113; x_wconf 89' lang='lat' dir='ltr'>cum</span> <span class='ocrx_word' id='word_1_174' title='bbox 2239 2066 2402 2134; x_wconf 90' lang='lat' dir='ltr'>pace</span> <span class='ocrx_word' id='word_1_175' title='bbox 2451 2043 2927 2133; x_wconf 84' lang='lat' dir='ltr'>Episcoporum</span> 
     </span>
     <span class='ocr_line' id='line_1_29' title="bbox 412 2131 2925 2214; baseline -0.001 -14"><span class='ocrx_word' id='word_1_176' title='bbox 412 2132 507 2200; x_wconf 91' lang='lat' dir='ltr'>ibi</span> <span class='ocrx_word' id='word_1_177' title='bbox 557 2132 1077 2202; x_wconf 87' lang='lat' dir='ltr'>consistentium</span> <span class='ocrx_word' id='word_1_178' title='bbox 1137 2133 1346 2201; x_wconf 83' lang='lat' dir='ltr'>affore</span> <span class='ocrx_word' id='word_1_179' title='bbox 1394 2131 1740 2201; x_wconf 82' lang='lat' dir='ltr'>fateretur.</span> <span class='ocrx_word' id='word_1_180' title='bbox 1808 2137 1990 2214; x_wconf 87' lang='lat' dir='ltr'>Quos</span> <span class='ocrx_word' id='word_1_181' title='bbox 2052 2132 2167 2201; x_wconf 92' lang='lat' dir='ltr'>ille</span> <span class='ocrx_word' id='word_1_182' title='bbox 2227 2132 2477 2201; x_wconf 91' lang='lat' dir='ltr'>callide</span> <span class='ocrx_word' id='word_1_183' title='bbox 2552 2131 2925 2206; x_wconf 62' lang='lat' dir='ltr'>frustratus.</span> 
     </span>
     <span class='ocr_line' id='line_1_30' title="bbox 417 2220 2929 2322; baseline -0.001 -33"><span class='ocrx_word' id='word_1_184' title='bbox 417 2220 773 2310; x_wconf 86' lang='lat' dir='ltr'>profitetur</span> <span class='ocrx_word' id='word_1_185' title='bbox 811 2243 882 2289; x_wconf 91' lang='lat' dir='ltr'>se</span> <span class='ocrx_word' id='word_1_186' title='bbox 917 2244 1074 2313; x_wconf 87' lang='lat' dir='ltr'>cum</span> <span class='ocrx_word' id='word_1_187' title='bbox 1116 2243 1280 2308; x_wconf 89' lang='lat' dir='ltr'>pace</span> <span class='ocrx_word' id='word_1_188' title='bbox 1314 2220 1557 2290; x_wconf 83' lang='lat' dir='ltr'>Christi</span> <span class='ocrx_word' id='word_1_189' title='bbox 1595 2242 1744 2290; x_wconf 91' lang='lat' dir='ltr'>esse</span> <span class='ocrx_word' id='word_1_190' title='bbox 1779 2233 2168 2290; x_wconf 92' lang='lat' dir='ltr'>venturum.</span> <span class='ocrx_word' id='word_1_191' title='bbox 2215 2227 2568 2291; x_wconf 89' lang='lat' dir='ltr'>Postremo</span> <span class='ocrx_word' id='word_1_192' title='bbox 2604 2222 2929 2322; x_wconf 74' lang='lat' dir='ltr'>ingressus</span> 
     </span>
     <span class='ocr_line' id='line_1_31' title="bbox 415 2308 2877 2399; baseline -0.002 -21"><span class='ocrx_word' id='word_1_193' title='bbox 415 2325 751 2378; x_wconf 89' lang='lat' dir='ltr'>nocturno</span> <span class='ocrx_word' id='word_1_194' title='bbox 814 2323 1139 2398; x_wconf 89' lang='lat' dir='ltr'>tempore,</span> <span class='ocrx_word' id='word_1_195' title='bbox 1193 2308 1361 2378; x_wconf 90' lang='lat' dir='ltr'>adiit</span> <span class='ocrx_word' id='word_1_196' title='bbox 1405 2309 1763 2379; x_wconf 89' lang='lat' dir='ltr'>ecclesiam</span> <span class='ocrx_word' id='word_1_197' title='bbox 1831 2322 2097 2379; x_wconf 88' lang='lat' dir='ltr'>tantum</span> <span class='ocrx_word' id='word_1_198' title='bbox 2147 2309 2476 2380; x_wconf 89' lang='lat' dir='ltr'>orationis</span> <span class='ocrx_word' id='word_1_199' title='bbox 2531 2314 2789 2399; x_wconf 74' lang='lat' dir='ltr'>gratia.</span> <span class='ocrx_word' id='word_1_200' title='bbox 2842 2313 2877 2375; x_wconf 86' lang='lat' dir='ltr'>P</span> 
     </span>
     <span class='ocr_line' id='line_1_32' title="bbox 417 2397 2927 2489; baseline -0.002 -21"><span class='ocrx_word' id='word_1_201' title='bbox 417 2411 593 2469; x_wconf 87' lang='lat' dir='ltr'>stero</span> <span class='ocrx_word' id='word_1_202' title='bbox 625 2398 733 2467; x_wconf 92' lang='lat' dir='ltr'>die</span> <span class='ocrx_word' id='word_1_203' title='bbox 783 2397 1112 2488; x_wconf 86' lang='lat' dir='ltr'>palatium</span> <span class='ocrx_word' id='word_1_204' title='bbox 1152 2398 1335 2489; x_wconf 91' lang='lat' dir='ltr'>petit.</span> <span class='ocrx_word' id='word_1_205' title='bbox 1391 2404 1661 2468; x_wconf 90' lang='lat' dir='ltr'>Praeter</span> <span class='ocrx_word' id='word_1_206' title='bbox 1699 2398 1972 2480; x_wconf 90' lang='lat' dir='ltr'>multas,</span> <span class='ocrx_word' id='word_1_207' title='bbox 2003 2420 2175 2486; x_wconf 90' lang='lat' dir='ltr'>quas</span> <span class='ocrx_word' id='word_1_208' title='bbox 2223 2420 2644 2468; x_wconf 82' lang='lat' dir='ltr'>enumerare.</span> <span class='ocrx_word' id='word_1_209' title='bbox 2683 2400 2927 2488; x_wconf 85' lang='lat' dir='ltr'>longum</span> 
     </span>
     <span class='ocr_line' id='line_1_33' title="bbox 416 2487 2854 2576; baseline -0 -20"><span class='ocrx_word' id='word_1_210' title='bbox 416 2502 539 2566; x_wconf 90' lang='lat' dir='ltr'>est,</span> <span class='ocrx_word' id='word_1_211' title='bbox 585 2488 709 2555; x_wconf 88' lang='lat' dir='ltr'>has</span> <span class='ocrx_word' id='word_1_212' title='bbox 772 2488 1189 2576; x_wconf 86' lang='lat' dir='ltr'>principales</span> <span class='ocrx_word' id='word_1_213' title='bbox 1262 2488 1618 2576; x_wconf 88' lang='lat' dir='ltr'>petitiones</span> <span class='ocrx_word' id='word_1_214' title='bbox 1682 2487 1998 2568; x_wconf 88' lang='lat' dir='ltr'>habebat,</span> <span class='ocrx_word' id='word_1_215' title='bbox 2067 2510 2189 2576; x_wconf 93' lang='lat' dir='ltr'>pro</span> <span class='ocrx_word' id='word_1_216' title='bbox 2252 2493 2529 2559; x_wconf 88' lang='lat' dir='ltr'>Narsete</span> <span class='ocrx_word' id='word_1_217' title='bbox 2583 2487 2854 2562; x_wconf 83' lang='lat' dir='ltr'>comite,</span> 
     </span>
     <span class='ocr_line' id='line_1_34' title="bbox 419 2575 2931 2666; baseline -0.003 -21"><span class='ocrx_word' id='word_1_218' title='bbox 419 2576 758 2645; x_wconf 91' lang='lat' dir='ltr'>Deucadio</span> <span class='ocrx_word' id='word_1_219' title='bbox 808 2575 1141 2665; x_wconf 88' lang='lat' dir='ltr'>praeside,</span> <span class='ocrx_word' id='word_1_220' title='bbox 1180 2577 1298 2662; x_wconf 90' lang='lat' dir='ltr'>qui</span> <span class='ocrx_word' id='word_1_221' title='bbox 1349 2578 1553 2645; x_wconf 88' lang='lat' dir='ltr'>ambo</span> <span class='ocrx_word' id='word_1_222' title='bbox 1603 2576 1908 2645; x_wconf 88' lang='lat' dir='ltr'>Gratiani</span> <span class='ocrx_word' id='word_1_223' title='bbox 1962 2577 2255 2665; x_wconf 91' lang='lat' dir='ltr'>partium</span> <span class='ocrx_word' id='word_1_224' title='bbox 2309 2576 2613 2658; x_wconf 83' lang='lat' dir='ltr'>fuerant,</span> <span class='ocrx_word' id='word_1_225' title='bbox 2669 2576 2931 2666; x_wconf 72' lang='lat' dir='ltr'>pertina-</span> 
     </span>
     <span class='ocr_line' id='line_1_35' title="bbox 417 2663 2877 2755; baseline -0.002 -21"><span class='ocrx_word' id='word_1_226' title='bbox 417 2664 719 2734; x_wconf 89' lang='lat' dir='ltr'>cioribus</span> <span class='ocrx_word' id='word_1_227' title='bbox 771 2663 1018 2734; x_wconf 89' lang='lat' dir='ltr'>studiis</span> <span class='ocrx_word' id='word_1_228' title='bbox 1054 2719 1068 2745; x_wconf 96' lang='lat'>,</span> <span class='ocrx_word' id='word_1_229' title='bbox 1119 2687 1293 2752; x_wconf 88' lang='lat' dir='ltr'>quae</span> <span class='ocrx_word' id='word_1_230' title='bbox 1345 2686 1476 2734; x_wconf 87' lang='lat' dir='ltr'>non</span> <span class='ocrx_word' id='word_1_231' title='bbox 1531 2678 1631 2734; x_wconf 88' lang='lat' dir='ltr'>est</span> <span class='ocrx_word' id='word_1_232' title='bbox 1682 2664 1894 2752; x_wconf 89' lang='lat' dir='ltr'>hujus</span> <span class='ocrx_word' id='word_1_233' title='bbox 1946 2665 2273 2755; x_wconf 90' lang='lat' dir='ltr'>temporis</span> <span class='ocrx_word' id='word_1_234' title='bbox 2340 2666 2741 2754; x_wconf 85' lang='lat' dir='ltr'>explicare,</span> <span class='ocrx_word' id='word_1_235' title='bbox 2796 2665 2877 2732; x_wconf 87' lang='lat' dir='ltr'>ira</span> 
     </span>
     <span class='ocr_line' id='line_1_36' title="bbox 419 2752 2882 2844; baseline -0.001 -24"><span class='ocrx_word' id='word_1_236' title='bbox 419 2752 860 2840; x_wconf 89' lang='lat' dir='ltr'>Imperatoris</span> <span class='ocrx_word' id='word_1_237' title='bbox 907 2754 1169 2822; x_wconf 91' lang='lat' dir='ltr'>emeriti</span> <span class='ocrx_word' id='word_1_238' title='bbox 1198 2779 1222 2840; x_wconf 60' lang='lat'>⁹:</span> <span class='ocrx_word' id='word_1_239' title='bbox 1284 2753 1401 2823; x_wconf 90' lang='lat' dir='ltr'>illa</span> <span class='ocrx_word' id='word_1_240' title='bbox 1470 2753 1845 2844; x_wconf 90' lang='lat' dir='ltr'>praecipua</span> <span class='ocrx_word' id='word_1_241' title='bbox 1892 2775 2084 2834; x_wconf 88' lang='lat' dir='ltr'>cura,</span> <span class='ocrx_word' id='word_1_242' title='bbox 2143 2775 2224 2822; x_wconf 91' lang='lat' dir='ltr'>ne</span> <span class='ocrx_word' id='word_1_243' title='bbox 2283 2754 2545 2822; x_wconf 88' lang='lat' dir='ltr'>tribuni</span> <span class='ocrx_word' id='word_1_244' title='bbox 2607 2777 2772 2823; x_wconf 90' lang='lat' dir='ltr'>cum</span> <span class='ocrx_word' id='word_1_245' title='bbox 2812 2752 2882 2839; x_wconf 89' lang='lat' dir='ltr'>ju</span> 
     </span>
     <span class='ocr_line' id='line_1_37' title="bbox 421 2836 2930 2931; baseline -0.002 -23"><span class='ocrx_word' id='word_1_246' title='bbox 421 2840 808 2929; x_wconf 78' lang='lat' dir='ltr'>gladiorum</span> <span class='ocrx_word' id='word_1_247' title='bbox 861 2840 944 2910; x_wconf 93' lang='lat' dir='ltr'>ad</span> <span class='ocrx_word' id='word_1_248' title='bbox 998 2842 1364 2931; x_wconf 80' lang='lat' dir='ltr'>Hispanias</span> <span class='ocrx_word' id='word_1_249' title='bbox 1427 2843 1883 2912; x_wconf 88' lang='lat' dir='ltr'>mitterentur.</span> <span class='ocrx_word' id='word_1_250' title='bbox 1938 2843 2056 2911; x_wconf 89' lang='lat' dir='ltr'>Pia</span> <span class='ocrx_word' id='word_1_251' title='bbox 2122 2843 2305 2911; x_wconf 87' lang='lat' dir='ltr'>enim</span> <span class='ocrx_word' id='word_1_252' title='bbox 2367 2857 2511 2911; x_wconf 88' lang='lat' dir='ltr'>erat</span> <span class='ocrx_word' id='word_1_253' title='bbox 2575 2836 2930 2913; x_wconf 79' lang='lat' dir='ltr'>sollicitudo</span> 
     </span>
     <span class='ocr_line' id='line_1_38' title="bbox 423 2930 2931 3018; baseline -0.003 -20"><span class='ocrx_word' id='word_1_254' title='bbox 423 2930 734 3010; x_wconf 84' lang='lat' dir='ltr'>MartinO,</span> <span class='ocrx_word' id='word_1_255' title='bbox 778 2943 851 2997; x_wconf 90' lang='lat' dir='ltr'>ut</span> <span class='ocrx_word' id='word_1_256' title='bbox 892 2950 1024 2998; x_wconf 89' lang='lat' dir='ltr'>non</span> <span class='ocrx_word' id='word_1_257' title='bbox 1077 2930 1296 3000; x_wconf 90' lang='lat' dir='ltr'>solum</span> <span class='ocrx_word' id='word_1_258' title='bbox 1344 2931 1788 3010; x_wconf 87' lang='lat' dir='ltr'>Christianos,</span> <span class='ocrx_word' id='word_1_259' title='bbox 1842 2932 1962 3018; x_wconf 93' lang='lat' dir='ltr'>qui</span> <span class='ocrx_word' id='word_1_260' title='bbox 2014 2932 2143 3001; x_wconf 91' lang='lat' dir='ltr'>sub</span> <span class='ocrx_word' id='word_1_261' title='bbox 2193 2930 2311 2999; x_wconf 88' lang='lat' dir='ltr'>illa</span> <span class='ocrx_word' id='word_1_262' title='bbox 2358 2943 2556 2999; x_wconf 87' lang='lat' dir='ltr'>erant</span> <span class='ocrx_word' id='word_1_263' title='bbox 2607 2932 2931 3002; x_wconf 81' lang='lat' dir='ltr'>occasione</span> 
     </span>
     <span class='ocr_line' id='line_1_39' title="bbox 420 3017 2927 3112; baseline -0.002 -26"><span class='ocrx_word' id='word_1_264' title='bbox 420 3017 733 3098; x_wconf 80' lang='lat' dir='ltr'>vexandi,</span> <span class='ocrx_word' id='word_1_265' title='bbox 784 3019 895 3088; x_wconf 93' lang='lat' dir='ltr'>sed</span> <span class='ocrx_word' id='word_1_266' title='bbox 953 3019 1136 3108; x_wconf 88' lang='lat' dir='ltr'>ipsos</span> <span class='ocrx_word' id='word_1_267' title='bbox 1182 3021 1387 3089; x_wconf 90' lang='lat' dir='ltr'>etiam</span> <span class='ocrx_word' id='word_1_268' title='bbox 1440 3020 1816 3089; x_wconf 87' lang='lat' dir='ltr'>haereticos</span> <span class='ocrx_word' id='word_1_269' title='bbox 1867 3020 2207 3089; x_wconf 84' lang='lat' dir='ltr'>liberaret.</span> <span class='ocrx_word' id='word_1_270' title='bbox 2247 3025 2493 3089; x_wconf 88' lang='lat' dir='ltr'>Verum</span> <span class='ocrx_word' id='word_1_271' title='bbox 2551 3022 2785 3110; x_wconf 90' lang='lat' dir='ltr'>primo</span> <span class='ocrx_word' id='word_1_272' title='bbox 2827 3017 2927 3112; x_wconf 65' lang='lat' dir='ltr'>die.</span> 
     </span>
     <span class='ocr_line' id='line_1_40' title="bbox 419 3107 2943 3198; baseline -0.002 -21"><span class='ocrx_word' id='word_1_273' title='bbox 419 3120 624 3193; x_wconf 90' lang='lat' dir='ltr'>atque</span> <span class='ocrx_word' id='word_1_274' title='bbox 662 3107 872 3176; x_wconf 89' lang='lat' dir='ltr'>altero</span> <span class='ocrx_word' id='word_1_275' title='bbox 921 3109 1282 3197; x_wconf 85' lang='lat' dir='ltr'>suspendit</span> <span class='ocrx_word' id='word_1_276' title='bbox 1330 3109 1676 3178; x_wconf 88' lang='lat' dir='ltr'>hominem</span> <span class='ocrx_word' id='word_1_277' title='bbox 1721 3108 2018 3178; x_wconf 89' lang='lat' dir='ltr'>callidus</span> <span class='ocrx_word' id='word_1_278' title='bbox 2058 3114 2485 3198; x_wconf 88' lang='lat' dir='ltr'>Imperator:</span> <span class='ocrx_word' id='word_1_279' title='bbox 2548 3111 2700 3178; x_wconf 90' lang='lat' dir='ltr'>sive</span> <span class='ocrx_word' id='word_1_280' title='bbox 2748 3121 2821 3177; x_wconf 93' lang='lat' dir='ltr'>ut</span> <span class='ocrx_word' id='word_1_281' title='bbox 2862 3123 2943 3172; x_wconf 82' lang='lat' dir='ltr'>ret.</span> 
     </span>
     <span class='ocr_line' id='line_1_41' title="bbox 423 3196 2932 3290; baseline -0.002 -23"><span class='ocrx_word' id='word_1_282' title='bbox 423 3196 698 3287; x_wconf 86' lang='lat' dir='ltr'>pondus</span> <span class='ocrx_word' id='word_1_283' title='bbox 758 3197 1157 3286; x_wconf 90' lang='lat' dir='ltr'>imponeret,</span> <span class='ocrx_word' id='word_1_284' title='bbox 1220 3198 1358 3266; x_wconf 89' lang='lat' dir='ltr'>sive</span> <span class='ocrx_word' id='word_1_285' title='bbox 1405 3198 1568 3284; x_wconf 89' lang='lat' dir='ltr'>quia</span> <span class='ocrx_word' id='word_1_286' title='bbox 1621 3198 1828 3267; x_wconf 91' lang='lat' dir='ltr'>nimis</span> <span class='ocrx_word' id='word_1_287' title='bbox 1878 3197 2011 3267; x_wconf 91' lang='lat' dir='ltr'>sibi</span> <span class='ocrx_word' id='word_1_288' title='bbox 2075 3196 2540 3287; x_wconf 90' lang='lat' dir='ltr'>implacabilis</span> <span class='ocrx_word' id='word_1_289' title='bbox 2590 3211 2787 3268; x_wconf 90' lang='lat' dir='ltr'>erat:</span> <span class='ocrx_word' id='word_1_290' title='bbox 2843 3211 2932 3290; x_wconf 77' lang='lat' dir='ltr'>seu</span> 
     </span>
     <span class='ocr_line' id='line_1_42' title="bbox 422 3285 2932 3375; baseline -0.002 -21"><span class='ocrx_word' id='word_1_291' title='bbox 422 3285 583 3373; x_wconf 89' lang='lat' dir='ltr'>quia</span> <span class='ocrx_word' id='word_1_292' title='bbox 630 3286 737 3375; x_wconf 90' lang='lat' dir='ltr'>(ut</span> <span class='ocrx_word' id='word_1_293' title='bbox 780 3286 1084 3375; x_wconf 89' lang='lat' dir='ltr'>plerique</span> <span class='ocrx_word' id='word_1_294' title='bbox 1120 3299 1260 3355; x_wconf 90' lang='lat' dir='ltr'>tum</span> <span class='ocrx_word' id='word_1_295' title='bbox 1299 3285 1844 3374; x_wconf 78' lang='lat' dir='ltr'>arbitrabantur)</span> <span class='ocrx_word' id='word_1_296' title='bbox 1880 3286 2164 3355; x_wconf 91' lang='lat' dir='ltr'>avaritia</span> <span class='ocrx_word' id='word_1_297' title='bbox 2217 3308 2386 3375; x_wconf 91' lang='lat' dir='ltr'>repu</span> <span class='ocrx_word' id='word_1_298' title='bbox 2443 3288 2701 3356; x_wconf 86' lang='lat' dir='ltr'>nabat:</span> <span class='ocrx_word' id='word_1_299' title='bbox 2756 3285 2932 3369; x_wconf 83' lang='lat' dir='ltr'>siqui·</span> 
     </span>
     <span class='ocr_line' id='line_1_43' title="bbox 423 3310 2933 3456; baseline -0.002 -13"><span class='ocrx_word' id='word_1_300' title='bbox 423 3374 578 3443; x_wconf 91' lang='lat' dir='ltr'>dem</span> <span class='ocrx_word' id='word_1_301' title='bbox 630 3376 698 3442; x_wconf 91' lang='lat' dir='ltr'>in</span> <span class='ocrx_word' id='word_1_302' title='bbox 755 3376 1203 3456; x_wconf 86' lang='lat' dir='ltr'>bonaeorum</span> <span class='ocrx_word' id='word_1_303' title='bbox 1253 3375 1656 3444; x_wconf 86' lang='lat' dir='ltr'>inhiaverat.</span> <span class='ocrx_word' id='word_1_304' title='bbox 1696 3380 1933 3443; x_wconf 90' lang='lat' dir='ltr'>Fertur</span> <span class='ocrx_word' id='word_1_305' title='bbox 1979 3375 2164 3443; x_wconf 88' lang='lat' dir='ltr'>enim</span> <span class='ocrx_word' id='word_1_306' title='bbox 2219 3375 2319 3444; x_wconf 93' lang='lat' dir='ltr'>vir</span> <span class='ocrx_word' id='word_1_307' title='bbox 2366 3310 2507 3455; x_wconf 55' lang='lat' dir='ltr'>iile,</span> <span class='ocrx_word' id='word_1_308' title='bbox 2565 3375 2807 3443; x_wconf 89' lang='lat' dir='ltr'>multis</span> <span class='ocrx_word' id='word_1_309' title='bbox 2845 3375 2933 3439; x_wconf 89' lang='lat' dir='ltr'>bo·</span> 
     </span>
     <span class='ocr_line' id='line_1_44' title="bbox 319 3462 2929 3552; baseline -0.002 -22"><span class='ocrx_word' id='word_1_310' title='bbox 319 3527 322 3530; x_wconf 77' lang='grc'>,</span> <span class='ocrx_word' id='word_1_311' title='bbox 426 3464 670 3549; x_wconf 87' lang='lat' dir='ltr'>nisque</span> <span class='ocrx_word' id='word_1_312' title='bbox 709 3463 976 3532; x_wconf 90' lang='lat' dir='ltr'>actibus</span> <span class='ocrx_word' id='word_1_313' title='bbox 1020 3463 1391 3552; x_wconf 81' lang='lat' dir='ltr'>praedituS‚</span> <span class='ocrx_word' id='word_1_314' title='bbox 1435 3463 1764 3534; x_wconf 91' lang='lat' dir='ltr'>adversus</span> <span class='ocrx_word' id='word_1_315' title='bbox 1796 3464 2151 3533; x_wconf 87' lang='lat' dir='ltr'>avaritiam</span> <span class='ocrx_word' id='word_1_316' title='bbox 2195 3486 2435 3550; x_wconf 90' lang='lat' dir='ltr'>parum</span> <span class='ocrx_word' id='word_1_317' title='bbox 2489 3462 2929 3534; x_wconf 77' lang='lat' dir='ltr'>consuluisse:</span> 
     </span>
     <span class='ocr_line' id='line_1_45' title="bbox 429 3550 2933 3642; baseline -0.003 -23"><span class='ocrx_word' id='word_1_318' title='bbox 429 3552 562 3621; x_wconf 91' lang='lat' dir='ltr'>nisi</span> <span class='ocrx_word' id='word_1_319' title='bbox 635 3552 918 3620; x_wconf 88' lang='lat' dir='ltr'>fortasse</span> <span class='ocrx_word' id='word_1_320' title='bbox 978 3553 1169 3641; x_wconf 84' lang='lat' dir='ltr'>regni</span> <span class='ocrx_word' id='word_1_321' title='bbox 1243 3554 1693 3633; x_wconf 87' lang='lat' dir='ltr'>necessitate,</span> <span class='ocrx_word' id='word_1_322' title='bbox 1762 3553 2019 3641; x_wconf 92' lang='lat' dir='ltr'>quippe</span> <span class='ocrx_word' id='word_1_323' title='bbox 2087 3552 2418 3623; x_wconf 83' lang='lat' dir='ltr'>exhausto</span> <span class='ocrx_word' id='word_1_324' title='bbox 2488 3550 2933 3642; x_wconf 80' lang='lat' dir='ltr'>superioribus</span> 
     </span>
     <span class='ocr_line' id='line_1_46' title="bbox 429 3640 2931 3731; baseline -0.002 -24"><span class='ocrx_word' id='word_1_325' title='bbox 429 3640 863 3730; x_wconf 88' lang='lat' dir='ltr'>principibus</span> <span class='ocrx_word' id='word_1_326' title='bbox 904 3640 1346 3728; x_wconf 89' lang='lat' dir='ltr'>Reipublicae</span> <span class='ocrx_word' id='word_1_327' title='bbox 1386 3641 1675 3720; x_wconf 88' lang='lat' dir='ltr'>aerari0,</span> <span class='ocrx_word' id='word_1_328' title='bbox 1720 3663 1889 3730; x_wconf 91' lang='lat' dir='ltr'>pene</span> <span class='ocrx_word' id='word_1_329' title='bbox 1937 3662 2210 3730; x_wconf 87' lang='lat' dir='ltr'>semper</span> <span class='ocrx_word' id='word_1_330' title='bbox 2252 3642 2321 3709; x_wconf 91' lang='lat' dir='ltr'>in</span> <span class='ocrx_word' id='word_1_331' title='bbox 2372 3642 2801 3731; x_wconf 81' lang='lat' dir='ltr'>expeditione</span> <span class='ocrx_word' id='word_1_332' title='bbox 2853 3647 2931 3703; x_wconf 86' lang='lat' dir='ltr'>at·</span> 
     </span>
     <span class='ocr_line' id='line_1_47' title="bbox 425 3728 2927 3821; baseline 0 -25"><span class='ocrx_word' id='word_1_333' title='bbox 425 3750 560 3817; x_wconf 94' lang='lat' dir='ltr'>que</span> <span class='ocrx_word' id='word_1_334' title='bbox 611 3731 966 3817; x_wconf 87' lang='lat' dir='ltr'>procinctu</span> <span class='ocrx_word' id='word_1_335' title='bbox 1021 3729 1351 3799; x_wconf 90' lang='lat' dir='ltr'>bellorum</span> <span class='ocrx_word' id='word_1_336' title='bbox 1406 3730 1713 3798; x_wconf 90' lang='lat' dir='ltr'>civilium</span> <span class='ocrx_word' id='word_1_337' title='bbox 1765 3731 2206 3810; x_wconf 83' lang='lat' dir='ltr'>constitutuS,</span> <span class='ocrx_word' id='word_1_338' title='bbox 2259 3729 2461 3799; x_wconf 88' lang='lat' dir='ltr'>facile</span> <span class='ocrx_word' id='word_1_339' title='bbox 2498 3728 2927 3821; x_wconf 55' lang='lat' dir='ltr'>excusabitur.</span> 
     </span>
     <span class='ocr_line' id='line_1_48' title="bbox 425 3818 2929 3908; baseline -0.001 -22"><span class='ocrx_word' id='word_1_340' title='bbox 425 3818 849 3905; x_wconf 89' lang='lat' dir='ltr'>quibuslibet</span> <span class='ocrx_word' id='word_1_341' title='bbox 886 3819 1368 3888; x_wconf 89' lang='lat' dir='ltr'>occasionibus</span> <span class='ocrx_word' id='word_1_342' title='bbox 1400 3819 1707 3887; x_wconf 88' lang='lat' dir='ltr'>subsidia</span> <span class='ocrx_word' id='word_1_343' title='bbox 1761 3819 2058 3907; x_wconf 89' lang='lat' dir='ltr'>Imperio</span> <span class='ocrx_word' id='word_1_344' title='bbox 2104 3818 2469 3908; x_wconf 86' lang='lat' dir='ltr'>paravisse.</span> <span class='ocrx_word' id='word_1_345' title='bbox 2503 3825 2764 3888; x_wconf 90' lang='lat' dir='ltr'>Interea</span> <span class='ocrx_word' id='word_1_346' title='bbox 2803 3819 2929 3902; x_wconf 82' lang='grc' dir='ltr'>Ερι·</span> 
     </span>
     <span class='ocr_line' id='line_1_49' title="bbox 427 3895 2927 3996; baseline -0.002 -22"><span class='ocrx_word' id='word_1_347' title='bbox 427 3907 640 3996; x_wconf 90' lang='lat' dir='ltr'>scopi,</span> <span class='ocrx_word' id='word_1_348' title='bbox 694 3929 984 3993; x_wconf 87' lang='lat' dir='ltr'>quorum</span> <span class='ocrx_word' id='word_1_349' title='bbox 1050 3907 1609 3976; x_wconf 87' lang='lat' dir='ltr'>communionem</span> <span class='ocrx_word' id='word_1_350' title='bbox 1675 3908 2007 3976; x_wconf 85' lang='lat' dir='ltr'>Martinus</span> <span class='ocrx_word' id='word_1_351' title='bbox 2059 3930 2192 3977; x_wconf 89' lang='lat' dir='ltr'>non</span> <span class='ocrx_word' id='word_1_352' title='bbox 2248 3908 2515 3987; x_wconf 89' lang='lat' dir='ltr'>inibat,</span> <span class='ocrx_word' id='word_1_353' title='bbox 2572 3903 2811 3996; x_wconf 88' lang='lat' dir='ltr'>trepidi</span> <span class='ocrx_word' id='word_1_354' title='bbox 2866 3895 2927 3968; x_wconf 82' lang='lat' dir='ltr'>ad</span> 
     </span>
     <span class='ocr_line' id='line_1_50' title="bbox 426 3996 2928 4085; baseline -0.002 -21"><span class='ocrx_word' id='word_1_355' title='bbox 426 4001 674 4085; x_wconf 83' lang='lat' dir='ltr'>Regem</span> <span class='ocrx_word' id='word_1_356' title='bbox 736 4009 1182 4077; x_wconf 87' lang='lat' dir='ltr'>concurrunt,</span> <span class='ocrx_word' id='word_1_357' title='bbox 1242 3996 1768 4085; x_wconf 89' lang='lat' dir='ltr'>praedamnatos</span> <span class='ocrx_word' id='word_1_358' title='bbox 1822 4019 1893 4065; x_wconf 91' lang='lat' dir='ltr'>se</span> <span class='ocrx_word' id='word_1_359' title='bbox 1934 4010 2432 4084; x_wconf 86' lang='lat' dir='ltr'>conquerentes</span> <span class='ocrx_word' id='word_1_360' title='bbox 2467 4051 2482 4075; x_wconf 90' lang='lat'>‚</span> <span class='ocrx_word' id='word_1_361' title='bbox 2537 4013 2762 4066; x_wconf 87' lang='lat' dir='ltr'>actum</span> <span class='ocrx_word' id='word_1_362' title='bbox 2810 4007 2928 4058; x_wconf 82' lang='lat' dir='ltr'>esse</span> 
     </span>
     <span class='ocr_line' id='line_1_51' title="bbox 428 4077 2926 4174; baseline -0.002 -22"><span class='ocrx_word' id='word_1_363' title='bbox 428 4083 512 4153; x_wconf 92' lang='lat' dir='ltr'>de</span> <span class='ocrx_word' id='word_1_364' title='bbox 561 4107 685 4153; x_wconf 88' lang='lat' dir='ltr'>suo</span> <span class='ocrx_word' id='word_1_365' title='bbox 725 4085 1036 4153; x_wconf 90' lang='lat' dir='ltr'>omnium</span> <span class='ocrx_word' id='word_1_366' title='bbox 1091 4096 1292 4165; x_wconf 88' lang='lat' dir='ltr'>statu,</span> <span class='ocrx_word' id='word_1_367' title='bbox 1352 4085 1408 4153; x_wconf 90' lang='lat' dir='ltr'>si</span> <span class='ocrx_word' id='word_1_368' title='bbox 1460 4085 1854 4174; x_wconf 85' lang='lat' dir='ltr'>Theognisti</span> <span class='ocrx_word' id='word_1_369' title='bbox 1908 4085 2397 4174; x_wconf 88' lang='lat' dir='ltr'>pertinaciam,</span> <span class='ocrx_word' id='word_1_370' title='bbox 2451 4085 2570 4173; x_wconf 91' lang='lat' dir='ltr'>qui</span> <span class='ocrx_word' id='word_1_371' title='bbox 2619 4106 2730 4154; x_wconf 91' lang='lat' dir='ltr'>eos</span> <span class='ocrx_word' id='word_1_372' title='bbox 2775 4077 2926 4171; x_wconf 57' lang='lat' dir='ltr'>solu}</span> 
     </span>
     <span class='ocr_line' id='line_1_52' title="bbox 379 4172 2928 4262; baseline -0.004 -21"><span class='ocrx_word' id='word_1_373' title='bbox 379 4227 380 4230; x_wconf 63' lang='lat'>,</span> <span class='ocrx_word' id='word_1_374' title='bbox 432 4172 658 4262; x_wconf 88' lang='lat' dir='ltr'>palam</span> <span class='ocrx_word' id='word_1_375' title='bbox 727 4173 858 4242; x_wconf 87' lang='lat' dir='ltr'>lata</span> <span class='ocrx_word' id='word_1_376' title='bbox 927 4176 1262 4244; x_wconf 87' lang='lat' dir='ltr'>sententia</span> <span class='ocrx_word' id='word_1_377' title='bbox 1319 4174 1916 4254; x_wconf 89' lang='lat' dir='ltr'>condemnaverat,</span> <span class='ocrx_word' id='word_1_378' title='bbox 1980 4175 2249 4244; x_wconf 86' lang='lat' dir='ltr'>Martini</span> <span class='ocrx_word' id='word_1_379' title='bbox 2315 4186 2613 4243; x_wconf 87' lang='lat' dir='ltr'>armaret</span> <span class='ocrx_word' id='word_1_380' title='bbox 2677 4181 2928 4241; x_wconf 81' lang='lat' dir='ltr'>aucton-</span> 
     </span>
     <span class='ocr_line' id='line_1_53' title="bbox 435 4262 2916 4352; baseline 0 -23"><span class='ocrx_word' id='word_1_381' title='bbox 435 4276 583 4339; x_wconf 81' lang='lat' dir='ltr'>tas3</span> <span class='ocrx_word' id='word_1_382' title='bbox 637 4281 768 4329; x_wconf 91' lang='lat' dir='ltr'>non</span> <span class='ocrx_word' id='word_1_383' title='bbox 823 4263 1205 4352; x_wconf 84' lang='lat' dir='ltr'>oportuisse</span> <span class='ocrx_word' id='word_1_384' title='bbox 1271 4262 1619 4332; x_wconf 87' lang='lat' dir='ltr'>hominem</span> <span class='ocrx_word' id='word_1_385' title='bbox 1677 4263 1885 4352; x_wconf 88' lang='lat' dir='ltr'>recipi</span> <span class='ocrx_word' id='word_1_386' title='bbox 1948 4263 2345 4347; x_wconf 90' lang='lat' dir='ltr'>moenibus;</span> <span class='ocrx_word' id='word_1_387' title='bbox 2399 4262 2594 4332; x_wconf 89' lang='lat' dir='ltr'>illum</span> <span class='ocrx_word' id='word_1_388' title='bbox 2632 4264 2765 4352; x_wconf 89' lang='lat' dir='ltr'>jam</span> <span class='ocrx_word' id='word_1_389' title='bbox 2812 4269 2916 4320; x_wconf 77' lang='lat' dir='ltr'>¹¹0ss</span> 
     </span>
    </p>
   </div>
   <div class='ocr_carea' id='block_1_4' title="bbox 493 4421 2884 4529">
    <p class='ocr_par' dir='ltr' id='par_1_4' title="bbox 493 4421 2884 4529">
     <span class='ocr_line' id='line_1_54' title="bbox 493 4421 796 4460; baseline 0.013 -4"><span class='ocrx_word' id='word_1_390' title='bbox 493 4421 518 4447; x_wconf 64' lang='lat'>¹*</span> <span class='ocrx_word' id='word_1_391' title='bbox 655 4428 678 4456; x_wconf 78' lang='lat' dir='ltr'>o</span> <span class='ocrx_word' id='word_1_392' title='bbox 707 4425 758 4457; x_wconf 62' lang='lat'>:58</span> <span class='ocrx_word' id='word_1_393' title='bbox 787 4451 796 4460; x_wconf 95' lang='lat'>.</span> 
     </span>
     <span class='ocr_line' id='line_1_55' title="bbox 494 4423 2884 4529; baseline 0 -17"><span class='ocrx_word' id='word_1_394' title='bbox 494 4423 879 4522; x_wconf 35' lang='lat' dir='ltr'>‘&#39;Affigistssms</span> <span class='ocrx_word' id='word_1_395' title='bbox 901 4487 1086 4526; x_wconf 78' lang='lat' dir='ltr'>nempe:</span> <span class='ocrx_word' id='word_1_396' title='bbox 1109 4479 1190 4518; x_wconf 80' lang='lat' dir='ltr'>sed</span> <span class='ocrx_word' id='word_1_397' title='bbox 1212 4488 1411 4527; x_wconf 72' lang='lat' dir='ltr'>quanam</span> <span class='ocrx_word' id='word_1_398' title='bbox 1439 4480 1671 4528; x_wconf 76' lang='lat' dir='ltr'>potestate</span> <span class='ocrx_word' id='word_1_399' title='bbox 1689 4476 2117 4529; x_wconf 70' lang='lat' dir='ltr'>jurisdictioneque</span> <span class='ocrx_word' id='word_1_400' title='bbox 2135 4478 2211 4520; x_wconf 82' lang='lat' dir='ltr'>hic</span> <span class='ocrx_word' id='word_1_401' title='bbox 2232 4479 2469 4529; x_wconf 69' lang='lat' dir='ltr'>praeustas</span> <span class='ocrx_word' id='word_1_402' title='bbox 2493 4479 2654 4521; x_wconf 66' lang='lat' dir='ltr'>ruerat,</span> <span class='ocrx_word' id='word_1_403' title='bbox 2674 4471 2884 4524; x_wconf 42' lang='lat' dir='ltr'>ignorum*</span> 
     </span>
    </p>
   </div>
   <div class='ocr_carea' id='block_1_5' title="bbox 2960 3956 2966 4708">
    <p class='ocr_par' dir='ltr' id='par_1_5' title="bbox 2960 3956 2966 4708">
     <span class='ocr_line' id='line_1_56' title="bbox 2960 3956 2966 4708; baseline 0 0"><span class='ocrx_word' id='word_1_404' title='bbox 2960 3956 2966 4708; x_wconf 95' lang='lat' dir='ltr'> </span> 
     </span>
    </p>
   </div>
  </div>
 </body>
</html>
