2993 4837
50 372 183 435 Nol.
229 371 265 434 3
715 388 796 433 ns
843 387 901 433 s.
956 384 1273 433 uncina
1321 386 1419 431 ιιι».
1474 385 1819 432 masania
2369 369 2452 433 79

44 471 246 551 omnia,
296 470 409 540 ubi
458 469 639 539 mihi
690 491 912 557 aeque
959 468 1168 548 salva,
1207 480 1287 538 ut
1318 468 1388 538 in
1431 490 1643 538 manu
1692 468 2048 540 auctoris?
2095 469 2262 553 Quis
2312 469 2401 539 ita
2449 469 2537 539 ad

42 559 391 630 servandum
441 558 818 639 sollicitus,
873 557 957 627 ad
996 556 1426 626 retinendum
1482 571 1745 647 potenS,
1795 558 1879 627 ad
1920 557 2418 628 restituendum
2455 559 2539 627 fi-
2631 627 2636 634 ,

38 649 223 719 delia?
262 648 565 717 servabit
614 661 789 728 tut0,
838 646 1146 717 restituet
1175 658 1584 736 opportune.
1641 647 1799 716 Sine
1845 647 2250 717 retractione
2292 669 2400 716 me
2449 647 2541 717 do

37 738 103 807 ad
138 736 539 808 serviendum
585 735 692 804 illi
744 736 832 805 de
880 735 1081 805 donis
1137 736 1305 806 suiS.
1361 740 1504 806 Non
1550 748 1767 826 potest
1815 736 1987 805 mibi
2025 735 2247 825 perire
2277 756 2356 805 ex
2388 757 2540 805 om·-

43 825 209 896 nibus
253 847 421 913 quae
476 825 548 893 in
619 846 806 914 opus
876 823 1144 913 pietatis
1206 824 1617 914 expendero.
1672 829 1863 895 Forte
1920 837 1987 894 et
2034 846 2313 915 sperare
2379 823 2539 914 plus

38 913 245 1002 aliquid
290 913 465 984 licet.
522 912 715 984 Solet
764 913 1046 984 reddere
1091 935 1252 983 cum
1305 935 1521 983 usura
1550 968 1565 994 ‚
1618 934 1796 1000 quae
1829 913 1947 983 dat
1984 915 2221 1005 gratiS.
2261 918 2362 983 Ita
2408 928 2531 983 est.

30 1003 207 1073 Etiam
250 1003 656 1082 cumulabit,
715 1015 783 1071 et
818 1001 1308 1092 multiplicabit
1338 1002 1406 1070 in
1439 1003 1675 1071 anima
1725 1024 1876 1072 mea
1912 1002 2253 1072 virtutem.
2290 1025 2325 1069 »
2356 1006 2538 1071 Haec

49 1092 339 1192 witarit,
399 1102 465 1162 et
524 1091 739 1172 fecit,
801 1091 1028 1162 sciens
1087 1092 1347 1178 absque
1398 1089 1574 1160 facto
1624 1113 1835 1161 vanas
1881 1112 2033 1162 esse
2090 1091 2540 1181 cogitationes

54 1201 366 1248 ominum.

106 1270 139 1355 ξ
170 1272 248 1340 8.
296 1273 448 1338 Erat
495 1268 714 1338 homo
750 1268 820 1335 in
857 1268 1123 1338 civitate
1172 1268 1559 1338 Ardinacha
1593 1269 1624 1303 ⁴⁸
1667 1269 1847 1360 (ipsa
1885 1281 2010 1349 est,
2050 1269 2118 1337 in
2156 1291 2294 1356 qua
2327 1267 2554 1360 alitus*

55 1384 88 1415 :·-
155 1356 549 1446 llalacbias)‚
590 1371 662 1427 et
702 1357 911 1426 homo
944 1356 1058 1426 ille
1101 1369 1406 1436 sauctus,
1452 1372 1519 1427 et
1566 1370 1879 1429 austerae
1912 1357 2285 1427 admodum
2333 1357 2530 1442 vitae,

58 1475 116 1508 n·
157 1445 410 1517 orabilis
438 1446 827 1537 castigator
849 1445 1156 1535 corporis
1190 1445 1323 1526 sui,
1358 1445 1599 1516 cellam
1641 1447 1903 1518 babens
1923 1448 2118 1537 juxta
2145 1445 2531 1516 ecclesiam.

31 1546 100 1604 a
133 1557 197 1604 ea
228 1536 557 1616 manebat,
595 1534 899 1626 jejuniis
945 1548 1011 1604 et
1055 1535 1648 1606 obsecrationibus
1688 1537 1991 1607 serviens
2039 1535 2149 1604 die
2189 1557 2268 1604 ac
2311 1546 2530 1604 nocte.

90 1651 100 1683 ε
139 1624 298 1695 bunc
320 1647 388 1694 se
417 1624 727 1695 contulit
753 1623 1145 1704 Malachiae,
1176 1623 1465 1693 formam
1507 1625 1679 1694 vitae
1705 1637 2115 1715 accepturus
2154 1624 2241 1694 ab
2270 1646 2373 1706 eo,
2410 1625 2530 1711 qui

43 1711 225 1782 ··'vum
268 1735 333 1784 se
365 1714 479 1784 tali
515 1714 976 1784 damnaverat
1012 1713 1391 1802 sepultura.
1446 1718 1523 1782 Et
1573 1713 1724 1783 vide
1771 1713 2253 1784 humilitatem.
2299 1718 2347 1783 A
2399 1714 2535 1803 pri-

61 1814 64 1819 “
113 1822 235 1870 eva
274 1815 478 1872 aetate
531 1804 602 1872 in
664 1815 901 1872 sancta
938 1814 1082 1871 arte
1121 1802 1528 1892 magistrum
1570 1803 1797 1891 (quod
1859 1802 2152 1873 dubium
2201 1824 2334 1872 non
2383 1802 2537 1890 est)

85 1926 92 1933 ··
116 1889 318 1961 buerat
340 1896 550 1962 Deum
578 1914 595 1971 ;
632 1902 702 1959 et
733 1912 890 1959 ecce
916 1890 1135 1961 lactus
1158 1905 1260 1960 est
1289 1892 1519 1961 denuo
1550 1891 1940 1981 discipulus
1968 1892 2290 1971 bominis,
2329 1890 2534 1960 homo

98 2026 106 2039 ·
169 2008 180 2039 2
218 1993 277 2048 et
311 1980 601 2050 humilis
640 1979 869 2048 corde.
924 1979 989 2047 Si
1033 1980 1514 2050 nesciebamus
1543 2035 1558 2060 ,
1617 1980 1742 2050 hoc
1798 1980 1897 2049 vel
1947 1979 2090 2049 solo
2142 1980 2339 2048 nobis
2389 1980 2535 2068 ipse

102 2069 312 2137 ιινίι.
360 2073 628 2158 Legant
670 2067 823 2146 hoc,
876 2067 995 2152 qui
1030 2066 1312 2145 docere,
1365 2089 1545 2154 quae
1586 2090 1719 2136 non
1758 2068 2060 2137 didicere
2091 2121 2107 2145 ,
2163 2081 2525 2148 conantur,

63 2155 355 2245 &ebulos
381 2159 516 2227 sibi
551 2168 1064 2235 coacervantes,
1104 2156 1223 2242 qui
1258 2178 1616 2244 nunquam
1651 2156 1980 2246 discipuli
2009 2156 2309 2238 extitere,
2346 2157 2529 2225 caeci

53 2256 81 2305 τε·
145 2266 610 2316 caecorum.
675 2244 1044 2314 Malachias
1091 2244 1334 2314 doctus
1380 2267 1417 2314 a
1474 2249 1624 2326 De0,
1679 2245 2021 2315 doctorem
2077 2244 2533 2315 nibilominus

17 2378 113 2413 ,
174 2332 311 2403 siit
357 2335 722 2404 hominem
756 2389 771 2414 ,
815 2346 879 2403 et
928 2333 1207 2421 quidem
1260 2347 1455 2403 caute
1505 2348 1570 2403 et
1609 2336 1974 2425 sapienter.
2021 2333 2195 2417 Quid
2255 2333 2482 2403 simile
2512 2389 2528 2414 ,

17 2445 264 2507 ···srno,
296 2425 538 2495 afferre
588 2424 858 2511 quibat,
916 2424 983 2492 in
1015 2445 1152 2510 quo
1191 2445 1407 2510 aeque
1438 2423 1631 2494 daret
1663 2437 2066 2513 caperetque
2106 2423 2533 2512 experimen-

51 2545 148 2584 μ’
193 2513 512 2602 profectus
549 2513 722 2583 sui‘?
770 2514 837 2582 Si
879 2512 1253 2583 Malachiae
1299 2513 1690 2603 exemplum
1745 2515 1845 2583 eis
1888 2535 2008 2603 pro
2049 2511 2339 2581 minimo
2386 2526 2527 2593 est,

75 2594 195 2699 guli
224 2623 382 2692 opus
428 2601 823 2673 attendant.
876 2607 1111 2671 Nonne
1150 2601 1597 2691 Evangelium
1634 2625 1865 2683 suum,
1903 2601 2083 2689 quod
2121 2622 2253 2671 non
2292 2601 2380 2671 ab
2415 2601 2532 2670 ho-

83 2719 87 2724 ·
124 2708 189 2757 ae
213 2705 579 2782 acceperat,
627 2690 741 2760 sed
779 2713 817 2759 a
851 2690 1137 2770 ChristO,
1182 2711 1340 2759 cum
1378 2691 1779 2761 bominibus
1812 2703 2034 2760 tamen
2071 2691 2341 2760 censuit
2371 2713 2532 2761 con-

17 2833 22 2864 κ]
67 2777 360 2859 rendum,
406 2804 492 2851 ne
536 2780 716 2850 sorte
756 2779 820 2847 in
861 2801 1152 2848 vacuum
1186 2793 1515 2860 curreret,
1569 2793 1688 2849 aut
1726 2780 2198 2851 cucurrisset?
2242 2779 2365 2849 Ubi
2418 2778 2532 2849 ille

47 2883 111 2930 ’θ’
174 2888 177 2889 ’
244 2892 271 2939 s
315 2892 443 2939 non
497 2881 633 2948 est,
679 2890 802 2937 nec
850 2890 997 2958 ego.
1055 2867 1122 2937 Si
1164 2868 1321 2954 quis
1369 2868 1499 2937 hoc
1548 2869 1719 2948 scit,
1775 2869 2041 2949 viderit,
2083 2891 2166 2938 ne
2203 2890 2336 2937 non
2390 2882 2525 2937 tam

99 2956 308 3027 ··uritas
335 2959 465 3038 sit,
525 2979 741 3045 quam
796 2956 1162 3026 temeritas.
1206 2955 1332 3025 Sed
1387 2959 1552 3025 baec
1599 2956 1883 3028 alterius
1931 2957 2282 3046 temporis.
2336 2962 2529 3028 Nunc

203 3049 395 3117 sonuit
447 3048 519 3116 in
574 3046 870 3125 civitate,
909 3045 1091 3132 quod
1128 3044 1384 3114 sactum
1436 3057 1559 3126 est,
1604 3059 1668 3116 et
1699 3060 2040 3136 commota
2074 3059 2177 3117 est
2208 3047 2528 3116 universa

17 3215 25 3225 ¹
142 3136 529 3221 mpinatam
574 3135 965 3205 novitatem.
999 3135 1378 3223 Stupebant
1403 3146 1630 3203 autem
1664 3157 1927 3216 omneS,
1958 3148 2023 3205 et
2054 3135 2370 3204 virtutem
2404 3136 2529 3203 mi·

17 3302 22 3309 ⁴
190 3234 331 3303 tur,
371 3245 599 3311 eoque
650 3222 977 3313 amplius,
1023 3244 1162 3311 quo
1213 3222 1444 3293 minus
1494 3224 1812 3293 usitatam
1859 3225 1925 3292 in
1965 3236 2164 3313 gente
2203 3223 2368 3292 fera.
2425 3225 2531 3291 Vi·

97 3335 99 3338 ·
149 3337 184 3370 ³..
234 3323 384 3381 tunc
437 3310 728 3381 revelari
777 3334 852 3381 ex
906 3312 1281 3381 multorum
1324 3311 1654 3383 cordibus
1704 3313 2173 3400 cogitationes.
2221 3312 2531 3397 Plerique

66 3412 290 3487 humano
333 3402 588 3479 affectu
643 3413 1005 3489 pensantes
1054 3400 1337 3481 factum,
1398 3399 1723 3490 plangere
1767 3413 1833 3470 et
1860 3400 2089 3471 dolere
2127 3400 2308 3486 quod
2362 3398 2528 3468 dile·

63 3507 96 3528 -·
139 3511 148 3544 :
195 3491 530 3571 omnibuS,
580 3488 1053 3576 delicatusque
1101 3489 1522 3567 adolescens,
1579 3488 1775 3559 duris
1831 3511 1902 3558 se
1959 3489 2126 3559 adeo
2178 3488 2530 3558 laboribus

65 3574 467 3663 ·ncipasset.
510 3577 636 3647 Alii
674 3578 1004 3667 suspicati
1042 3579 1375 3647 levitatem
1417 3591 1692 3679 propter
1740 3591 2052 3659 aetatem,
2105 3576 2416 3647 diffidere
2445 3576 2531 3645 de

65 3672 514 3741 ···rseverantia,
573 3667 811 3735 timere
859 3666 943 3735 de
990 3689 1179 3737 casu.
1234 3666 1557 3737 Nonnulli
1624 3669 2065 3738 temeritatem
2117 3676 2524 3747 causanteS,
2617 3732 2630 3743 ,

15 3801 23 3840 7
65 3745 331 3837 ···ignari
380 3769 445 3824 et
480 3756 771 3825 fremere
813 3755 879 3824 in
921 3777 1105 3834 eum,
1158 3755 1339 3842 quod
1393 3777 1604 3844 supra
1654 3768 1936 3826 aetatem
1973 3769 2037 3826 et
2068 3757 2242 3825 vires
2294 3755 2531 3823 incon-

17 3832 182 3934 .·³lte
211 3861 338 3910 rem
388 3843 679 3913 arduam
732 3843 974 3913 suisset
1019 3866 1408 3933 aggressus.
1448 3849 1693 3913 Verum
1741 3846 1853 3914 ille
1884 3846 2032 3915 sine
2062 3844 2347 3915 consilio
2395 3844 2532 3932 egit

82 3920 198 4025 tlul.
246 3934 403 3999 Nam
459 3931 704 4000 babuit
750 3932 1113 4001 consilium
1168 3955 1205 4000 a
1258 3933 1612 4021 propbeta,
1651 3934 1771 4019 qui
1806 3934 1934 4004 ait:
1989 3940 2243 4003 Bonum
2277 3943 2368 4001 est
2418 3933 2531 4002 Ιιο·

111 4015 190 4094 ι’,
221 4022 281 4085 si
301 4030 673 4109 portaverit
694 4021 943 4110 juqum
978 4023 1059 4091 ab
1093 4022 1565 4091 adolescentia.
1607 4027 1683 4091 Et
1715 4022 1945 4091 addit:
1998 4024 2256 4091 Sedebit
2295 4023 2531 4091 solita-

75 4114 144 4200 ,ι’
191 4116 245 4203 et
288 4112 548 4190 tacebit,
595 4111 762 4200 quia
813 4112 1056 4179 levavit
1102 4134 1171 4180 se
1217 4134 1428 4212 snpra
1464 4134 1534 4180 se
1564 4110 1838 4199 (der-em.
1885 4111 2034 4179 Thr.
2072 4111 2196 4199 111).
2245 4110 2531 4180 Sedebat

17 4247 20 4252 .
96 4184 147 4255 hi
179 4199 581 4279 juvenculus
631 4220 832 4266 secus
865 4199 1065 4287 pedes
1102 4202 1339 4269 Imarii
1373 4202 1532 4284 (boc
1572 4201 1754 4269 enim
1795 4219 2041 4268 nomen
2074 4199 2270 4288 viro),
2313 4211 2377 4267 et
2413 4209 2534 4268 aut

141 4281 811 4366 batobedientiam,
845 4300 957 4355 aut
982 4311 1051 4358 se
1085 4289 1411 4359 didicisse
1451 4289 1760 4359 docebat.
1800 4286 2087 4357 Sedebat
2119 4301 2195 4358 ut
2225 4287 2522 4374 quietus,

17 4423 18 4428 ,
94 4373 520 4448 mansuetus,
577 4387 657 4445 ut
706 4373 1008 4446 humilis.
1064 4378 1373 4458 sedebat,
1412 4391 1477 4446 et
1527 4378 1811 4457 tacebat,
1867 4374 2093 4445 sciens
2142 4372 2528 4446 secundum

98 4486 109 4507 '
130 4494 301 4549 A‘mffi,
320 4502 430 4541 oum
452 4501 605 4543 totius
630 4500 814 4540 imolae
836 4502 1113 4554 metropolis.
1138 4507 1168 4544 A
1192 4507 1231 4546 S.
1257 4505 1458 4573 Patricio
1479 4505 1668 4545 condita
1689 4506 1851 4546 fertur.

2679 4496 2784 4561 ,μί’
