<?xml version="1.0" encoding="UTF-8"?>
<!DOCTYPE html PUBLIC "-//W3C//DTD XHTML 1.0 Transitional//EN"
    "http://www.w3.org/TR/xhtml1/DTD/xhtml1-transitional.dtd">
<html xmlns="http://www.w3.org/1999/xhtml" xml:lang="en" lang="en">
 <head>
  <title>
</title>
<meta http-equiv="Content-Type" content="text/html;charset=utf-8" />
  <meta name='ocr-system' content='tesseract 3.04.00' />
  <meta name='ocr-capabilities' content='ocr_page ocr_carea ocr_par ocr_line ocrx_word'/>
</head>
<body>
  <div class='ocr_page' id='page_1' title='image "./historiaeseuvit05lippgoog_0374.png"; bbox 0 0 2993 4837; ppageno 0'>
   <div class='ocr_carea' id='block_1_1' title="bbox 463 308 2857 837">
    <p class='ocr_par' dir='ltr' id='par_1_1' title="bbox 463 308 2857 837">
     <span class='ocr_line' id='line_1_1' title="bbox 463 308 2857 374; baseline -0.001 0"><span class='ocrx_word' id='word_1_1' title='bbox 463 310 589 374; x_wconf 83' lang='lat'>338</span> <span class='ocrx_word' id='word_1_2' title='bbox 2619 308 2772 373; x_wconf 68' lang='lat' dir='ltr'>NOV.</span> <span class='ocrx_word' id='word_1_3' title='bbox 2819 308 2857 372; x_wconf 88' lang='lat'>8</span> 
     </span>
     <span class='ocr_line' id='line_1_2' title="bbox 1525 450 2550 596; baseline 0.01 -2"><span class='ocrx_word' id='word_1_4' title='bbox 1525 519 1769 596; x_wconf 91' lang='lat' dir='ltr'><strong>VITA</strong></span> <span class='ocrx_word' id='word_1_5' title='bbox 2539 450 2550 459; x_wconf 89' lang='lat'><strong>·</strong></span> 
     </span>
     <span class='ocr_line' id='line_1_3' title="bbox 717 734 2575 837; baseline -0.001 -2"><span class='ocrx_word' id='word_1_6' title='bbox 717 738 797 835; x_wconf 78' lang='lat' dir='ltr'>s,</span> <span class='ocrx_word' id='word_1_7' title='bbox 870 736 1415 837; x_wconf 73' lang='lat' dir='ltr'>Gonssrfflm</span> <span class='ocrx_word' id='word_1_8' title='bbox 1490 736 1800 835; x_wconf 65' lang='lat' dir='ltr'>episc,</span> <span class='ocrx_word' id='word_1_9' title='bbox 1879 734 2575 835; x_wconf 70' lang='lat' dir='ltr'>AMssnNENsts</span> 
     </span>
    </p>
   </div>
   <div class='ocr_carea' id='block_1_2' title="bbox 461 993 2803 1291">
    <p class='ocr_par' dir='ltr' id='par_1_2' title="bbox 461 993 2803 1291">
     <span class='ocr_line' id='line_1_4' title="bbox 637 993 2640 1055; baseline -0.001 -14"><span class='ocrx_word' id='word_1_10' title='bbox 637 994 919 1042; x_wconf 83' lang='lat' dir='ltr'>AUCTORE</span> <span class='ocrx_word' id='word_1_11' title='bbox 965 993 1233 1043; x_wconf 74' lang='lat' dir='ltr'>NtCOLAo</span> <span class='ocrx_word' id='word_1_12' title='bbox 1281 993 1579 1042; x_wconf 70' lang='lat' dir='ltr'><strong>MONACHO</strong></span> <span class='ocrx_word' id='word_1_13' title='bbox 1627 993 2098 1055; x_wconf 82' lang='lat' dir='ltr'>SUESSIONENSI,</span> <span class='ocrx_word' id='word_1_14' title='bbox 2153 995 2302 1041; x_wconf 83' lang='lat' dir='ltr'>EJUS</span> <span class='ocrx_word' id='word_1_15' title='bbox 2351 994 2640 1051; x_wconf 80' lang='lat' dir='ltr'><strong>AEQUALI.</strong></span> 
     </span>
     <span class='ocr_line' id='line_1_5' title="bbox 461 1097 2803 1176; baseline -0.002 -9"><span class='ocrx_word' id='word_1_16' title='bbox 461 1121 650 1168; x_wconf 80' lang='lat' dir='ltr'>CUJUS</span> <span class='ocrx_word' id='word_1_17' title='bbox 698 1120 905 1169; x_wconf 72' lang='lat' dir='ltr'><strong>TAMEN</strong></span> <span class='ocrx_word' id='word_1_18' title='bbox 938 1119 1271 1168; x_wconf 67' lang='lat' dir='ltr'>mortorum</span> <span class='ocrx_word' id='word_1_19' title='bbox 1322 1121 1544 1167; x_wconf 77' lang='lat' dir='ltr'>PAssm</span> <span class='ocrx_word' id='word_1_20' title='bbox 1591 1119 1865 1166; x_wconf 70' lang='lat' dir='ltr'>MUTAVIT</span> <span class='ocrx_word' id='word_1_21' title='bbox 1900 1120 1974 1165; x_wconf 74' lang='lat' dir='ltr'>m·</span> <span class='ocrx_word' id='word_1_22' title='bbox 2009 1119 2381 1176; x_wconf 59' lang='lat' dir='ltr'><strong>PLERUUQUE</strong></span> <span class='ocrx_word' id='word_1_23' title='bbox 2413 1118 2744 1168; x_wconf 68' lang='lat' dir='ltr'>commu</span> <span class='ocrx_word' id='word_1_24' title='bbox 2775 1097 2803 1129; x_wconf 59' lang='lat'>³*</span> 
     </span>
     <span class='ocr_line' id='line_1_6' title="bbox 1299 1244 1988 1291; baseline 0 -2"><span class='ocrx_word' id='word_1_25' title='bbox 1299 1244 1689 1291; x_wconf 78' lang='lat' dir='ltr'><strong>LAURENTIUS</strong></span> <span class='ocrx_word' id='word_1_26' title='bbox 1737 1244 1988 1291; x_wconf 79' lang='lat' dir='ltr'>SURIUS.</span> 
     </span>
    </p>
   </div>
   <div class='ocr_carea' id='block_1_3' title="bbox 649 1460 2636 1526">
    <p class='ocr_par' dir='ltr' id='par_1_3' title="bbox 649 1460 2636 1526">
     <span class='ocr_line' id='line_1_7' title="bbox 649 1460 2636 1526; baseline 0.002 -11"><span class='ocrx_word' id='word_1_27' title='bbox 649 1460 800 1515; x_wconf 79' lang='lat' dir='ltr'>Nat.</span> <span class='ocrx_word' id='word_1_28' title='bbox 847 1473 1024 1516; x_wconf 81' lang='lat' dir='ltr'>anno</span> <span class='ocrx_word' id='word_1_29' title='bbox 1067 1462 1254 1526; x_wconf 84' lang='lat'>1066,</span> <span class='ocrx_word' id='word_1_30' title='bbox 1298 1464 1612 1516; x_wconf 84' lang='lat' dir='ltr'>mortuus</span> <span class='ocrx_word' id='word_1_31' title='bbox 1654 1473 1833 1516; x_wconf 80' lang='lat' dir='ltr'>anno</span> <span class='ocrx_word' id='word_1_32' title='bbox 1873 1462 2014 1515; x_wconf 83' lang='lat'>1115</span> <span class='ocrx_word' id='word_1_33' title='bbox 2056 1490 2132 1499; x_wconf 93' lang='lat'>—</span> <span class='ocrx_word' id='word_1_34' title='bbox 2174 1460 2331 1516; x_wconf 80' lang='lat' dir='ltr'>Nat.</span> <span class='ocrx_word' id='word_1_35' title='bbox 2366 1460 2636 1519; x_wconf 77' lang='lat' dir='ltr'><strong>Gallus,</strong></span> 
     </span>
    </p>
   </div>
   <div class='ocr_carea' id='block_1_4' title="bbox 370 1639 2934 3950">
    <p class='ocr_par' dir='ltr' id='par_1_4' title="bbox 372 1639 2934 2599">
     <span class='ocr_line' id='line_1_8' title="bbox 461 1639 2880 1730; baseline -0.001 -20"><span class='ocrx_word' id='word_1_36' title='bbox 461 1643 497 1727; x_wconf 67' lang='grc' dir='ltr'>ξ</span> <span class='ocrx_word' id='word_1_37' title='bbox 548 1643 620 1711; x_wconf 77' lang='lat'>1.</span> <span class='ocrx_word' id='word_1_38' title='bbox 675 1639 1093 1711; x_wconf 79' lang='lat' dir='ltr'>Venerabilis</span> <span class='ocrx_word' id='word_1_39' title='bbox 1148 1639 1556 1711; x_wconf 79' lang='lat' dir='ltr'>Godefridus</span> <span class='ocrx_word' id='word_1_40' title='bbox 1616 1662 1788 1730; x_wconf 80' lang='lat' dir='ltr'>pago</span> <span class='ocrx_word' id='word_1_41' title='bbox 1825 1641 1894 1675; x_wconf 71' lang='lat'>*⁴⁸</span> <span class='ocrx_word' id='word_1_42' title='bbox 1934 1640 2408 1711; x_wconf 88' lang='lat' dir='ltr'>Suessionensi</span> <span class='ocrx_word' id='word_1_43' title='bbox 2441 1640 2671 1711; x_wconf 89' lang='lat' dir='ltr'>editus</span> <span class='ocrx_word' id='word_1_44' title='bbox 2706 1640 2880 1709; x_wconf 85' lang='lat' dir='ltr'>estin</span> 
     </span>
     <span class='ocr_line' id='line_1_9' title="bbox 376 1729 2876 1819; baseline -0 -21"><span class='ocrx_word' id='word_1_45' title='bbox 376 1730 624 1805; x_wconf 83' lang='lat' dir='ltr'>lucem,</span> <span class='ocrx_word' id='word_1_46' title='bbox 680 1729 1053 1816; x_wconf 81' lang='lat' dir='ltr'><strong>habuitque</strong></span> <span class='ocrx_word' id='word_1_47' title='bbox 1116 1743 1428 1819; x_wconf 82' lang='lat' dir='ltr'>parentes</span> <span class='ocrx_word' id='word_1_48' title='bbox 1479 1730 1840 1818; x_wconf 59' lang='lat' dir='ltr'>iugatum,</span> <span class='ocrx_word' id='word_1_49' title='bbox 1895 1729 2029 1798; x_wconf 87' lang='lat' dir='ltr'>fide</span> <span class='ocrx_word' id='word_1_50' title='bbox 2077 1742 2142 1799; x_wconf 91' lang='lat' dir='ltr'>et</span> <span class='ocrx_word' id='word_1_51' title='bbox 2189 1730 2455 1799; x_wconf 88' lang='lat' dir='ltr'>actione</span> <span class='ocrx_word' id='word_1_52' title='bbox 2513 1729 2876 1800; x_wconf 72' lang='lat' dir='ltr'>catholicos,</span> 
     </span>
     <span class='ocr_line' id='line_1_10' title="bbox 374 1817 2882 1908; baseline -0.001 -22"><span class='ocrx_word' id='word_1_53' title='bbox 374 1823 567 1887; x_wconf 88' lang='lat' dir='ltr'>Pater</span> <span class='ocrx_word' id='word_1_54' title='bbox 612 1818 761 1908; x_wconf 87' lang='lat' dir='ltr'>ejus</span> <span class='ocrx_word' id='word_1_55' title='bbox 813 1818 1048 1897; x_wconf 86' lang='lat' dir='ltr'>Frodo,</span> <span class='ocrx_word' id='word_1_56' title='bbox 1099 1833 1314 1887; x_wconf 86' lang='lat' dir='ltr'>mater</span> <span class='ocrx_word' id='word_1_57' title='bbox 1348 1818 1690 1887; x_wconf 88' lang='lat' dir='ltr'>Elizabeth</span> <span class='ocrx_word' id='word_1_58' title='bbox 1739 1818 1918 1887; x_wconf 87' lang='lat' dir='ltr'>dicta</span> <span class='ocrx_word' id='word_1_59' title='bbox 1969 1831 2090 1888; x_wconf 89' lang='lat' dir='ltr'>est.</span> <span class='ocrx_word' id='word_1_60' title='bbox 2148 1818 2493 1907; x_wconf 84' lang='lat' dir='ltr'>Degebant</span> <span class='ocrx_word' id='word_1_61' title='bbox 2530 1833 2755 1887; x_wconf 88' lang='lat' dir='ltr'>autem</span> <span class='ocrx_word' id='word_1_62' title='bbox 2797 1817 2882 1885; x_wconf 88' lang='lat' dir='ltr'>illi</span> 
     </span>
     <span class='ocr_line' id='line_1_11' title="bbox 374 1906 2880 1997; baseline 0 -22"><span class='ocrx_word' id='word_1_63' title='bbox 374 1906 441 1975; x_wconf 94' lang='lat' dir='ltr'>in</span> <span class='ocrx_word' id='word_1_64' title='bbox 499 1906 773 1995; x_wconf 82' lang='lat' dir='ltr'>praedio</span> <span class='ocrx_word' id='word_1_65' title='bbox 824 1907 1358 1987; x_wconf 84' lang='lat' dir='ltr'>Moulicurtensi,</span> <span class='ocrx_word' id='word_1_66' title='bbox 1414 1920 1477 1977; x_wconf 88' lang='lat' dir='ltr'>et</span> <span class='ocrx_word' id='word_1_67' title='bbox 1509 1908 1837 1976; x_wconf 88' lang='lat' dir='ltr'>coenobio</span> <span class='ocrx_word' id='word_1_68' title='bbox 1880 1907 2113 1976; x_wconf 89' lang='lat' dir='ltr'>beatae</span> <span class='ocrx_word' id='word_1_69' title='bbox 2148 1908 2395 1976; x_wconf 82' lang='lat' dir='ltr'>Mariae</span> <span class='ocrx_word' id='word_1_70' title='bbox 2427 1906 2880 1997; x_wconf 54' lang='lat' dir='ltr'>Novigenti&#39;ff*</span> 
     </span>
     <span class='ocr_line' id='line_1_12' title="bbox 372 1995 2878 2083; baseline -0 -19"><span class='ocrx_word' id='word_1_71' title='bbox 372 2017 407 2064; x_wconf 94' lang='lat' dir='ltr'>e</span> <span class='ocrx_word' id='word_1_72' title='bbox 441 1995 587 2065; x_wconf 87' lang='lat' dir='ltr'>suis</span> <span class='ocrx_word' id='word_1_73' title='bbox 628 1996 1009 2066; x_wconf 75' lang='lat' dir='ltr'><strong>redditibus</strong></span> <span class='ocrx_word' id='word_1_74' title='bbox 1044 2050 1059 2075; x_wconf 94' lang='lat'>,</span> <span class='ocrx_word' id='word_1_75' title='bbox 1119 1997 1311 2065; x_wconf 90' lang='lat' dir='ltr'>terris</span> <span class='ocrx_word' id='word_1_76' title='bbox 1358 2008 1422 2064; x_wconf 86' lang='lat' dir='ltr'>et</span> <span class='ocrx_word' id='word_1_77' title='bbox 1471 1996 1688 2066; x_wconf 87' lang='lat' dir='ltr'>vineis</span> <span class='ocrx_word' id='word_1_78' title='bbox 1719 2051 1734 2077; x_wconf 92' lang='lat'>‚</span> <span class='ocrx_word' id='word_1_79' title='bbox 1791 2018 1925 2064; x_wconf 89' lang='lat' dir='ltr'>non</span> <span class='ocrx_word' id='word_1_80' title='bbox 1980 2018 2222 2083; x_wconf 82' lang='lat' dir='ltr'>parum</span> <span class='ocrx_word' id='word_1_81' title='bbox 2279 1995 2494 2064; x_wconf 88' lang='lat' dir='ltr'>multa</span> <span class='ocrx_word' id='word_1_82' title='bbox 2534 1996 2878 2065; x_wconf 80' lang='lat' dir='ltr'>contulere.</span> 
     </span>
     <span class='ocr_line' id='line_1_13' title="bbox 374 2083 2882 2171; baseline 0 -19"><span class='ocrx_word' id='word_1_83' title='bbox 374 2089 448 2153; x_wconf 93' lang='lat' dir='ltr'>In</span> <span class='ocrx_word' id='word_1_84' title='bbox 491 2106 568 2154; x_wconf 93' lang='lat' dir='ltr'>eo</span> <span class='ocrx_word' id='word_1_85' title='bbox 617 2098 842 2154; x_wconf 89' lang='lat' dir='ltr'>autem</span> <span class='ocrx_word' id='word_1_86' title='bbox 894 2083 1221 2154; x_wconf 82' lang='lat' dir='ltr'>coenobio</span> <span class='ocrx_word' id='word_1_87' title='bbox 1269 2085 1472 2154; x_wconf 90' lang='lat' dir='ltr'>annis</span> <span class='ocrx_word' id='word_1_88' title='bbox 1521 2084 1782 2171; x_wconf 78' lang='lat' dir='ltr'>aliquot</span> <span class='ocrx_word' id='word_1_89' title='bbox 1818 2084 1978 2152; x_wconf 84' lang='lat' dir='ltr'>vixit</span> <span class='ocrx_word' id='word_1_90' title='bbox 2028 2084 2242 2153; x_wconf 88' lang='lat' dir='ltr'>Frodo</span> <span class='ocrx_word' id='word_1_91' title='bbox 2281 2084 2344 2152; x_wconf 93' lang='lat' dir='ltr'>in</span> <span class='ocrx_word' id='word_1_92' title='bbox 2392 2085 2636 2154; x_wconf 86' lang='lat' dir='ltr'>habitu</span> <span class='ocrx_word' id='word_1_93' title='bbox 2678 2104 2882 2153; x_wconf 80' lang='lat' dir='ltr'>mona-</span> 
     </span>
     <span class='ocr_line' id='line_1_14' title="bbox 372 2173 2934 2263; baseline -0.001 -22"><span class='ocrx_word' id='word_1_94' title='bbox 372 2173 584 2253; x_wconf 70' lang='lat' dir='ltr'>suco,</span> <span class='ocrx_word' id='word_1_95' title='bbox 644 2173 1128 2263; x_wconf 75' lang='lat' dir='ltr'>praeclaraque</span> <span class='ocrx_word' id='word_1_96' title='bbox 1179 2174 1606 2242; x_wconf 76' lang='lat' dir='ltr'>innocentiae</span> <span class='ocrx_word' id='word_1_97' title='bbox 1668 2187 1732 2241; x_wconf 90' lang='lat' dir='ltr'>et</span> <span class='ocrx_word' id='word_1_98' title='bbox 1798 2173 2161 2263; x_wconf 84' lang='lat' dir='ltr'>patientiae</span> <span class='ocrx_word' id='word_1_99' title='bbox 2209 2174 2523 2263; x_wconf 83' lang='lat' dir='ltr'>exempla</span> <span class='ocrx_word' id='word_1_100' title='bbox 2587 2173 2878 2259; x_wconf 84' lang='lat' dir='ltr'>reliquit:</span> <span class='ocrx_word' id='word_1_101' title='bbox 2933 2194 2934 2213; x_wconf 60' lang='lat'>¹</span> 
     </span>
     <span class='ocr_line' id='line_1_15' title="bbox 376 2260 2884 2351; baseline 0 -23"><span class='ocrx_word' id='word_1_102' title='bbox 376 2274 589 2331; x_wconf 89' lang='lat' dir='ltr'>mater</span> <span class='ocrx_word' id='word_1_103' title='bbox 639 2285 792 2333; x_wconf 88' lang='lat' dir='ltr'>vero</span> <span class='ocrx_word' id='word_1_104' title='bbox 840 2265 1072 2332; x_wconf 85' lang='lat' dir='ltr'>orbata</span> <span class='ocrx_word' id='word_1_105' title='bbox 1126 2263 1267 2332; x_wconf 86' lang='lat' dir='ltr'>viro</span> <span class='ocrx_word' id='word_1_106' title='bbox 1305 2316 1319 2342; x_wconf 93' lang='lat'>‚</span> <span class='ocrx_word' id='word_1_107' title='bbox 1378 2263 1592 2331; x_wconf 85' lang='lat' dir='ltr'>instar</span> <span class='ocrx_word' id='word_1_108' title='bbox 1642 2262 1977 2340; x_wconf 84' lang='lat' dir='ltr'>turturis,</span> <span class='ocrx_word' id='word_1_109' title='bbox 2032 2283 2198 2330; x_wconf 88' lang='lat' dir='ltr'>casu</span> <span class='ocrx_word' id='word_1_110' title='bbox 2260 2260 2493 2348; x_wconf 88' lang='lat' dir='ltr'>aliquo</span> <span class='ocrx_word' id='word_1_111' title='bbox 2553 2264 2884 2351; x_wconf 85' lang='lat' dir='ltr'>conjugem</span> 
     </span>
     <span class='ocr_line' id='line_1_16' title="bbox 372 2350 2883 2439; baseline 0.002 -21"><span class='ocrx_word' id='word_1_112' title='bbox 372 2352 788 2434; x_wconf 81' lang='lat' dir='ltr'>amittentis,</span> <span class='ocrx_word' id='word_1_113' title='bbox 847 2353 913 2421; x_wconf 90' lang='lat' dir='ltr'>in</span> <span class='ocrx_word' id='word_1_114' title='bbox 966 2351 1291 2422; x_wconf 89' lang='lat' dir='ltr'>viduitate</span> <span class='ocrx_word' id='word_1_115' title='bbox 1344 2365 1407 2420; x_wconf 87' lang='lat' dir='ltr'>et</span> <span class='ocrx_word' id='word_1_116' title='bbox 1454 2350 1672 2420; x_wconf 91' lang='lat' dir='ltr'>animi</span> <span class='ocrx_word' id='word_1_117' title='bbox 1742 2351 2031 2439; x_wconf 80' lang='lat' dir='ltr'>puritate</span> <span class='ocrx_word' id='word_1_118' title='bbox 2099 2373 2542 2439; x_wconf 81' lang='lat' dir='ltr'>perseverans</span> <span class='ocrx_word' id='word_1_119' title='bbox 2580 2406 2594 2433; x_wconf 89' lang='lat'><strong>,</strong></span> <span class='ocrx_word' id='word_1_120' title='bbox 2663 2372 2883 2438; x_wconf 81' lang='lat' dir='ltr'>usque·</span> 
     </span>
     <span class='ocr_line' id='line_1_17' title="bbox 372 2438 2884 2599; baseline 0 -91"><span class='ocrx_word' id='word_1_121' title='bbox 372 2440 539 2599; x_wconf 55' lang='lat' dir='ltr'>aegeo</span> <span class='ocrx_word' id='word_1_122' title='bbox 573 2441 969 2531; x_wconf 80' lang='lat' dir='ltr'>supervixit,</span> <span class='ocrx_word' id='word_1_123' title='bbox 1018 2455 1091 2510; x_wconf 88' lang='lat' dir='ltr'>ut</span> <span class='ocrx_word' id='word_1_124' title='bbox 1140 2441 1361 2510; x_wconf 85' lang='lat' dir='ltr'>filium</span> <span class='ocrx_word' id='word_1_125' title='bbox 1414 2463 1617 2509; x_wconf 88' lang='lat' dir='ltr'>suum</span> <span class='ocrx_word' id='word_1_126' title='bbox 1673 2440 1914 2509; x_wconf 87' lang='lat' dir='ltr'>viderit</span> <span class='ocrx_word' id='word_1_127' title='bbox 1960 2438 2110 2527; x_wconf 83' lang='lat' dir='ltr'>ejus</span> <span class='ocrx_word' id='word_1_128' title='bbox 2164 2441 2560 2512; x_wconf 82' lang='lat' dir='ltr'>monasterii</span> <span class='ocrx_word' id='word_1_129' title='bbox 2615 2442 2884 2530; x_wconf 80' lang='lat' dir='ltr'>regimen</span> 
     </span>
     <span class='ocr_line' id='line_1_18' title="bbox 372 2543 2454 2599; baseline 0 -1"><span class='ocrx_word' id='word_1_130' title='bbox 372 2551 409 2598; x_wconf 93' lang='lat' dir='ltr'>o</span> <span class='ocrx_word' id='word_1_131' title='bbox 467 2543 701 2599; x_wconf 82' lang='lat' dir='ltr'>tinere.</span> <span class='ocrx_word' id='word_1_132' title='bbox 2449 2551 2454 2556; x_wconf 88' lang='grc'>·</span> 
     </span>
    </p>

    <p class='ocr_par' dir='ltr' id='par_1_5' title="bbox 370 2615 2934 3950">
     <span class='ocr_line' id='line_1_19' title="bbox 462 2615 2934 2708; baseline -0.001 -21"><span class='ocrx_word' id='word_1_133' title='bbox 462 2626 498 2698; x_wconf 70' lang='grc' dir='ltr'>ἓ</span> <span class='ocrx_word' id='word_1_134' title='bbox 536 2624 621 2688; x_wconf 68' lang='lat'>⁸2.</span> <span class='ocrx_word' id='word_1_135' title='bbox 659 2624 769 2687; x_wconf 89' lang='lat' dir='ltr'>Est</span> <span class='ocrx_word' id='word_1_136' title='bbox 804 2617 1066 2687; x_wconf 75' lang='lat' dir='ltr'>celebre</span> <span class='ocrx_word' id='word_1_137' title='bbox 1104 2618 1592 2687; x_wconf 87' lang='lat' dir='ltr'>monasterium</span> <span class='ocrx_word' id='word_1_138' title='bbox 1636 2618 1701 2685; x_wconf 93' lang='lat' dir='ltr'>in</span> <span class='ocrx_word' id='word_1_139' title='bbox 1755 2616 2384 2686; x_wconf 80' lang='lat' dir='ltr'>veromanduorum</span> <span class='ocrx_word' id='word_1_140' title='bbox 2429 2616 2600 2698; x_wconf 91' lang='lat' dir='ltr'>solo,</span> <span class='ocrx_word' id='word_1_141' title='bbox 2638 2619 2703 2686; x_wconf 92' lang='lat' dir='ltr'>in</span> <span class='ocrx_word' id='word_1_142' title='bbox 2737 2615 2890 2686; x_wconf 84' lang='lat' dir='ltr'>beati</span> <span class='ocrx_word' id='word_1_143' title='bbox 2933 2691 2934 2708; x_wconf 13' lang='grc' dir='ltr'>χ</span> 
     </span>
     <span class='ocr_line' id='line_1_20' title="bbox 372 2705 2887 2796; baseline 0 -22"><span class='ocrx_word' id='word_1_144' title='bbox 372 2706 682 2787; x_wconf 86' lang='lat' dir='ltr'>Quintini</span> <span class='ocrx_word' id='word_1_145' title='bbox 737 2707 1055 2795; x_wconf 67' lang='lat' dir='ltr'>martyris</span> <span class='ocrx_word' id='word_1_146' title='bbox 1120 2707 1444 2776; x_wconf 80' lang='lat' dir='ltr'>honorem</span> <span class='ocrx_word' id='word_1_147' title='bbox 1517 2705 1869 2775; x_wconf 86' lang='lat' dir='ltr'>conditum</span> <span class='ocrx_word' id='word_1_148' title='bbox 1906 2761 1920 2784; x_wconf 90' lang='lat'>‚</span> <span class='ocrx_word' id='word_1_149' title='bbox 1974 2709 2274 2774; x_wconf 89' lang='lat' dir='ltr'>Peronae</span> <span class='ocrx_word' id='word_1_150' title='bbox 2321 2729 2360 2775; x_wconf 92' lang='lat' dir='ltr'>o</span> <span class='ocrx_word' id='word_1_151' title='bbox 2418 2706 2577 2796; x_wconf 83' lang='lat' dir='ltr'>pido</span> <span class='ocrx_word' id='word_1_152' title='bbox 2642 2708 2887 2796; x_wconf 85' lang='lat' dir='ltr'>propin·</span> 
     </span>
     <span class='ocr_line' id='line_1_21' title="bbox 370 2794 2886 2885; baseline -0 -23"><span class='ocrx_word' id='word_1_153' title='bbox 370 2815 612 2880; x_wconf 87' lang='lat' dir='ltr'>quum.</span> <span class='ocrx_word' id='word_1_154' title='bbox 667 2795 739 2864; x_wconf 88' lang='lat' dir='ltr'>Ei</span> <span class='ocrx_word' id='word_1_155' title='bbox 793 2818 910 2885; x_wconf 84' lang='lat' dir='ltr'>per</span> <span class='ocrx_word' id='word_1_156' title='bbox 960 2795 1025 2863; x_wconf 91' lang='lat' dir='ltr'>id</span> <span class='ocrx_word' id='word_1_157' title='bbox 1080 2807 1349 2884; x_wconf 80' lang='lat' dir='ltr'>tempus</span> <span class='ocrx_word' id='word_1_158' title='bbox 1402 2808 1708 2883; x_wconf 63' lang='lat' dir='ltr'>praet-rat</span> <span class='ocrx_word' id='word_1_159' title='bbox 1746 2796 1848 2863; x_wconf 89' lang='lat' dir='ltr'>vir</span> <span class='ocrx_word' id='word_1_160' title='bbox 1883 2795 2040 2884; x_wconf 84' lang='lat' dir='ltr'>pius</span> <span class='ocrx_word' id='word_1_161' title='bbox 2071 2794 2342 2864; x_wconf 81' lang='lat' dir='ltr'>God‹·sri</span> <span class='ocrx_word' id='word_1_162' title='bbox 2399 2819 2503 2874; x_wconf 84' lang='lat' dir='ltr'>uS,</span> <span class='ocrx_word' id='word_1_163' title='bbox 2541 2807 2609 2864; x_wconf 87' lang='lat' dir='ltr'>et</span> <span class='ocrx_word' id='word_1_164' title='bbox 2649 2815 2886 2865; x_wconf 87' lang='lat' dir='ltr'>morum</span> 
     </span>
     <span class='ocr_line' id='line_1_22' title="bbox 370 2881 2883 2973; baseline 0 -23"><span class='ocrx_word' id='word_1_165' title='bbox 370 2881 781 2972; x_wconf 81' lang='lat' dir='ltr'>integritate.</span> <span class='ocrx_word' id='word_1_166' title='bbox 817 2897 880 2953; x_wconf 88' lang='lat' dir='ltr'>et</span> <span class='ocrx_word' id='word_1_167' title='bbox 929 2885 1197 2973; x_wconf 84' lang='lat' dir='ltr'>generis</span> <span class='ocrx_word' id='word_1_168' title='bbox 1247 2885 1602 2953; x_wconf 85' lang='lat' dir='ltr'>nobilitate</span> <span class='ocrx_word' id='word_1_169' title='bbox 1658 2883 1910 2954; x_wconf 87' lang='lat' dir='ltr'>clarus.</span> <span class='ocrx_word' id='word_1_170' title='bbox 1969 2884 2119 2952; x_wconf 86' lang='lat' dir='ltr'>Fuit</span> <span class='ocrx_word' id='word_1_171' title='bbox 2165 2884 2349 2953; x_wconf 90' lang='lat' dir='ltr'>enim</span> <span class='ocrx_word' id='word_1_172' title='bbox 2397 2885 2684 2972; x_wconf 81' lang='lat' dir='ltr'>patruus‘</span> <span class='ocrx_word' id='word_1_173' title='bbox 2725 2885 2883 2962; x_wconf 82' lang='lat' dir='ltr'>Idae,</span> 
     </span>
     <span class='ocr_line' id='line_1_23' title="bbox 373 2970 2885 3061; baseline 0 -23"><span class='ocrx_word' id='word_1_174' title='bbox 373 2970 554 3041; x_wconf 80' lang='lat' dir='ltr'>filiae</span> <span class='ocrx_word' id='word_1_175' title='bbox 605 2973 849 3043; x_wconf 72' lang='lat' dir='ltr'>Alberti</span> <span class='ocrx_word' id='word_1_176' title='bbox 903 2972 1316 3042; x_wconf 82' lang='lat' dir='ltr'>nobilissimi</span> <span class='ocrx_word' id='word_1_177' title='bbox 1353 2973 1631 3041; x_wconf 83' lang='lat' dir='ltr'>Comitis</span> <span class='ocrx_word' id='word_1_178' title='bbox 1680 2973 2165 3043; x_wconf 84' lang='lat' dir='ltr'>Namurcensis</span> <span class='ocrx_word' id='word_1_179' title='bbox 2198 3027 2212 3052; x_wconf 88' lang='lat'>,</span> <span class='ocrx_word' id='word_1_180' title='bbox 2266 2995 2443 3059; x_wconf 88' lang='lat' dir='ltr'>quae</span> <span class='ocrx_word' id='word_1_181' title='bbox 2475 2972 2714 3061; x_wconf 87' lang='lat' dir='ltr'>juncta</span> <span class='ocrx_word' id='word_1_182' title='bbox 2767 2994 2885 3040; x_wconf 82' lang='lat' dir='ltr'>ma·</span> 
     </span>
     <span class='ocr_line' id='line_1_24' title="bbox 373 3060 2884 3154; baseline 0 -25"><span class='ocrx_word' id='word_1_183' title='bbox 373 3060 692 3131; x_wconf 88' lang='lat' dir='ltr'>trimonio</span> <span class='ocrx_word' id='word_1_184' title='bbox 739 3063 1013 3154; x_wconf 83' lang='lat' dir='ltr'>egregio</span> <span class='ocrx_word' id='word_1_185' title='bbox 1074 3061 1343 3131; x_wconf 90' lang='lat' dir='ltr'>consuli</span> <span class='ocrx_word' id='word_1_186' title='bbox 1398 3061 1825 3130; x_wconf 85' lang='lat' dir='ltr'>Boloniensis</span> <span class='ocrx_word' id='word_1_187' title='bbox 1868 3061 2006 3095; x_wconf 50' lang='grc' dir='ltr'>μ’μ’</span> <span class='ocrx_word' id='word_1_188' title='bbox 2057 3061 2450 3150; x_wconf 87' lang='lat' dir='ltr'>provinciae</span> <span class='ocrx_word' id='word_1_189' title='bbox 2508 3063 2884 3140; x_wconf 73' lang='lat' dir='ltr'>EustachiO,</span> 
     </span>
     <span class='ocr_line' id='line_1_25' title="bbox 372 3149 2884 3239; baseline 0 -21"><span class='ocrx_word' id='word_1_190' title='bbox 372 3149 811 3221; x_wconf 86' lang='lat' dir='ltr'>Godefridum</span> <span class='ocrx_word' id='word_1_191' title='bbox 878 3164 943 3220; x_wconf 93' lang='lat' dir='ltr'>et</span> <span class='ocrx_word' id='word_1_192' title='bbox 992 3151 1405 3219; x_wconf 87' lang='lat' dir='ltr'>Balduinum</span> <span class='ocrx_word' id='word_1_193' title='bbox 1458 3151 1521 3217; x_wconf 89' lang='lat' dir='ltr'>ei</span> <span class='ocrx_word' id='word_1_194' title='bbox 1576 3150 1881 3238; x_wconf 79' lang='lat' dir='ltr'>peperit:</span> <span class='ocrx_word' id='word_1_195' title='bbox 1936 3150 2056 3235; x_wconf 85' lang='lat' dir='ltr'>qui</span> <span class='ocrx_word' id='word_1_196' title='bbox 2126 3164 2356 3239; x_wconf 82' lang='lat' dir='ltr'>postea</span> <span class='ocrx_word' id='word_1_197' title='bbox 2407 3150 2672 3219; x_wconf 87' lang='lat' dir='ltr'>itineris</span> <span class='ocrx_word' id='word_1_198' title='bbox 2714 3151 2884 3219; x_wconf 85' lang='lat' dir='ltr'>Jero-</span> 
     </span>
     <span class='ocr_line' id='line_1_26' title="bbox 372 3237 2886 3330; baseline -0.001 -20"><span class='ocrx_word' id='word_1_199' title='bbox 372 3237 789 3329; x_wconf 85' lang='lat' dir='ltr'>solymitani,</span> <span class='ocrx_word' id='word_1_200' title='bbox 843 3241 1052 3329; x_wconf 87' lang='lat' dir='ltr'>quod,</span> <span class='ocrx_word' id='word_1_201' title='bbox 1096 3241 1382 3330; x_wconf 84' lang='lat' dir='ltr'>jubente</span> <span class='ocrx_word' id='word_1_202' title='bbox 1434 3238 1705 3308; x_wconf 89' lang='lat' dir='ltr'>Urbano</span> <span class='ocrx_word' id='word_1_203' title='bbox 1755 3238 2075 3308; x_wconf 84' lang='lat' dir='ltr'>Pontifice</span> <span class='ocrx_word' id='word_1_204' title='bbox 2118 3239 2414 3308; x_wconf 83' lang='lat' dir='ltr'>maximo</span> <span class='ocrx_word' id='word_1_205' title='bbox 2451 3239 2650 3320; x_wconf 64' lang='lat'>***”‚</span> <span class='ocrx_word' id='word_1_206' title='bbox 2687 3260 2886 3309; x_wconf 83' lang='lat' dir='ltr'>susce·</span> 
     </span>
     <span class='ocr_line' id='line_1_27' title="bbox 373 3327 2878 3417; baseline 0.001 -22"><span class='ocrx_word' id='word_1_207' title='bbox 373 3342 563 3417; x_wconf 78' lang='lat' dir='ltr'>ptum</span> <span class='ocrx_word' id='word_1_208' title='bbox 624 3331 769 3410; x_wconf 87' lang='lat' dir='ltr'>suit,</span> <span class='ocrx_word' id='word_1_209' title='bbox 829 3331 1038 3399; x_wconf 90' lang='lat' dir='ltr'>duces</span> <span class='ocrx_word' id='word_1_210' title='bbox 1086 3343 1149 3398; x_wconf 87' lang='lat' dir='ltr'>et</span> <span class='ocrx_word' id='word_1_211' title='bbox 1195 3328 1650 3398; x_wconf 83' lang='lat' dir='ltr'>moderatores</span> <span class='ocrx_word' id='word_1_212' title='bbox 1702 3327 2132 3396; x_wconf 80' lang='lat' dir='ltr'>invictissimi</span> <span class='ocrx_word' id='word_1_213' title='bbox 2183 3327 2520 3397; x_wconf 89' lang='lat' dir='ltr'>divinitus</span> <span class='ocrx_word' id='word_1_214' title='bbox 2571 3328 2878 3413; x_wconf 78' lang='lat' dir='ltr'>instituti,</span> 
     </span>
     <span class='ocr_line' id='line_1_28' title="bbox 371 3415 2886 3506; baseline -0 -21"><span class='ocrx_word' id='word_1_215' title='bbox 371 3418 610 3488; x_wconf 87' lang='lat' dir='ltr'>urbem</span> <span class='ocrx_word' id='word_1_216' title='bbox 675 3419 1217 3506; x_wconf 77' lang='lat' dir='ltr'>Jerosolymam‚</span> <span class='ocrx_word' id='word_1_217' title='bbox 1273 3418 1339 3486; x_wconf 93' lang='lat' dir='ltr'>in</span> <span class='ocrx_word' id='word_1_218' title='bbox 1411 3440 1548 3504; x_wconf 89' lang='lat' dir='ltr'>qua</span> <span class='ocrx_word' id='word_1_219' title='bbox 1599 3417 1802 3488; x_wconf 87' lang='lat' dir='ltr'>totius</span> <span class='ocrx_word' id='word_1_220' title='bbox 1855 3415 2096 3485; x_wconf 91' lang='lat' dir='ltr'>mundi</span> <span class='ocrx_word' id='word_1_221' title='bbox 2156 3416 2289 3485; x_wconf 81' lang='lat' dir='ltr'>vita</span> <span class='ocrx_word' id='word_1_222' title='bbox 2342 3440 2378 3484; x_wconf 90' lang='lat' dir='ltr'>a</span> <span class='ocrx_word' id='word_1_223' title='bbox 2442 3430 2886 3487; x_wconf 76' lang='lat' dir='ltr'>sacrosanctae</span> 
     </span>
     <span class='ocr_line' id='line_1_29' title="bbox 375 3506 2883 3599; baseline 0 -25"><span class='ocrx_word' id='word_1_224' title='bbox 375 3510 608 3578; x_wconf 86' lang='lat' dir='ltr'>Crucis</span> <span class='ocrx_word' id='word_1_225' title='bbox 661 3508 967 3599; x_wconf 86' lang='lat' dir='ltr'>patibulo</span> <span class='ocrx_word' id='word_1_226' title='bbox 1020 3507 1363 3597; x_wconf 82' lang='lat' dir='ltr'>pependit,</span> <span class='ocrx_word' id='word_1_227' title='bbox 1421 3506 1634 3575; x_wconf 88' lang='lat' dir='ltr'>armis</span> <span class='ocrx_word' id='word_1_228' title='bbox 1683 3517 2450 3595; x_wconf 48' lang='lat' dir='ltr'>expugnarunssatque</span> <span class='ocrx_word' id='word_1_229' title='bbox 2501 3507 2568 3575; x_wconf 92' lang='lat' dir='ltr'>in</span> <span class='ocrx_word' id='word_1_230' title='bbox 2618 3528 2694 3574; x_wconf 88' lang='lat' dir='ltr'>ea</span> <span class='ocrx_word' id='word_1_231' title='bbox 2731 3506 2883 3574; x_wconf 84' lang='lat' dir='ltr'>alius</span> 
     </span>
     <span class='ocr_line' id='line_1_30' title="bbox 376 3593 2878 3686; baseline -0.002 -22"><span class='ocrx_word' id='word_1_232' title='bbox 376 3611 524 3684; x_wconf 88' lang='lat' dir='ltr'>post</span> <span class='ocrx_word' id='word_1_233' title='bbox 556 3597 769 3667; x_wconf 90' lang='lat' dir='ltr'>alium</span> <span class='ocrx_word' id='word_1_234' title='bbox 809 3597 1172 3686; x_wconf 84' lang='lat' dir='ltr'>imperium</span> <span class='ocrx_word' id='word_1_235' title='bbox 1203 3597 1607 3674; x_wconf 77' lang='lat' dir='ltr'>obtinenteS‚</span> <span class='ocrx_word' id='word_1_236' title='bbox 1635 3596 1838 3663; x_wconf 88' lang='lat' dir='ltr'>annis</span> <span class='ocrx_word' id='word_1_237' title='bbox 1865 3594 2123 3680; x_wconf 89' lang='lat' dir='ltr'>aliquot</span> <span class='ocrx_word' id='word_1_238' title='bbox 2153 3595 2482 3664; x_wconf 84' lang='lat' dir='ltr'>barbaras</span> <span class='ocrx_word' id='word_1_239' title='bbox 2507 3607 2573 3663; x_wconf 92' lang='lat' dir='ltr'>et</span> <span class='ocrx_word' id='word_1_240' title='bbox 2596 3617 2635 3663; x_wconf 89' lang='lat' dir='ltr'>a</span> <span class='ocrx_word' id='word_1_241' title='bbox 2665 3593 2878 3664; x_wconf 84' lang='lat' dir='ltr'>Christi</span> 
     </span>
     <span class='ocr_line' id='line_1_31' title="bbox 378 3682 2881 3789; baseline -0.001 -38"><span class='ocrx_word' id='word_1_242' title='bbox 378 3683 705 3789; x_wconf 80' lang='lat' dir='ltr'>religione</span> <span class='ocrx_word' id='word_1_243' title='bbox 730 3687 990 3756; x_wconf 90' lang='lat' dir='ltr'>alienas</span> <span class='ocrx_word' id='word_1_244' title='bbox 1018 3699 1251 3776; x_wconf 85' lang='lat' dir='ltr'>gentes</span> <span class='ocrx_word' id='word_1_245' title='bbox 1284 3686 1555 3775; x_wconf 82' lang='lat' dir='ltr'>egregie</span> <span class='ocrx_word' id='word_1_246' title='bbox 1585 3682 2039 3763; x_wconf 85' lang='lat' dir='ltr'>debellarunt,</span> <span class='ocrx_word' id='word_1_247' title='bbox 2076 3696 2139 3752; x_wconf 91' lang='lat' dir='ltr'>et</span> <span class='ocrx_word' id='word_1_248' title='bbox 2174 3683 2444 3752; x_wconf 89' lang='lat' dir='ltr'>tandem</span> <span class='ocrx_word' id='word_1_249' title='bbox 2482 3683 2621 3752; x_wconf 86' lang='lat' dir='ltr'>illic</span> <span class='ocrx_word' id='word_1_250' title='bbox 2645 3684 2881 3752; x_wconf 82' lang='lat' dir='ltr'>animas</span> 
     </span>
     <span class='ocr_line' id='line_1_32' title="bbox 377 3772 2878 3862; baseline -0.001 -21"><span class='ocrx_word' id='word_1_251' title='bbox 377 3774 642 3849; x_wconf 81' lang='lat' dir='ltr'>Christo</span> <span class='ocrx_word' id='word_1_252' title='bbox 683 3775 1153 3853; x_wconf 87' lang='lat' dir='ltr'>reddiderunt,</span> <span class='ocrx_word' id='word_1_253' title='bbox 1211 3775 1585 3844; x_wconf 77' lang='lat' dir='ltr'>honorifice</span> <span class='ocrx_word' id='word_1_254' title='bbox 1633 3795 1710 3841; x_wconf 85' lang='lat' dir='ltr'>ea</span> <span class='ocrx_word' id='word_1_255' title='bbox 1763 3773 1828 3840; x_wconf 91' lang='lat' dir='ltr'>in</span> <span class='ocrx_word' id='word_1_256' title='bbox 1881 3773 2173 3852; x_wconf 86' lang='lat' dir='ltr'>civitate,</span> <span class='ocrx_word' id='word_1_257' title='bbox 2212 3772 2331 3841; x_wconf 91' lang='lat' dir='ltr'>ubi</span> <span class='ocrx_word' id='word_1_258' title='bbox 2382 3772 2774 3862; x_wconf 85' lang='lat' dir='ltr'>sepulcrum</span> <span class='ocrx_word' id='word_1_259' title='bbox 2803 3783 2878 3840; x_wconf 88' lang='lat' dir='ltr'>est</span> 
     </span>
     <span class='ocr_line' id='line_1_33' title="bbox 376 3861 2872 3950; baseline -0.003 -17"><span class='ocrx_word' id='word_1_260' title='bbox 376 3865 670 3948; x_wconf 87' lang='lat' dir='ltr'>Domini,</span> <span class='ocrx_word' id='word_1_261' title='bbox 724 3865 1068 3935; x_wconf 88' lang='lat' dir='ltr'>tumulati.</span> <span class='ocrx_word' id='word_1_262' title='bbox 1108 3869 1294 3947; x_wconf 86' lang='lat' dir='ltr'>Quae</span> <span class='ocrx_word' id='word_1_263' title='bbox 1326 3862 1605 3950; x_wconf 88' lang='lat' dir='ltr'>quidem</span> <span class='ocrx_word' id='word_1_264' title='bbox 1641 3862 1897 3931; x_wconf 88' lang='lat' dir='ltr'>idcirco</span> <span class='ocrx_word' id='word_1_265' title='bbox 1940 3861 2110 3929; x_wconf 86' lang='lat' dir='ltr'>mihi</span> <span class='ocrx_word' id='word_1_266' title='bbox 2150 3874 2682 3931; x_wconf 88' lang='lat' dir='ltr'>commemorata</span> <span class='ocrx_word' id='word_1_267' title='bbox 2719 3873 2872 3938; x_wconf 82' lang='lat' dir='ltr'>sunt,</span> 
     </span>
    </p>
   </div>
   <div class='ocr_carea' id='block_1_5' title="bbox 376 4059 2870 4433">
    <p class='ocr_par' dir='ltr' id='par_1_6' title="bbox 376 4059 2870 4433">
     <span class='ocr_line' id='line_1_34' title="bbox 429 4059 2210 4115; baseline -0.004 -9"><span class='ocrx_word' id='word_1_268' title='bbox 429 4068 451 4092; x_wconf 72' lang='lat'>¹*</span> <span class='ocrx_word' id='word_1_269' title='bbox 481 4067 574 4106; x_wconf 77' lang='lat' dir='ltr'>Nos</span> <span class='ocrx_word' id='word_1_270' title='bbox 594 4075 796 4115; x_wconf 84' lang='lat' dir='ltr'>quoque.</span> <span class='ocrx_word' id='word_1_271' title='bbox 813 4061 1061 4104; x_wconf 72' lang='lat' dir='ltr'>brevitatis</span> <span class='ocrx_word' id='word_1_272' title='bbox 1080 4061 1296 4106; x_wconf 79' lang='lat' dir='ltr'>studiosi,</span> <span class='ocrx_word' id='word_1_273' title='bbox 1316 4061 1557 4105; x_wconf 80' lang='lat' dir='ltr'>nonnulla,</span> <span class='ocrx_word' id='word_1_274' title='bbox 1577 4070 1705 4100; x_wconf 86' lang='lat' dir='ltr'>more</span> <span class='ocrx_word' id='word_1_275' title='bbox 1726 4060 1903 4102; x_wconf 77' lang='lat' dir='ltr'>nostro,</span> <span class='ocrx_word' id='word_1_276' title='bbox 1922 4059 2210 4099; x_wconf 76' lang='lat' dir='ltr'>omittemus.</span> 
     </span>
     <span class='ocr_line' id='line_1_35' title="bbox 428 4110 2870 4166; baseline -0.004 -7"><span class='ocrx_word' id='word_1_277' title='bbox 428 4120 483 4144; x_wconf 70' lang='lat'>*¹⁸</span> <span class='ocrx_word' id='word_1_278' title='bbox 514 4122 565 4158; x_wconf 88' lang='lat' dir='ltr'>In</span> <span class='ocrx_word' id='word_1_279' title='bbox 594 4131 649 4158; x_wconf 77' lang='lat' dir='ltr'>ea</span> <span class='ocrx_word' id='word_1_280' title='bbox 676 4121 865 4166; x_wconf 53' lang='lat' dir='ltr'>ragione</span> <span class='ocrx_word' id='word_1_281' title='bbox 891 4116 1074 4157; x_wconf 81' lang='lat' dir='ltr'>scilicet</span> <span class='ocrx_word' id='word_1_282' title='bbox 1103 4126 1222 4165; x_wconf 73' lang='lat' dir='ltr'>quae</span> <span class='ocrx_word' id='word_1_283' title='bbox 1252 4116 1307 4154; x_wconf 74' lang='lat' dir='ltr'>ab</span> <span class='ocrx_word' id='word_1_284' title='bbox 1328 4116 1444 4154; x_wconf 81' lang='lat' dir='ltr'>urbe</span> <span class='ocrx_word' id='word_1_285' title='bbox 1471 4116 1669 4154; x_wconf 59' lang='lat' dir='ltr'>Soteron-9</span> <span class='ocrx_word' id='word_1_286' title='bbox 1690 4123 1861 4154; x_wconf 86' lang='lat' dir='ltr'>nomen</span> <span class='ocrx_word' id='word_1_287' title='bbox 1883 4110 2076 4162; x_wconf 75' lang='lat' dir='ltr'>aceepit.</span> <span class='ocrx_word' id='word_1_288' title='bbox 2100 4114 2255 4152; x_wconf 74' lang='lat' dir='ltr'>Locus</span> <span class='ocrx_word' id='word_1_289' title='bbox 2275 4113 2447 4156; x_wconf 73' lang='lat' dir='ltr'>autem.</span> <span class='ocrx_word' id='word_1_290' title='bbox 2467 4111 2548 4153; x_wconf 86' lang='lat' dir='ltr'>ubi</span> <span class='ocrx_word' id='word_1_291' title='bbox 2569 4113 2610 4153; x_wconf 82' lang='lat' dir='ltr'>S.</span> <span class='ocrx_word' id='word_1_292' title='bbox 2631 4111 2870 4152; x_wconf 67' lang='lat' dir='ltr'>eodan-mus</span> 
     </span>
     <span class='ocr_line' id='line_1_36' title="bbox 376 4169 1566 4216; baseline -0.003 -6"><span class='ocrx_word' id='word_1_293' title='bbox 376 4179 563 4212; x_wconf 79' lang='lat' dir='ltr'>exortus</span> <span class='ocrx_word' id='word_1_294' title='bbox 585 4177 674 4216; x_wconf 78' lang='lat' dir='ltr'>est.</span> <span class='ocrx_word' id='word_1_295' title='bbox 695 4174 947 4211; x_wconf 58' lang='lat' dir='ltr'>Manlia-mart</span> <span class='ocrx_word' id='word_1_296' title='bbox 968 4173 1044 4210; x_wconf 77' lang='lat' dir='ltr'>vol</span> <span class='ocrx_word' id='word_1_297' title='bbox 1064 4169 1357 4210; x_wconf 68' lang='lat' dir='ltr'>anuncoure</span> <span class='ocrx_word' id='word_1_298' title='bbox 1377 4169 1566 4207; x_wconf 75' lang='lat' dir='ltr'>dicitur.</span> 
     </span>
     <span class='ocr_line' id='line_1_37' title="bbox 431 4217 2844 4274; baseline -0.006 -9"><span class='ocrx_word' id='word_1_299' title='bbox 431 4229 509 4252; x_wconf 65' lang='lat'>*⁰</span> <span class='ocrx_word' id='word_1_300' title='bbox 542 4227 730 4266; x_wconf 72' lang='lat' dir='ltr'>Scilicet</span> <span class='ocrx_word' id='word_1_301' title='bbox 747 4227 803 4265; x_wconf 83' lang='lat' dir='ltr'>de</span> <span class='ocrx_word' id='word_1_302' title='bbox 826 4228 1002 4274; x_wconf 70' lang='lat' dir='ltr'>xoyene.</span> <span class='ocrx_word' id='word_1_303' title='bbox 1022 4223 1069 4264; x_wconf 88' lang='lat' dir='ltr'>in</span> <span class='ocrx_word' id='word_1_304' title='bbox 1089 4222 1293 4263; x_wconf 71' lang='lat' dir='ltr'>dioecesi</span> <span class='ocrx_word' id='word_1_305' title='bbox 1312 4222 1528 4261; x_wconf 74' lang='lat' dir='ltr'>Lauduni</span> <span class='ocrx_word' id='word_1_306' title='bbox 1549 4220 1725 4259; x_wconf 70' lang='lat' dir='ltr'>Clavntl</span> <span class='ocrx_word' id='word_1_307' title='bbox 1748 4217 1922 4270; x_wconf 65' lang='lat' dir='ltr'>(Leton).</span> <span class='ocrx_word' id='word_1_308' title='bbox 2839 4265 2844 4270; x_wconf 14' lang='grc' dir='ltr'><em>ι</em></span> 
     </span>
     <span class='ocr_line' id='line_1_38' title="bbox 430 4271 2868 4327; baseline -0.004 -8"><span class='ocrx_word' id='word_1_309' title='bbox 430 4280 538 4306; x_wconf 66' lang='lat'>*⁸²⁸¹*</span> <span class='ocrx_word' id='word_1_310' title='bbox 568 4281 689 4318; x_wconf 80' lang='lat' dir='ltr'>Haec</span> <span class='ocrx_word' id='word_1_311' title='bbox 720 4280 978 4318; x_wconf 68' lang='lat' dir='ltr'>Galliarum</span> <span class='ocrx_word' id='word_1_312' title='bbox 1005 4275 1247 4327; x_wconf 70' lang='lat' dir='ltr'>provincia</span> <span class='ocrx_word' id='word_1_313' title='bbox 1276 4277 1518 4315; x_wconf 72' lang='lat' dir='ltr'>Comitatus</span> <span class='ocrx_word' id='word_1_314' title='bbox 1548 4272 1690 4314; x_wconf 80' lang='lat' dir='ltr'>titulo</span> <span class='ocrx_word' id='word_1_315' title='bbox 1717 4274 2002 4323; x_wconf 69' lang='lat' dir='ltr'>,laribusque</span> <span class='ocrx_word' id='word_1_316' title='bbox 2030 4276 2145 4314; x_wconf 82' lang='lat' dir='ltr'>tunc</span> <span class='ocrx_word' id='word_1_317' title='bbox 2174 4274 2405 4323; x_wconf 74' lang='lat' dir='ltr'>temporis</span> <span class='ocrx_word' id='word_1_318' title='bbox 2423 4274 2680 4315; x_wconf 67' lang='lat' dir='ltr'>fruebatur.</span> <span class='ocrx_word' id='word_1_319' title='bbox 2703 4271 2868 4314; x_wconf 66' lang='lat' dir='ltr'>Bonum*</span> 
     </span>
     <span class='ocr_line' id='line_1_39' title="bbox 410 4332 1002 4373; baseline 0.003 -3"><span class='ocrx_word' id='word_1_320' title='bbox 410 4332 542 4371; x_wconf 79' lang='lat' dir='ltr'>allice</span> <span class='ocrx_word' id='word_1_321' title='bbox 562 4334 687 4371; x_wconf 69' lang='lat' dir='ltr'>Itouh</span> <span class='ocrx_word' id='word_1_322' title='bbox 730 4345 777 4370; x_wconf 72' lang='lat' dir='ltr'>rw</span> <span class='ocrx_word' id='word_1_323' title='bbox 797 4335 1002 4373; x_wconf 68' lang='lat' dir='ltr'>vocatur.</span> 
     </span>
     <span class='ocr_line' id='line_1_40' title="bbox 379 4344 2866 4433; baseline -0 -10"><span class='ocrx_word' id='word_1_324' title='bbox 379 4344 405 4382; x_wconf 76' lang='lat' dir='ltr'>g</span> <span class='ocrx_word' id='word_1_325' title='bbox 433 4387 561 4411; x_wconf 57' lang='lat' dir='ltr'>mm·</span> <span class='ocrx_word' id='word_1_326' title='bbox 590 4346 744 4433; x_wconf 53' lang='lat' dir='ltr'>nussia</span> <span class='ocrx_word' id='word_1_327' title='bbox 775 4386 976 4428; x_wconf 78' lang='lat' dir='ltr'>nominis</span> <span class='ocrx_word' id='word_1_328' title='bbox 1008 4386 1051 4425; x_wconf 92' lang='lat'>11</span> <span class='ocrx_word' id='word_1_329' title='bbox 1085 4385 1363 4430; x_wconf 79' lang='grc'>(1088·1099),</span> <span class='ocrx_word' id='word_1_330' title='bbox 1397 4383 1506 4432; x_wconf 84' lang='lat' dir='ltr'>qut,</span> <span class='ocrx_word' id='word_1_331' title='bbox 1539 4392 1659 4423; x_wconf 72' lang='lat' dir='ltr'>anno</span> <span class='ocrx_word' id='word_1_332' title='bbox 1695 4383 1810 4428; x_wconf 83' lang='grc'>1095,</span> <span class='ocrx_word' id='word_1_333' title='bbox 1843 4382 2050 4431; x_wconf 76' lang='lat' dir='ltr'>primum</span> <span class='ocrx_word' id='word_1_334' title='bbox 2088 4382 2528 4432; x_wconf 69' lang='lat' dir='ltr'>crucesignatorum</span> <span class='ocrx_word' id='word_1_335' title='bbox 2559 4381 2735 4423; x_wconf 78' lang='lat' dir='ltr'>bellum</span> <span class='ocrx_word' id='word_1_336' title='bbox 2762 4373 2866 4417; x_wconf 72' lang='lat' dir='ltr'>indixi</span> 
     </span>
    </p>
   </div>
   <div class='ocr_carea' id='block_1_6' title="bbox 377 4437 717 4489">
    <p class='ocr_par' dir='ltr' id='par_1_7' title="bbox 377 4437 717 4489">
     <span class='ocr_line' id='line_1_41' title="bbox 377 4437 717 4489; baseline -0.006 -10"><span class='ocrx_word' id='word_1_337' title='bbox 377 4437 717 4489; x_wconf 68' lang='lat' dir='ltr'>protum-itque.</span> 
     </span>
    </p>
   </div>
  </div>
 </body>
</html>
