2993 4837
99 330 151 391 Υ.
197 330 271 393 ’12
864 346 939 389 nc
986 343 1034 388 s.
1092 342 1367 390 mnino
1417 345 1573 389 PAPA
2257 329 2385 391 429

152 431 353 499 visum
404 443 507 498 est
569 428 771 498 nobis
823 428 904 496 ad
956 441 1016 497 te
1056 427 1306 508 venire,
1372 429 1488 496 sed
1545 429 1669 497 boc
1720 449 1995 497 necesse
2044 450 2178 497 non
2233 429 2463 509 habes,

140 517 379 605 aliquid
452 518 582 586 tale
631 517 781 586 fieri
834 518 1207 606 permittas».
1274 539 1310 582 »
1381 520 1686 603 Cumque
1748 517 1875 586 hoc
1944 519 2014 586 in
2089 519 2471 606 praesentia

101 608 270 676 efect'i
316 607 554 675 audire
602 608 844 676 beatus
897 604 1214 685 Pontifex,
1255 608 1716 676 necessarium
1772 606 1991 695 magis
2049 628 2179 675 non
2234 606 2475 675 habuit

77 697 243 765 ‘liter
276 696 563 764 nuncios
614 717 822 784 super
863 695 988 762 hac
1026 716 1093 762 re
1125 707 1344 762 certos
1375 695 1706 775 redderet,
1746 716 1951 781 quam
1990 696 2282 763 mitteret
2319 695 2474 764 illos

140 800 310 853 turos
356 806 476 873 per
516 797 730 853 totum
775 784 1227 873 episcopium,
1283 797 1348 853 et
1386 785 1442 851 si
1484 783 1783 872 lapidem
1829 782 1925 849 vel
1977 805 2168 851 arma
2219 784 2476 853 sensis-

102 888 138 953 t,
185 874 301 962 ipsi
355 873 821 941 testimonium
877 872 1331 960 perhiberent.
1388 876 1550 940 Cum
1596 886 1821 940 autem
1883 872 2118 951 issent,
2180 884 2243 941 et
2303 872 2475 940 nihil

39 948 387 1039 benissent,
428 960 800 1031 subintulit
846 961 944 1029 eis
990 961 1166 1029 clam
1200 961 1235 994 ⁴
1278 961 1649 1038 ExarchuS,
1703 958 1883 1044 quod
1944 981 2293 1045 nunquam
2347 960 2474 1027 ali-

41 1050 233 1125 nando
287 1050 524 1131 aliter,
598 1049 713 1118 sed
774 1071 1042 1138 semper
1111 1070 1228 1137 per
1273 1049 1945 1136 circumplectionem
1981 1104 1996 1125 ,
2050 1063 2113 1115 et
2161 1048 2469 1117 fallacem

43 1132 450 1209 'fleusationem
490 1139 885 1207 incederent
916 1138 1277 1207 adversum
1316 1137 1734 1217 Pontificem,
1767 1150 1831 1205 et
1865 1136 2142 1205 infamis
2172 1137 2470 1226 Olympii

42 1218 224 1299 kat-chi
268 1228 662 1308 adventum,
701 1250 859 1296 cum
910 1227 1120 1295 armis
1161 1227 1459 1314 potuisse
1507 1248 1661 1293 eum
1711 1224 2033 1313 repellere
2074 1224 2463 1294 faterentur.

45 1314 243 1389 linctus
297 1339 448 1385 vero
526 1316 791 1384 Domini
845 1315 1248 1404 agonotheta
1304 1327 1368 1383 et
1439 1319 1780 1382 Romanae
1833 1313 2025 1381 urbis
2074 1315 2471 1382 Archiman-

45 1396 148 1473 hta
185 1406 500 1475 Martinus
534 1461 548 1483 ‚
604 1419 758 1473 ante
805 1404 1015 1472 altare
1061 1402 1386 1471 ecclesiae
1438 1401 1762 1471 lectulum
1815 1402 2155 1483 habebat,
2219 1405 2285 1469 in
2337 1425 2472 1489 quo

47 1498 127 1563 bst
155 1494 399 1584 vigilias
449 1514 818 1583 repausare
852 1492 1140 1562 solebat:
1180 1505 1428 1560 etcum
1481 1490 1728 1560 debilia
1787 1490 2091 1558 membra
2140 1491 2468 1559 collocas-

46 1593 104 1675 93,
136 1582 416 1651 nondum
471 1585 814 1651 transacta
864 1581 1087 1648 media
1138 1580 1327 1658 hora,
1381 1602 1536 1648 ecce
1582 1580 1782 1668 (proh
1838 1579 2087 1666 nefasl)
2133 1581 2469 1647 exercitus

48 1684 340 1759 rumpens
387 1672 455 1738 in
507 1671 867 1739 ecclesiam
921 1668 1179 1737 loricati
1230 1689 1490 1746 omneS,
1549 1689 1786 1736 omnes
1852 1666 2469 1759 tenentes'lanceas

49 1744 108 1829 ls
149 1759 322 1827 athas
354 1781 543 1835 suas,
589 1760 754 1844 quin
806 1771 869 1826 et
916 1780 1118 1826 arcus
1167 1778 1327 1825 suos
1374 1769 1642 1843 paratos
1678 1774 1812 1824 una
1850 1779 2006 1824 cum
2046 1757 2259 1825 scutis
2300 1758 2466 1835 suiS,

49 1780 239 1923 τίει-ιθ
288 1861 444 1915 sunt
493 1846 682 1927 illic,
737 1867 909 1932 quae
972 1868 1092 1913 nec
1140 1844 1430 1912 dicenda
1488 1857 1690 1924 sunt,
1743 1844 1904 1929 quia
1965 1845 2283 1912 honestas
2338 1866 2466 1912 non

48 1928 156 2001 tuit.
201 1935 785 2017 Quemadmodum
842 1955 1135 2020 namque
1199 1934 1263 1999 in
1322 1933 1599 2001 hiemali
1656 1946 1953 2021 tempore
2005 1946 2199 2000 vento
2250 1932 2472 2001 valido

49 2018 193 2099 inte,
239 2023 390 2091 folia
437 2047 517 2092 ex
575 2022 935 2092 arboribus
981 2044 1315 2091 concussa
1363 2021 1664 2090 cadunt:
1723 2021 1811 2088 ita
1875 2021 2345 2109 percutiebant
2404 2022 2469 2089 in

48 2111 441 2194 numentum,
480 2124 548 2181 et
595 2111 1001 2180 audiebatur
1047 2111 1333 2190 sonituS,
1365 2112 1483 2196 qui
1524 2112 1590 2177 in
1640 2109 1876 2177 eadem
1926 2108 2126 2176 fiebat
2159 2108 2468 2188 ecclesia,

49 2194 176 2291 [eluti
226 2201 512 2269 tonitrus
562 2200 840 2286 quidam
911 2199 1280 2278 horribilia,
1346 2210 1483 2267 tam
1542 2221 1621 2267 ex
1670 2197 2022 2267 collisione
2088 2219 2465 2275 armorum,

46 2300 176 2371 [uam
226 2311 298 2356 ex
356 2289 799 2358 multitudine
838 2287 1277 2355 candelarum
1334 2289 1420 2356 ab
1466 2288 1565 2356 eis
1625 2286 2151 2355 confractarum.
2210 2286 2474 2367 Quibus

47 2384 138 2474 {tm
177 2375 336 2447 fastu
386 2377 919 2456 introeuntibus,
958 2376 1179 2464 jussio
1227 2398 1262 2442 a
1314 2376 1586 2465 Caliopa
1638 2388 1940 2465 porrecta
1983 2389 2082 2442 est
2124 2375 2472 2461 Presbyte-

47 2479 92 2529 ts
127 2476 178 2532 et
219 2467 646 2546 DiaconibuS,
709 2466 773 2532 in
817 2487 951 2550 qua
1003 2466 1163 2533 tanti
1212 2465 1545 2553 praesulis
1605 2465 2085 2533 continebatur
2131 2462 2469 2552 abjectio:

45 2539 68 2616 l
100 2553 232 2636 quia
271 2555 395 2622 sibi
432 2556 583 2623 sine
621 2553 766 2642 lege
806 2555 1283 2642 Episcopatum
1323 2554 1807 2641 subripuisset,
1841 2575 1962 2621 nec
1999 2551 2253 2640 dignus
2302 2565 2474 2620 esset

43 2629 525 2804 {Apostolicam
578 2643 802 2711 sedem
859 2642 1144 2720 institui,
1185 2641 1298 2710 sed
1345 2642 1765 2710 omnimodis
1816 2643 1882 2709 in
1939 2663 2005 2708 re
2062 2643 2193 2708 iam
2235 2640 2470 2708 urbem

76 2732 366 2826 ,nsrnitti,
413 2733 784 2820 subrogato
834 2732 897 2797 in
950 2729 1173 2798 locum
1217 2730 1366 2818 ejus
1417 2732 1796 2820 Episcopo:
1851 2752 1987 2816 quo
2083 2730 2149 2763 ¹⁶*
2188 2743 2259 2797 ut
2308 2729 2472 2797 dum

41 2809 325 2908 ³¹quuando
370 2819 624 2888 factum
674 2832 795 2896 est,
838 2841 955 2886 nec
995 2820 1152 2906 jure
1202 2840 1507 2905 unquam
1561 2820 1703 2886 sieri
1741 2819 1965 2896 habet,
2021 2818 2183 2903 quia
2237 2819 2300 2885 in
2355 2817 2476 2884 ab·

116 2905 188 2974 tia
228 2909 570 2976 Pontificis
615 2907 1149 2976 Archidiaconus
1196 2922 1261 2976 et
1300 2908 1881 2996 Archipresbyter,
1927 2923 1990 2974 et
2042 2906 2480 2975 Primicerius

103 3013 195 3061 um
263 3011 690 3085 praesentant
751 2997 990 3084 ipsius.
1045 2996 1234 3076 Quod
1317 3010 1542 3063 autem
1620 2995 1720 3063 vir
1775 2995 2039 3063 Domini
2115 2995 2480 3063 armaverit

37 3073 246 3150 hanam
293 3086 374 3153 ad
427 3085 878 3154 resistendum
932 3083 1309 3152 secundum
1365 3083 1827 3171 suspicionem
1876 3081 2200 3149 salsorum
2257 3083 2479 3150 homi-

36 3157 170 3247 ΜΟ,
216 3174 518 3258 quandiu
569 3172 849 3262 signifer
898 3171 1188 3240 volvitur
1245 3194 1282 3238 a
1332 3186 1564 3240 sancta
1616 3176 1919 3241 Romana
1982 3169 2279 3237 Ecclesia
2329 3171 2479 3256 ejus

34 3247 300 3328 hectitati
349 3262 812 3330 testimonium
866 3261 1279 3350 perhibetur,
1318 3261 1540 3348 potius
1577 3259 1770 3328 illum
1807 3258 1974 3326 velle
2009 3258 2235 3327 decies
2274 3259 2471 3336 mori,

33 3343 179 3428 luam
223 3350 422 3420 unius
472 3350 772 3418 hominis
821 3349 1223 3444 sanguinem
1280 3348 1345 3416 in
1403 3362 1645 3416 terram
1702 3346 1926 3414 videre
1974 3345 2262 3414 effundi.

33 3459 40 3494 τ
87 3433 115 3515 ξ
155 3441 279 3505 1².
325 3438 568 3507 Eadem
613 3439 840 3523 itaque
881 3438 1044 3505 hora
1097 3437 1328 3505 beatus
1377 3435 1701 3513 Pontifex,
1751 3435 1949 3522 quasi
2008 3457 2233 3523 agnus
2283 3433 2479 3500 inno-

29 3511 144 3586 θεας
183 3522 353 3594 dedit
397 3527 837 3614 semetipsum
889 3525 972 3593 ad
1023 3524 1482 3592 exhibendum
1534 3525 1959 3612 Imperatori,
2014 3537 2077 3591 et
2130 3544 2260 3591 non
2320 3522 2479 3589 resi—

29 3608 306 3679 stendum.
344 3619 544 3683 Porro
591 3613 1130 3683 acclamantibus
1176 3611 1271 3679 illi
1306 3612 1723 3697 quibusdam
1756 3635 1829 3680 ex
1864 3613 2072 3690 clem,
2111 3633 2192 3678 nc
2234 3610 2481 3678 faceret

29 3681 139 3792 ⁸¹9⁶)
178 3699 333 3768 nulli
381 3724 613 3770 eorum
666 3723 897 3770 aurem
963 3702 1523 3779 accommodavit,
1584 3723 1664 3769 ne
1705 3700 1931 3770 subito
1983 3700 2219 3769 fierent
2259 3699 2482 3768 homi—

29 3780 186 3864 ¹mdia,
220 3789 326 3857 sed
376 3790 532 3870 illis,
572 3791 692 3875 qui
738 3811 892 3857 eum
934 3788 1298 3868 ducebant,
1341 3789 1550 3857 dixit:
1594 3812 1628 3855 <‹
1684 3790 1894 3858 Sinite
1947 3810 2214 3856 mecum
2257 3788 2482 3854 venire

29 3879 86 3933 m
122 3872 283 3943 Clero
326 3880 442 3962 qui
493 3878 853 3945 necessarii
906 3877 1077 3945 mihi
1126 3890 1310 3956 sunt,
1349 3880 1718 3967 Episcopos
1762 3878 2091 3954 videlicet,
2131 3876 2484 3963 Presbyte-

29 3943 131 4056 5083
172 3975 228 4029 et
276 3963 614 4044 diaconOS,
671 3979 733 4033 et
793 3966 1100 4035 absolute
1169 3967 1284 4052 qui
1363 3966 1535 4034 mihi
1610 3966 1944 4034 videntur.
2004 3988 2038 4029 »
2114 3963 2486 4052 Respondit

29 4037 320 4154 :saltopast
373 4076 406 4118 «
456 4060 793 4137 Quotquot
842 4055 1177 4123 voluerint
1226 4054 1453 4122 venire
1512 4076 1670 4123 cum
1745 4054 1920 4122 bono
1972 4053 2291 4120 veniant:
2365 4074 2484 4120 nos

29 4143 226 4232 fui-que
271 4144 726 4210 necessitatem
780 4163 910 4209 non
961 4142 1278 4210 facimus
1337 4166 1371 4206 »
1440 4142 1815 4232 Respondit
1864 4141 2104 4210 beatus
2156 4140 2485 4209 Martinus

35 4214 371 4315 Episcopus:
427 4252 460 4294 «
513 4229 746 4298 Clerus
785 4230 852 4298 in
908 4245 1229 4320 potestate
1282 4253 1428 4298 mea
1477 4249 1601 4299 est.
1661 4254 1694 4295 »
1748 4228 2218 4298 Exclamantes
2258 4241 2481 4297 autem

29 4307 250 4384 amdam
284 4315 360 4383 de
406 4317 896 4398 sacerdotibus,
942 4320 1294 4387 dixerunt:
1338 4341 1372 4383 «
1425 4324 1589 4388 Cum
1655 4320 1803 4408 ipso
1854 4317 2170 4395 vivimus,
2218 4330 2279 4386 et
2328 4341 2481 4385 cum

79 4427 94 4446 ”
116 4431 237 4476 Locus
263 4443 514 4484 mendosus.
1126 4444 1178 4471 *³*
1207 4445 1348 4483 Forte
1378 4446 1577 4484 nondmn.
