2993 4837
24 276 31 481 Ι
76 319 211 384 XOV.
263 321 300 384 5
643 337 721 383 ne
768 335 854 383 ss.
908 335 1295 384 GALAcnoNe
1343 339 1416 384 nr
1464 338 1766 385 srlsrsim
1811 339 1926 385 int.
2331 323 2457 387 297

26 488 27 511 χ
120 423 268 505 422.
316 424 475 489 Cum
526 434 754 490 autem
799 421 942 509 jam
995 421 1290 490 venisset
1337 434 1608 511 tempus
1677 422 1986 511 pariendi
2031 422 2426 512 Leucippes,
2481 438 2548 492 et

26 538 27 577 1
74 502 244 577 Μ
280 510 647 599 peperisset
674 508 1083 590 masoumm,
1115 510 1487 579 accersitus
1515 532 1759 580 rursus
1787 510 2181 591 HonofriuS,
2223 525 2550 581 consueta

28 598 298 676 [utititas.
350 598 606 667 bonum
665 620 703 667 a
754 603 882 666 Deo
940 598 1254 679 missum,
1308 613 1374 667 et
1419 598 1603 686 quod
1647 600 1954 689 genitum
2004 598 2247 681 suerat,
2303 621 2546 669 rursus

32 686 198 773 ,peri
251 709 393 757 sum
443 685 574 756 fuit
623 708 693 756 re
742 699 1092 757 eneratum
1123 688 1316 757 beato
1365 687 1797 777 baptismate,
1833 701 1898 756 et
1948 687 2034 756 ab
2092 688 2239 777 ipso
2287 690 2550 778 accepit

68 794 201 862 appe
229 775 534 844 lationem
586 790 651 845 et
734 776 834 844 uit
883 776 1279 845 nominatus
1343 776 1731 846 Galaction:
1799 776 2064 863 fuitque
2116 776 2532 867 appellatio,

66 875 202 931 certa
246 862 623 933 futurorum
668 863 1057 953 praedictio.
1114 871 1180 934 Is
1226 865 1406 934 enim
1451 864 1677 936 editus
1710 866 1840 935 suit
1880 865 2183 936 mundus
2230 888 2308 935 ex
2341 887 2543 935 mun-

68 950 166 1030 dis,
207 966 265 1020 et
308 974 381 1020 ex
442 954 795 1044 generosis
833 974 1110 1043 germen
1167 975 1319 1022 vere
1365 975 1800 1054 generosum.
1862 955 2270 1024 Procedente
2316 968 2544 1024 autem

68 1051 166 1106 tem
252 1062 352 1120 re,
412 1040 747 1129 paulatim
798 1042 1145 1111 Galaction
1224 1041 1689 1121 additamento
1737 1043 1974 1111 aetatis
2035 1043 2283 1133 adjecit
2341 1045 2543 1112 etiam

64 1128 172 1196 inte
198 1129 556 1219 ligantiam,
610 1144 812 1216 atque
858 1131 1026 1199 adeo
1058 1130 1351 1200 babebat
1385 1132 1740 1221 ingenium
1779 1154 1988 1221 supra
2039 1146 2350 1202 aetatem.
2392 1139 2549 1201 Tra-

69 1215 211 1285 ditus
240 1240 383 1287 vero
430 1219 620 1288 ludis
669 1218 1039 1299 litterariis,
1086 1231 1151 1288 et
1182 1220 1248 1288 in
1303 1220 1823 1309 perfectioribus
1861 1222 2196 1291 exercitus
2242 1221 2549 1311 discipli-

70 1305 168 1385 nis,
197 1308 528 1395 praeclara
562 1329 688 1377 sua
729 1308 956 1377 indole
1007 1308 1106 1376 vel
1160 1309 1345 1399 ipsos
1384 1310 1745 1399 magistros
1798 1309 2222 1396 relinquebat
2255 1332 2292 1378 a
2331 1323 2539 1399 tergo,

72 1396 192 1460 Cum
234 1408 451 1485 ageret
522 1409 750 1466 autem
813 1397 1213 1466 vicesimum
1265 1409 1331 1466 et
1393 1411 1712 1484 quartum
1766 1419 2075 1477 annum,
2128 1420 2335 1467 curae
2403 1413 2547 1467 erat

40 1482 220 1567 metri,
266 1486 322 1552 ei
359 1485 874 1555 convenientem
912 1487 1084 1555 vitae
1116 1486 1538 1576 conjungere
1578 1486 1857 1567 sociam,
1902 1510 2060 1556 cum
2118 1501 2331 1556 mater
2377 1492 2549 1556 Leu-

40 1570 219 1661 sscippe
252 1572 386 1661 jam
421 1596 458 1644 e
506 1576 643 1643 vita
689 1575 1106 1644 excessisset.

131 1660 265 1745 §Q
316 1667 467 1732 Erat
513 1674 742 1732 autem
793 1677 951 1732 tunc
1008 1663 1347 1750 quaedam
1404 1662 1616 1753 virg0,
1666 1662 2130 1752 pulcritudine
2170 1677 2234 1734 et
2279 1685 2546 1734 morum

44 1743 356 1821 ‘honestate
381 1750 800 1821 antecellens
832 1754 1178 1821 omnibus.
1219 1752 1292 1820 Ei
1326 1764 1468 1821 erat
1511 1773 1756 1820 nomen
1811 1753 2174 1841 Episteme,
2210 1775 2386 1839 quae
2428 1774 2549 1821 no-

68 1832 296 1908 bilitatis
346 1853 409 1909 et
447 1840 708 1930 gloriae
754 1839 1005 1909 famam
1062 1840 1352 1910 habebat
1401 1840 1693 1930 primam
1740 1840 1914 1907 inter
1980 1841 2324 1910 mulieres.
2384 1847 2547 1910 Eam

42 1920 366 2015 gdespondit
416 1928 796 2008 Galaction,
838 1950 1021 1997 nunc
1052 1928 1330 2016 quidem
1374 1929 1456 1998 ad
1492 1928 1787 2017 speciem
1837 1931 2277 2008 matrimonii,
2317 1943 2550 2019 postea

44 2024 240 2103 [nutem
288 2017 367 2085 ad
407 2018 740 2087 unionem
791 2018 1086 2086 animae.
1148 2022 1312 2086 Cum
1374 2039 1530 2086 vero
1578 2018 1752 2086 vitae
1798 2039 1955 2085 cum
2019 2040 2098 2086 ea
2159 2019 2545 2087 societatem

70 2118 220 2191 tegre
260 2104 451 2175 ferret
499 2106 877 2187 Galaction,
913 2119 977 2175 et
1023 2117 1250 2195 aperte
1289 2107 1674 2175 ostenderet
1718 2127 1788 2176 se
1835 2104 1988 2191 ejas
2036 2128 2160 2174 con
2219 2128 2447 2176 ressus
2486 2118 2550 2174 et

74 2191 406 2277 complexus
442 2217 578 2265 non
633 2195 1010 2275 admittere,
1050 2207 1324 2284 propter
1355 2194 1707 2295 religionis
1756 2194 2155 2263 dissimilitu
2215 2196 2431 2275 inem,
2484 2207 2549 2262 et.

73 2280 204 2361 quod
240 2305 311 2351 ea
342 2305 473 2353 non
502 2297 685 2353 esset
725 2285 1063 2372 particeps
1091 2282 1305 2351 divini
1336 2283 1789 2372 baptismatis,
1837 2307 1872 2351 a
1913 2283 2315 2353 necessariis
2343 2304 2547 2372 saepe

69 2365 453 2457 exigebantur
488 2374 810 2452 rationes
864 2372 984 2459 qui
1032 2394 1179 2441 eam
1226 2393 1364 2441 rem
1395 2394 1472 2442 ae
1530 2395 1595 2441 re
1637 2372 1963 2452 serebant,
2018 2385 2082 2442 et
2173 2372 2417 2442 raviter
2439 2394 2550 2441 ex-

70 2458 416 2541 pendebant.
472 2467 643 2531 Cum
680 2474 903 2529 autem
942 2460 1131 2530 solus
1172 2461 1448 2548 aliquan
1506 2484 1546 2530 o
1599 2461 1779 2551 apud
1829 2460 2039 2530 solam
2132 2463 2341 2532 uisset
2389 2463 2549 2551 Epi-

68 2553 293 2629 stenen,
344 2550 427 2619 ab
457 2572 533 2620 ea
577 2562 877 2638 rogatuS,
918 2570 1256 2636 quaenam
1308 2564 1484 2618 esset
1514 2572 1722 2618 causa
1770 2549 1932 2630 odii,
1971 2549 2141 2620 dixit
2190 2550 2543 2621 Galaction

70 2651 253 2706 senon
301 2660 494 2728 posse
528 2638 728 2707 aliter
756 2638 930 2706 serre
966 2639 1135 2707 vitae
1156 2660 1315 2707 cum
1366 2660 1440 2706 ea
1494 2639 1907 2718 societatem,
1950 2639 2081 2708 nisi
2116 2661 2264 2709 eam
2303 2640 2548 2708 viderit

70 2741 249 2793 secum
287 2726 651 2796 convenire
694 2728 757 2794 in
805 2726 1152 2826 religione.
1212 2726 1482 2796 Dicebat
1513 2727 1698 2795 enim
1731 2739 1983 2814 aperte,
2022 2750 2169 2798 esse
2217 2728 2539 2818 impium,

68 2813 342 2884 mundum
370 2816 705 2905 conjungi
742 2837 898 2885 cum
941 2815 1321 2884 immundo.
1368 2837 1403 2881 «
1436 2815 1504 2883 Si
1547 2837 1731 2903 erg0,
1763 2838 1803 2885 o
1834 2838 2026 2898 uxor,
2063 2830 2163 2885 est
2198 2818 2318 2886 tibi
2354 2831 2547 2908 grata

71 2912 241 2994 nostra
274 2915 489 2974 tecum
550 2905 721 2973 vitae
752 2904 1060 2984 societas,
1099 2903 1297 2973 crede
1330 2904 1496 2972 mibi
1536 2906 1795 2995 optima
1828 2904 2234 2975 consulenti.
2269 2913 2346 2976 Et
2373 2929 2546 2994 quo-

75 2992 306 3060 mantin
357 2994 745 3083 praesentia
796 3004 897 3063 est
956 2993 1185 3093 inopia
1249 2992 1680 3062 sacerdotum
1714 3048 1728 3072 ,
1802 2996 1920 3079 qui
1989 2996 2338 3064 constituti
2389 3011 2551 3065 sunt

76 3069 141 3170 Ml
178 3074 293 3160 hoc,
343 3095 417 3151 ut
465 3080 558 3150 ad
610 3081 1027 3171 baptismum
1068 3081 1478 3149 inserviant:
1535 3082 1677 3150 lieri
1727 3096 1952 3150 autem
1994 3102 2124 3150 non
2180 3095 2416 3171 potest,
2473 3097 2578 3152 ut·

72 3156 220 3231 aliter
256 3170 331 3238 sit
368 3170 720 3259 quispiam
748 3182 813 3239 et
863 3170 1252 3238 nominetur
1295 3169 1618 3254 mundus,
1653 3191 1776 3238 nos
1819 3169 1943 3238 hoc
2006 3169 2292 3251 donum,
2347 3183 2548 3261 prout

70 3259 281 3339 tempus
323 3257 663 3339 concedit,
719 3258 852 3348 ipsi
900 3271 1277 3345 utcumque
1316 3279 1747 3348 peragemus.
1787 3280 1823 3323 »

128 3339 276 3423 §0-
324 3351 490 3416 Cum
544 3362 769 3416 autem
810 3346 1087 3416 vidisset
1123 3368 1271 3416 eam
1325 3348 1408 3414 ad
1462 3348 1590 3416 boc
1643 3368 1896 3416 morem
1935 3357 2306 3435 gerentem,
2350 3347 2549 3436 jubet

64 3443 234 3499 unum
273 3456 345 3502 ex
401 3435 588 3505 tubis
637 3436 813 3504 horti
855 3435 1123 3525 impleri
1174 3457 1392 3523 aqua:
1444 3449 1508 3504 et
1568 3435 1656 3504 ita
1713 3434 2546 3505 omnibus·inscientibus

28 3507 307 3603 baptizat
350 3525 764 3612 Epistemen.
829 3529 985 3613 Ipsa
1048 3536 1303 3604 autem,
1357 3545 1515 3593 cum
1584 3536 1732 3613 post
1800 3523 2141 3612 baptisma
2188 3535 2337 3592 octo
2400 3523 2546 3592 dies

64 3610 541 3691 praeteriissent,
584 3634 822 3681 novam
860 3612 1207 3699 quandam
1258 3611 1691 3682 etinsolitam
1734 3611 1912 3680 videt
1942 3612 2007 3680 in
2042 3612 2307 3681 somnis
2347 3611 2551 3682 visio-

26 3773 27 3782 *
64 3707 205 3790 nem.
256 3699 614 3771 Videbatur
660 3703 843 3770 enim
880 3701 1128 3770 versari
1184 3701 1247 3768 in
1283 3700 1702 3787 quibusdam
1745 3700 2030 3769 aedibus
2084 3701 2289 3790 regiis
2321 3754 2336 3779 ,
2393 3699 2551 3800 pul-

60 3784 349 3857 critudine
393 3811 569 3875 quae
623 3790 850 3860 verbis
912 3789 1238 3879 explicari
1272 3810 1405 3858 non
1449 3802 1685 3877 potest,
1728 3789 2149 3880 insignibus:
2188 3791 2256 3856 in
2292 3790 2550 3875 quibus

24 3917 25 3924 κ
65 3876 165 3938 tres
206 3877 519 3965 utrinque
547 3878 739 3948 chori
788 3880 1059 3948 stabant
1089 3878 1271 3948 circa
1307 3879 1614 3968 parietes.
1671 3883 1974 3960 Quorum
2026 3900 2210 3947 unus
2265 3877 2545 3964 quidem

24 3989 27 4006 ³
63 3949 304 4032 habebat
341 3966 519 4035 viros
552 3968 703 4038 visu
753 3967 1095 4048 honestOS,
1149 3982 1213 4035 et
1247 3981 1426 4035 veste
1464 3967 1656 4055 nigra
1693 3966 1991 4035 indutos.
2028 3965 2386 4035 Secundus
2427 3988 2548 4035 au-

62 4051 158 4140 lem
193 4052 524 4136 muliere-S,
577 4078 753 4142 quae
795 4077 864 4125 se
913 4056 1256 4125 habebant
1310 4054 1651 4124 similiter.
1706 4055 1970 4123 Tertius
2021 4076 2173 4123 vero
2228 4068 2373 4123 erat
2418 4056 2550 4123 vir-

62 4149 282 4235 ginum,
322 4142 389 4210 in
440 4143 1036 4244 quibusjucunda
1061 4143 1398 4230 quaedam
1450 4142 1731 4211 florebat
1760 4142 2099 4222 alacritas,
2150 4154 2214 4210 et
2248 4141 2551 4213 liberalis

62 4236 235 4316 gratia
269 4228 334 4297 in
371 4233 563 4302 vultu
598 4232 964 4302 arridebat.
1012 4231 1325 4300 Mulieres
1358 4244 1585 4301 autem
1619 4230 1773 4300 illae
1805 4231 2002 4319 nigra
2030 4242 2205 4298 veste
2242 4229 2545 4311 indutae,

63 4308 424 4388 thebantur
457 4321 658 4389 etiam
711 4321 961 4390 habere
999 4320 1333 4408 quasdam
1389 4340 1676 4410 pennae,
1733 4334 1797 4387 et
1848 4320 2072 4409 ignem
2123 4317 2457 4400 emittere,
2517 4344 2555 4387 a

64 4412 169 4478 ‘1110
209 4406 522 4495 quicquid
578 4409 943 4493 incidebat,
983 4409 1340 4479 videbatur
1390 4407 1729 4478 comburi.
1765 4412 1928 4477 Cum
1979 4416 2205 4475 autem
2257 4403 2325 4472 id
2369 4408 2554 4495 quod
2663 4505 2736 4558 „f
