2993 4837
536 244 663 307 632
1274 260 1349 304 m:
1399 258 1452 303 S.
1509 256 1880 305 commemo
1929 258 2171 303 Annam
2627 232 2765 298 Not.
2799 236 2852 298 ‘2¹

538 350 571 430 ξ
610 347 737 414 n.
775 341 1192 433 Egitdeinde
1232 343 1461 411 virDei
1500 341 1684 431 apud
1718 341 2112 422 Clotarium,
2157 353 2233 410 ut
2273 340 2637 408 ad'umento
2677 336 2775 423 ipsi
2793 359 2867 406 es·

450 447 570 512 set,
608 454 746 519 quo
788 454 908 520 per
945 430 1385 501 Theodeberti
1413 452 1730 521 regnum,
1771 431 1826 499 si
1861 429 2113 511 liceret,
2155 430 2223 498 in
2258 435 2344 499 Ita
2375 429 2509 498 iam
2541 448 2650 516 per
2676 425 2871 514 Alpium

440 522 611 611 juga
656 520 1006 610 pervenire
1049 535 1297 610 posset.
1340 520 1522 587 Datis
1559 541 1723 609 ergo
1757 519 2151 599 comitibuS,
2203 520 2321 607 qui
2360 538 2511 586 eum
2546 514 2626 584 ad
2661 513 2878 582 Theode-

448 611 714 678 bertum
773 608 1215 690 adducerent,
1283 607 1397 676 ille
1446 609 1688 677 itinere
1736 620 2029 698 arrepto,
2089 608 2369 677 Parisios
2409 605 2610 673 vonit.
2658 602 2793 671 Inde
2823 602 2876 669 ad

448 696 787 766 Meldense
834 697 868 731 ⁴*
914 697 1247 787 oppidum
1290 711 1648 787 properat:
1704 696 1820 766 ubi
1866 712 2010 767 erat
2050 698 2153 765 vir
2202 696 2442 766 nobilis
2479 691 2880 782 chagnericus,

447 786 886 855 Theodeberti
940 787 1142 877 Regis
1189 786 1498 866 conviva,
1548 786 1648 853 vir
1687 786 1964 874 sapiens
2003 798 2069 854 et
2102 786 2406 855 consiliis
2450 783 2653 874 regiis
2696 792 2882 871 gratus.

450 881 514 944 Is
546 875 768 943 virum
813 876 923 943 Dei
958 897 1232 945 summo
1280 875 1535 967 gaudio
1569 876 1854 964 excepit,
1900 896 2108 963 seque
2157 888 2547 943 curaturum
2599 871 2708 951 ait,
2748 882 2806 939 ut
2835 869 2883 937 at

450 963 890 1034 Theodeberti
939 964 1166 1033 aulam
1222 965 1598 1054 perveniat:
1654 985 1777 1032 nec
1825 985 2000 1054 opus
2046 985 2196 1033 esse
2243 963 2397 1032 aliis
2437 985 2474 1031 a
2514 960 2710 1061 Regis
2752 958 2884 1027 latera

449 1053 842 1123 comitibus
910 1052 1187 1121 Volebat
1249 1068 1473 1122 autem
1539 1052 1712 1122 alios
1772 1052 1856 1122 ab
1912 1074 1991 1121 eo
2054 1052 2407 1132 removeri,
2452 1061 2529 1120 ut
2577 1069 2780 1118 virum
2822 1048 2879 1114 [a

450 1141 672 1228 quoad
737 1155 959 1232 posset
1022 1164 1253 1210 secum
1309 1141 1645 1223 retineret,
1702 1142 2058 1230 ipsiusque
2107 1142 2381 1221 domm,
2435 1138 2616 1208 illius
2661 1137 2871 1206 doctrina

454 1229 952 1299 nobilitaretur.
1006 1229 1354 1299 Benedixit
1392 1242 1619 1298 autem
1664 1230 1764 1297 vir
1801 1230 1911 1299 Dei
1961 1229 2196 1299 domui
2238 1230 2431 1317 ejus;
2478 1227 2658 1296 filiae
2703 1244 2872 1311 quoqafi

456 1318 642 1391 illius
688 1319 1320 1410 Burgundophorae
1354 1318 1585 1387 adhuc
1636 1318 1875 1388 infanti
1910 1318 2082 1389 bene
2117 1331 2456 1409 precatuS,
2504 1338 2652 1385 eam
2689 1316 2879 1384 Domita

453 1408 665 1476 vovit:
719 1407 803 1476 de
836 1429 970 1495 qua
1014 1430 1082 1477 re
1139 1409 1205 1476 in
1250 1406 1695 1493 sequentibus
1742 1407 2079 1477 dicemus.
2134 1413 2538 1495 Progressus
2587 1427 2734 1473 vero
2775 1401 2880 1496 inde.

454 1497 634 1564 venit
681 1495 763 1564 ad
802 1494 1197 1565 Vulciacum
1253 1496 1482 1564 villam
1513 1518 1721 1587 supra
1751 1499 2124 1567 Matronam
2154 1496 2221 1530 *⁸*
2247 1496 2528 1566 fluvium
2560 1495 2781 1563 sitam:
2817 1492 2882 1558 ua

454 1584 541 1653 ab
571 1584 894 1654 Authario
933 1597 1254 1675 exceptus
1300 1598 1423 1665 est,
1480 1586 1685 1671 cujus
1713 1585 1965 1671 conjux
2001 1586 2166 1675 Aiga
2215 1584 2589 1654 dicebatur.
2643 1588 2886 1664 erantque

454 1672 590 1741 illis
633 1672 754 1742 filii
790 1674 1165 1742 etiamnum
1200 1673 1518 1749 infantes.
1546 1696 1718 1759 quos
1751 1688 1965 1742 mater
1993 1673 2078 1742 ad
2115 1672 2653 1742 benedicendum
2689 1671 2882 1738 virens

455 1761 723 1831 obtulit.
781 1762 1030 1832 videns
1064 1761 1178 1831 ille
1226 1762 1464 1832 matris
1507 1761 1738 1842 fidem,
1796 1761 2169 1832 infantulos
2217 1784 2344 1831 sua
2381 1760 2812 1831 benedictione
2834 1778 2886 1823 sa·

451 1851 685 1919 oravit.
742 1851 794 1919 ti
833 1865 1059 1941 postea
1103 1852 1573 1940 pubescentes,
1615 1849 1904 1920 Clotario
1960 1851 2121 1940 Regi
2178 1851 2506 1941 primum,
2557 1848 2786 1918 deinde
2821 1849 2888 1912 Da·

451 1938 729 2029 goberto
777 1939 1150 2030 gratissimi
1193 1939 1401 2008 suere.
1459 1944 1532 2009 At
1581 1952 2021 2029 posteaquam
2075 1939 2369 2009 seculari
2419 1938 2632 2029 gloria
2678 1936 2888 2005 illustres

452 2049 747 2108 evasere,
807 2029 872 2096 in
915 2050 1064 2097 eam
1115 2051 1350 2097 curam
1402 2040 1465 2097 et
1513 2028 1990 2118 cogitationem
2046 2028 2535 2106 incubuerunt,
2606 2049 2684 2095 ne
2728 2021 2887 2093 mundi

453 2115 669 2206 gloria
720 2116 1082 2207 perderent
1120 2117 1634 2207 sempiternam.
1688 2122 1922 2205 Itaque
1974 2118 2190 2205 major
2240 2130 2407 2186 natu
2457 2117 2615 2198 Ado,
2667 2113 2886 2211 volupta-

452 2205 637 2275 tibus
668 2229 738 2274 se
786 2205 1140 2283 abdicans,
1198 2218 1425 2294 postea
1478 2206 1544 2273 in
1598 2206 1777 2275 saltu
1823 2212 2085 2275 Jurano
2132 2206 2623 2275 monasterium
2688 2204 2888 2272 instituit

452 2295 668 2364 sancti
740 2294 1141 2363 Columbani
1192 2294 1592 2364 construxit.
1648 2299 1853 2363 Porro
1906 2294 2086 2364 Dado
2131 2293 2365 2382 junior
2415 2294 2590 2362 intra
2647 2293 2886 2361 Biennen·

452 2404 588 2452 sem
637 2382 885 2456 saltum
939 2383 1020 2452 ad
1060 2382 1428 2454 Resbacem
1482 2382 1870 2464 fluviolum,
1923 2382 2257 2474 ejusdem,
2304 2382 2600 2454 instituti
2651 2391 2890 2451 monaste

454 2473 629 2541 rium
698 2472 1027 2542 condidit.
1081 2478 1290 2542 Tanta
1339 2472 1466 2541 fuit
1515 2473 1580 2540 in
1634 2473 1778 2542 viro
1834 2474 1947 2541 Dei
1995 2472 2237 2562 gratia,
2297 2486 2374 2541 ut
2429 2472 2888 2559 quibuscumqm

451 2562 623 2631 bene
657 2574 970 2651 precatus
995 2574 1192 2639 esset,
1227 2563 1294 2631 in
1332 2561 1532 2631 bonis
1570 2561 1796 2651 operis
1832 2561 2328 2651 perseverantia
2370 2580 2757 2650 supremum
2788 2556 2890 2653 vitat

448 2649 844 2718 clauderent
880 2649 1085 2718 diem.
1141 2649 1316 2719 Illud
1351 2648 1605 2739 oppido
1642 2651 1800 2738 jure
1830 2650 1963 2718 dici
2011 2661 2736 2739 potest,quoscumqu·³
2761 2646 2889 2714 dem-

449 2737 709 2807 dustria
758 2740 1044 2810 monuit.
1085 2761 1198 2808 eos
1232 2739 1502 2830 gavisos
1536 2761 1705 2814 esse,
1739 2760 1808 2807 se
1843 2752 2068 2828 postea
2115 2738 2593 2828 impunitatem
2628 2734 2887 2805 meruisse.

449 2830 576 2894 Nec
629 2826 966 2894 immerito
1020 2828 1183 2895 tanti
1236 2827 1355 2895 viri
1393 2826 1606 2896 fultus
1643 2827 2113 2909 adminiculiS,
2155 2839 2515 2927 perceptae
2564 2826 2888 2916 gratiaepo

450 2913 611 2982 titus
644 2928 744 2982 est
791 2935 941 3004 ope,
981 2915 1097 3002 qui
1134 2915 1285 3004 ejus
1320 2915 1651 2985 doctrinis
1695 2916 1994 2995 innixus,
2041 2939 2075 2984 a
2119 2930 2289 2985 vitae
2333 2930 2550 2984 rectae
2585 2928 2647 2984 et
2677 2916 2888 3000 integrae

452 3001 667 3071 noluit
699 3004 964 3072 tramite
1012 3003 1305 3073 deviare.

536 3094 571 3179 ξ
619 3095 753 3163 18.
814 3092 1063 3162 Deinde
1114 3094 1213 3161 vir
1246 3094 1358 3163 Dei
1393 3093 1476 3163 ad
1506 3092 2045 3163 Theodebertum
2092 3093 2313 3163 venit:
2366 3093 2486 3181 qui
2522 3113 2673 3160 cum
2709 3089 2892 3159 vidisset

445 3201 646 3260 eum,
703 3179 1009 3251 hilariter
1061 3182 1127 3250 in
1187 3204 1349 3252 suas
1393 3203 1551 3251 eum
1605 3183 1857 3270 recepit
1905 3182 2128 3252 aedes.
2195 3187 2349 3253 ‚Iam
2403 3203 2558 3251 vero
2608 3179 2781 3250 multi
2817 3174 2892 3242 tra-

447 3282 628 3338 trum
677 3291 754 3338 ex
803 3270 1097 3340 Luxovio
1146 3271 1359 3341 secuti
1406 3282 1602 3339 erant
1632 3325 1646 3351 ,
1699 3292 1873 3357 quos
1935 3270 2072 3351 ille,
2132 3281 2481 3356 tamquam
2531 3292 2612 3337 ex
2672 3264 2890 3337 hostibus

447 3370 747 3447 ereptam
794 3359 1144 3449 praedam,
1183 3359 1584 3449 excipiebat.
1640 3359 2094 3430 Pollicebatur
2124 3371 2350 3429 autem
2374 3356 2890 3442 eiTheodebertus

448 3469 518 3515 se
559 3469 628 3516 re
683 3457 991 3517 erturum
1044 3448 1222 3518 intra
1268 3446 1550 3518 ditionis
1600 3470 1764 3518 suae
1815 3448 2142 3517 terminos
2194 3446 2339 3516 loca
2385 3468 2695 3526 amoena,
2733 3457 2784 3513 et
2817 3442 2890 3528 ipa

446 3534 632 3604 famu
666 3560 705 3606 o
742 3536 852 3605 Dei
902 3536 985 3605 ad
1012 3558 1285 3606 omnem
1338 3536 1921 3627 opportunitatem
1972 3535 2440 3606 accommoda.
2495 3536 2795 3605 Aitetiam
2816 3551 2889 3597 uu·

444 3623 653 3710 dique
704 3625 964 3696 vicinas
1009 3638 1246 3716 gentes
1284 3624 1627 3715 ejusmodi
1673 3647 1844 3705 esse,
1900 3625 2021 3711 qui
2073 3626 2257 3693 verbi
2312 3625 2424 3694 Dei
2478 3620 2889 3714 praedicatione

443 3734 619 3803 opus
669 3713 987 3784 habeant.
1041 3713 1416 3804 Respondit
1455 3712 1541 3782 ad
1585 3713 1752 3784 haec
1800 3713 1904 3782 vir
1952 3713 2110 3783 Dei:
2156 3737 2192 3780 «
2227 3713 2294 3783 Si
2330 3712 2573 3783 feceris
2619 3709 2778 3801 quod
2802 3703 2887 3797 pol·

443 3800 671 3871 liceris
709 3857 724 3883 ‚
780 3824 902 3874 nec
954 3802 1157 3872 fidem
1231 3802 1459 3878 datam
1507 3801 1825 3872 fefelleris
1861 3858 1876 3884 ,
1944 3803 2443 3891 aliquantisper
2491 3801 2602 3871 hic
2653 3795 2883 3870 haerebo.

441 3890 884 3980 experiarque
958 3914 1123 3961 num
1164 3892 1228 3960 in
1292 3891 1673 3961 vicinarum
1735 3891 2044 3982 gentium
2102 3890 2431 3962 cordibus
2492 3890 2689 3960 fidem
2735 3899 2884 3981 wset-tt?

489 3980 722 4048 ossim.
761 4004 795 4046 »
842 3980 1031 4049 Dedit
1062 4002 1224 4072 ergo
1270 3980 1330 4049 ei
1366 3987 1500 4051 Rex
1549 3980 2023 4069 optionem,ut
2053 4000 2566 4066 quemcumque
2616 3976 2779 4046 vellet
2804 3968 2883 4072 sahi

468 4090 666 4136 ocum
710 4067 1059 4160 deligeret,
1103 4069 1222 4156 qui
1256 4083 1321 4138 et
1369 4069 1502 4157 ipsi
1550 4082 1614 4137 et
1661 4067 1988 4140 fratribus
2036 4082 2276 4158 gratus
2337 4083 2536 4137 esset.
2605 4067 2881 4153 inquisitus

444 4157 459 4221 i
517 4156 875 4228 iturlocus
928 4172 1050 4240 est,
1090 4172 1294 4245 atque
1337 4159 1543 4228 etiam
1599 4158 1942 4238 inventus,
1995 4178 2198 4244 quem
2249 4156 2438 4226 favor
2485 4158 2759 4226 omnium
2787 4144 2879 4217 red·

489 4259 628 4314 eret
655 4246 1300 4327 commendabilem,
1338 4260 1403 4317 et
1441 4246 1724 4334 quidem
1778 4248 1956 4316 intra
1997 4246 2403 4315 Germaniae
2459 4246 2768 4318 terminos,
2806 4231 2874 4303 sed

494 4369 517 4388 ⁸
552 4369 699 4419 Vulgo
735 4372 851 4409 Men.
1745 4374 1799 4400 *Ψ
1831 4373 1979 4423 vulga
2015 4373 2178 4412 Mar-ne,
