2993 4837
164 313 219 376 V.
262 313 302 377 3
761 330 835 376 ns
880 331 932 376 s.
986 329 1303 378 ιΑιΑοιιιΑ
1350 331 1448 376 ιι».
1505 331 1846 378 mammas
2394 315 2477 377 93

159 442 170 473 ‹-
214 447 223 477 ι
287 415 613 506 obtinuit,
655 411 831 501 quod
872 415 971 483 vir
999 413 1424 502 Apostolicus
1474 414 1688 485 lucris
1722 414 1945 502 potius
1980 413 2417 484 uberioribus
2450 437 2564 483 oc-

146 524 199 563 v···.
220 503 419 574 ndum
454 504 878 573 decerneret.
908 507 1036 572 Nec
1068 516 1292 572 tamen
1328 504 1614 573 omnino
1641 502 2008 573 frustratus
2031 514 2132 571 est
2164 525 2204 571 a
2228 502 2566 572 desiderio

176 591 414 668 issui,
468 592 589 664 cui
656 592 825 661 mori
869 591 986 672 ibi,
1040 591 1165 660 etsi
1224 614 1358 662 non
1412 593 1655 674 vivere,
1712 593 2042 662 donatum
2093 603 2219 660 est.
2265 597 2561 666 Mensem

168 712 212 765 ·;
271 704 363 751 m
400 681 563 751 fecit
614 682 680 750 in
738 680 931 761 Urbe,
977 680 1123 749 loca
1172 694 1405 750 sancta
1445 680 1960 771 perambulanS,
2014 693 2078 750 et
2128 678 2567 768 frequentans

155 800 227 829 ιε.
281 770 634 841 orationis.
686 772 991 856 Cumque
1028 791 1146 859 per
1193 770 1261 838 id
1314 771 1640 860 temporis
1689 790 1893 859 saepe
1938 790 2018 837 ac
2065 768 2432 859 diligenter
2479 770 2566 839 ab

194 870 251 930 et
288 859 371 927 ab
422 859 532 928 his
582 858 699 946 qui
748 880 908 927 cum
969 880 1048 927 eo
1096 870 1321 939 erant,
1394 880 1714 928 summus
1769 856 2069 927 Pontifex
2122 857 2563 945 inquisisset,

146 980 176 1007 .·
230 947 498 1038 patriae,
550 969 773 1016 mores
804 948 1050 1036 gentis,
1092 959 1341 1016 statum
1380 947 1866 1029 Ecclesiarum,
1897 959 1962 1016 et
2001 959 2254 1034 quanta
2290 948 2355 1016 in
2392 960 2567 1017 terra

187 1057 217 1107 s
261 1058 373 1126 per
417 1058 581 1106 eum
631 1048 956 1126 operatus
990 1034 1261 1105 fuisset:
1305 1037 1567 1125 paranti
1595 1037 1739 1126 jam
1796 1036 2163 1127 repatriare
2219 1037 2567 1106 commisit

164 1155 206 1185 :a
255 1147 434 1208 suas,
483 1146 610 1215 per
655 1124 1046 1193 universam
1086 1125 1481 1194 Hiberniam
1523 1124 1821 1215 legatum
1875 1124 2072 1194 illum
2107 1126 2556 1196 constituens.

164 1212 498 1283 nificatum
538 1213 880 1301 siquidem
914 1226 1058 1282 erat
1089 1215 1149 1283 ei
1200 1215 1286 1283 ab
1328 1214 1662 1305 Episcopo
1710 1213 2098 1295 Gilleberto,
2151 1214 2296 1300 qui,
2351 1226 2424 1283 ut
2449 1237 2567 1283 su·

152 1338 157 1359 ι
210 1303 760 1382 memoravimuS,
819 1316 983 1371 tunc
1020 1301 1283 1393 legatus
1322 1303 1653 1382 extiterat,
1711 1301 1893 1389 quod
1949 1303 2096 1392 jam
2141 1324 2273 1370 non
2342 1315 2569 1392 posset

234 1390 413 1460 senio
459 1405 528 1460 et
586 1389 935 1460 debilitate
981 1392 1289 1481 corporis
1342 1391 1668 1460 villicare.
1726 1396 1880 1461 Post
1930 1391 2096 1461 haec
2153 1392 2317 1481 petit
2365 1392 2567 1461 Mala-

146 1490 229 1549 ³-s
274 1479 670 1551 confirmari
751 1501 962 1548 novae
1014 1479 1408 1571 metropolis
1456 1480 2009 1551 constitutionem
2076 1491 2140 1548 et
2204 1481 2566 1568 utriusque

145 1568 220 1638 is
246 1569 442 1669 pallia
492 1568 631 1637 sibi
660 1567 835 1637 dari.
874 1573 949 1638 Et
990 1568 1535 1639 confirmationis
1574 1569 1850 1656 quidem
1921 1568 2353 1659 privilegium
2414 1591 2568 1639 mox

180 1668 322 1747 pit:
372 1662 526 1726 «De
571 1656 802 1746 palliis
850 1672 1076 1726 autem
1125 1657 1251 1748 (ait
1298 1680 1618 1727 summus
1651 1656 1984 1746 Pontifex)
2006 1669 2270 1748 oportet
2317 1657 2568 1727 solem-

146 1774 188 1805 ι·
241 1746 365 1903 εἱί.
439 1746 842 1815 Convocatis
890 1747 1268 1836 Episcopis,
1327 1759 1390 1815 et
1439 1746 1737 1827 Clericis,
1791 1758 1854 1815 et
1906 1747 2284 1837 majoribus
2321 1759 2562 1825 terrae,

152 1831 288 1904 ebra
340 1834 395 1903 is
469 1834 795 1925 generale
841 1835 1254 1905 concilium:
1319 1848 1385 1904 et
1430 1836 1530 1904 sic
1577 1835 2007 1904 conniventia
2078 1848 2144 1904 et
2208 1837 2568 1905 communi

173 1953 182 1979 ι
229 1924 699 1994 universorum
757 1944 874 2013 per
924 1924 1242 1994 honestas
1295 1945 1623 2014 personas
1686 1923 2047 2010 requiretis
2097 1923 2381 2014 pallium
2415 1979 2432 2004 ,
2497 1938 2566 1993 et

145 2008 304 2080 le‘tur
338 2012 555 2083 vobis.
596 2037 633 2078 »
687 2012 938 2081 Deinde
987 2011 1232 2082 tollens
1266 2011 1589 2081 mithram
1640 2011 1724 2080 de
1771 2012 1994 2101 capite
2027 2034 2176 2091 suo,
2235 2013 2571 2102 imposuit

146 2097 245 2175 ,Ἦ
284 2102 471 2188 ejus:
535 2101 654 2170 sed
698 2114 764 2170 et
810 2101 1050 2170 stolam
1103 2123 1259 2170 cum
1327 2099 1683 2190 manipulo
1730 2098 1920 2169 dedit
1975 2100 2107 2180 illi,
2167 2101 2420 2187 quibus
2468 2102 2568 2171 uti

258 2189 686 2260 offerendum
740 2190 1018 2259 solebat.
1074 2194 1150 2259 Et
1197 2189 1567 2260 salutatum
1622 2189 1688 2257 in
1751 2188 1989 2259 osculo
2060 2190 2249 2277 pacis
2305 2189 2570 2259 dimisit

155 2302 194 2341 r.
265 2278 648 2367 Apostolica
682 2277 928 2348 fultum
966 2278 1434 2347 benedictione
1478 2291 1544 2347 et
1581 2274 2000 2347 auctoritate.
2041 2277 2167 2361 Qui
2232 2290 2571 2346 revertens

202 2363 734 2448 claramvallem,
792 2389 985 2437 suam
1026 2367 1397 2438 secundam
1439 2366 1639 2437 nobis
1673 2367 1962 2456 largitus
2009 2378 2110 2437 est
2152 2365 2569 2436 benedictio-

146 2461 323 2526 ι’.Ιίι
365 2458 503 2526 alta
558 2456 861 2547 suspiria
912 2456 1211 2537 trahens,
1266 2457 1446 2544 quod
1503 2478 1635 2526 non
1682 2456 1910 2526 liceret
1945 2456 2076 2526 sibi
2109 2478 2229 2546 pro
2277 2478 2403 2525 suo
2450 2457 2570 2525 de-

145 2547 203 2600 1..
231 2543 285 2614 ‘o
316 2567 711 2615 remanere:
758 2569 791 2609 «
831 2550 989 2626 HoS,
1029 2546 1275 2632 inquit,
1334 2545 1606 2614 interim
1662 2567 1783 2633 pro
1813 2567 1941 2625 me,
1981 2567 2124 2624 oro,
2168 2557 2241 2614 ut
2292 2545 2569 2615 retinea-

152 2633 298 2719 .qui
330 2656 365 2703 a
423 2634 626 2703 vobis
667 2633 959 2715 discant,
1012 2634 1195 2721 quod
1250 2655 1373 2703 nos
1424 2634 1858 2734 postmodum
1915 2633 2226 2703 doceant.
2268 2658 2303 2699 »
2355 2639 2429 2703 Et
2478 2634 2571 2702 in-

192 2727 520 2792 :eErunt
589 2722 785 2791 nobis
834 2723 900 2790 in
956 2745 1226 2802 semen,
1296 2735 1359 2791 et
1420 2745 1488 2791 m
1560 2723 1820 2791 semine
1893 2723 2020 2792 isto
2083 2723 2573 2794 benedicentur

147 2818 284 2893 ἱεε,
318 2825 379 2880 et
429 2811 597 2880 illae
645 2823 902 2900 genteS,
955 2833 1130 2898 quae
1178 2833 1215 2880 a
1269 2810 1517 2881 diebus
1565 2811 1868 2898 antiquis
1928 2812 2247 2881 monachi
2289 2811 2566 2898 quidem

225 2929 228 2935 ·
314 2900 716 2980 audierunt,
750 2901 1163 2970 monachum
1203 2921 1336 2968 non
1376 2899 1763 2968 viderunt.»
1816 2905 1889 2968 Et
1924 2900 2231 2971 dimissis
2275 2914 2573 2986 quatuor

158 2978 319 3067 imre
364 3010 517 3068 suo,
583 2989 772 3058 abiit.
827 2989 952 3071 Qui
1009 2989 1310 3078 probati,
1363 3002 1427 3057 et
1461 2987 1654 3077 digni
1709 2988 1985 3067 inventi,
2043 2990 2357 3057 monachi
2413 2988 2570 3058 iacti

150 3084 228 3142 ht.
260 3080 405 3147 Post
453 3077 741 3163 aliquod
783 3089 1077 3166 tempus,
1116 3098 1272 3146 cum
1319 3076 1463 3163 jam
1502 3098 1621 3145 san
1750 3100 1782 3146 s
1836 3091 2014 3146 esset
2062 3077 2127 3145 in
2192 3090 2365 3146 terra
2415 3099 2564 3158 sua,

171 3160 230 3233 ‘t
258 3164 444 3247 alios,
501 3178 573 3235 et
620 3166 703 3235 de
751 3165 889 3235 illis
939 3165 1189 3235 factum
1242 3178 1342 3234 est
1399 3165 1639 3234 similit
1685 3185 1738 3232 r.
1793 3164 2058 3248 Quibus
2096 3187 2214 3254 per
2259 3165 2573 3253 aliquan-

145 3275 185 3310 ’τι
240 3264 500 3344 tempus
536 3255 917 3334 instructis,
955 3267 1019 3324 et
1061 3254 1350 3324 eruditis
1390 3254 1593 3323 corde
1642 3254 1708 3321 in
1748 3252 2107 3343 sapientia,
2161 3252 2319 3322 dato
2365 3255 2465 3324 eis
2501 3256 2568 3321 in

152 3346 292 3408 trem
323 3355 567 3412 sancto
598 3343 801 3412 fratre
840 3343 1247 3421 Christiano,
1283 3345 1399 3430 qui
1432 3354 1575 3411 erat
1625 3363 1809 3411 unus
1846 3362 1925 3410 ex
1961 3342 2150 3430 ipsis,
2206 3343 2570 3427 emisimus

146 3471 189 3505 2
232 3429 678 3521 adjungentes
727 3432 811 3500 de
854 3432 1124 3514 nostris',
1178 3432 1419 3519 quanti
1468 3430 1860 3502 sufficerent
1899 3429 1982 3498 ad
2033 3451 2395 3498 numerum
2450 3432 2576 3501 Ab-

152 3516 280 3585 tiae.
329 3524 513 3601 Quae
546 3521 881 3608 concepit,
920 3532 985 3589 et
1078 3520 1294 3611 eperit
1343 3520 1522 3588 filias
1585 3519 1915 3607 quinque:
1968 3531 2032 3588 et
2080 3519 2178 3588 sic
2237 3517 2573 3608 multipli-

150 3612 204 3671 to
244 3609 517 3690 semine,
574 3609 884 3697 augescit
930 3609 998 3677 in
1057 3611 1152 3679 ies
1202 3630 1535 3679 numerus
1581 3608 2102 3688 monachorum,
2150 3606 2346 3693 juxta
2395 3606 2576 3676 desi-

153 3691 305 3794 rium
364 3708 427 3796 et
466 3698 870 3767 vaticinium
924 3697 1315 3768 Malachiae.
1374 3702 1566 3768 Nunc
1611 3699 1755 3786 jam
1811 3708 2197 3786 repetamus
2264 3696 2573 3766 ordinem

160 3795 473 3853 trationis.

151 3868 339 3952 §12
393 3874 763 3943 Malachias
807 3874 1146 3964 profectus
1195 3897 1231 3943 a
1278 3874 1498 3955 nobiS,
1560 3895 1881 3964 prospere
1940 3873 2242 3962 pervenit
2293 3874 2359 3941 in
2418 3879 2576 3945 Sco-

163 3977 319 4029 m....
370 3963 776 4032 Perveniens
828 3985 980 4033 vcro
1027 3964 1111 4032 ad
1167 3975 1435 4052 portum
1475 3962 1864 4052 Lapasperi‚
1921 3963 2282 4030 transitum
2338 3962 2428 4031 ibi
2463 3986 2579 4054 per

160 4062 305 4144 quot
345 4050 491 4120 dies
528 4052 1107 4141 praestolabatur:
1144 4052 1258 4121 sed
1301 4073 1488 4121 mora
1531 4051 1814 4119 minime
1843 4051 2110 4119 transiit
2141 4051 2379 4120 otiosa.
2414 4058 2579 4122 Con-

206 4146 330 4205 itur
387 4140 661 4209 interim
713 4140 797 4210 de
868 4141 1075 4230 virgis
1125 4141 1194 4208 in
1246 4162 1475 4229 sepem
1531 4139 1724 4207 textis
1771 4138 2143 4209 oratorium
2177 4193 2194 4218 ,
2271 4139 2417 4230 ipso
2467 4143 2581 4226 ju-

160 4232 273 4304 nte‚
322 4226 469 4315 ipso
516 4243 837 4318 operante
904 4230 1177 4318 pariter.
1232 4234 1795 4297 consummatum
1848 4226 2305 4297 circumdedit
2353 4229 2573 4299 vallo:

126 4330 255 4410 ‘ue
281 4314 684 4418 interjacens
722 4318 1019 4406 spatium
1070 4319 1141 4387 in
1175 4315 1660 4387 coemeterium
1715 4313 2080 4383 benedixit.
2137 4320 2310 4385 Sane
2340 4319 2582 4386 merita

145 4399 553 4485 nedtcentis,
625 4406 955 4476 miracula
1017 4409 1181 4478 satis
1252 4403 1640 4473 declarant:
1714 4423 1888 4488 quae
1943 4424 2163 4489 usque
2226 4403 2428 4471 hodie
2489 4405 2584 4472 ibi
