2993 4837
578 297 659 358 76
854 357 857 362 ,
1214 276 1288 355 n'r:
1338 312 1391 356 s.
1448 310 1771 356 nAmcniA
1819 312 1918 377 rw,⁴
1965 308 2310 357 nicaenum
2738 292 2946 357 Nova

487 397 695 486 digne
746 395 1081 483 persolvat
1129 394 1508 474 inveniens,
1569 399 1774 463 Deum
1832 394 2289 484 proculdubio
2339 395 2712 465 mirabilem
2757 395 2951 484 glorio-

487 503 803 571 sumque,
852 484 1030 554 sicut
1081 483 1147 551 in
1199 484 1483 552 caeteris
1535 485 1790 552 sanctis
1839 485 2008 565 suis,
2065 483 2155 552 ita
2196 505 2470 571 quoque
2511 485 2576 553 in
2619 484 2808 572 hujus
2835 483 2952 553 fide-

491 574 736 642 lissimi
787 573 962 642 servi
1004 572 1113 640 sui
1147 594 1452 662 corpore,
1493 585 1585 641 tot
1622 584 2105 659 tantorumque
2136 572 2474 641 donorum
2515 573 2952 663 praerogativiS,

488 663 620 752 legi
659 674 942 731 naturae
979 660 1110 729 vim
1152 661 1626 741 inserentibuS,
1675 661 2002 730 honorato
2032 675 2096 730 et
2144 662 2548 751 glorificato,
2601 674 2729 730 toto
2765 662 2956 730 annisu

491 749 1031 841 praedicandum
1067 749 1346 818 cernuis
1398 750 1680 818 vocibus
1713 749 2143 819 exclamabit.
2200 751 2582 819 Interssuxit
2612 763 2818 819 autem
2849 771 2963 838 spa-

495 840 662 910 tium
703 838 1031 940 temporis
1077 861 1112 907 a
1149 839 1374 928 prima
1418 860 1640 925 usque
1680 839 1762 907 ad
1809 838 2184 910 secundam
2238 839 2764 916 translationem,
2797 860 2963 912 anno-i

486 951 639 997 rum
691 929 964 998 circiter
1011 928 1806 1016 septuagintaquinque,
1865 941 2191 1019 regnante
2246 928 2533 997 Domino
2585 940 2799 996 nostro
2845 927 2902 995 le

487 1018 794 1096 Christ0‚
849 1029 913 1085 et
962 1016 1325 1105 pollicente
1377 1018 1525 1085 suis
1576 1039 1647 1085 se
1695 1039 1914 1103 usque
1962 1016 2045 1085 ad
2101 1017 2757 1086 consummationem
2803 948 2963 1104 sectili

486 1107 860 1176 affuturum
929 1105 1298 1185 fidelibus,
1365 1126 1744 1191 eorumque
1810 1105 2152 1194 agonibus
2221 1105 2747 1175 misericorditer
2792 1105 2958 1193 opitu,

487 1194 693 1280 lante,
744 1193 1271 1283 triumphosque
1320 1193 1606 1262 feliciter
1638 1205 1841 1280 atque
1875 1194 2311 1264 ineffabiliter
2347 1206 2843 1263 remunerante:
2874 1197 2913 1273 Q

487 1284 646 1352 vivit
677 1305 836 1352 cum
874 1288 1064 1351 Patre
1100 1282 1167 1350 in
1208 1282 1465 1352 unitate
1518 1282 1813 1371 Spiritus
1846 1284 2071 1352 Sancti
2123 1288 2321 1363 Deus,
2381 1305 2500 1373 per
2531 1284 2759 1352 omnia
2790 1279 2931 1350 secul

484 1371 900 1451 seculorum,
954 1375 1188 1439 Amen.
2931 1455 2939 1466 ⁶

574 1464 610 1548 ξ
656 1465 807 1534 19.
866 1465 1209 1529 Hactenus
1255 1481 1333 1527 ex
1385 1463 1559 1529 MSS.
1606 1470 1864 1530 vetusto
1912 1460 2167 1530 codice.
2225 1466 2395 1530 Sunt
2443 1474 2670 1530 autem
2704 1459 2813 1547 qui
2849 1478 2942 1526 scri

486 1551 649 1620 bant
680 1550 953 1618 beatum
1008 1548 1385 1617 Hubertum
1440 1548 1663 1617 filium
1714 1549 1926 1619 fuisse
1977 1549 2329 1619 Bertrandi
2370 1550 2568 1620 ducis
2603 1548 2914 1636 Aquitania

483 1652 548 1708 et
594 1639 658 1708 ei
707 1637 933 1706 adhuc
986 1658 1253 1728 pagano
1304 1638 1648 1706 venationi
1696 1660 1974 1728 operam
2025 1638 2256 1718 danti,
2315 1639 2489 1708 inter
2537 1640 2719 1707 cervi
2769 1658 2901 1705 coru

487 1727 829 1797 Christum
876 1726 1303 1815 apparuisse,
1340 1738 1404 1794 et
1440 1739 1518 1795 ut
1551 1726 1633 1794 ad
1674 1729 2107 1796 Lambertum
2147 1733 2194 1795 E
2252 1728 2561 1816 iscopum
2601 1728 2747 1806 iret,
2786 1723 2911 1794 adm

490 1817 746 1885 nuisse.
787 1816 882 1884 Ab
915 1837 992 1883 eo
1030 1837 1182 1883 vero
1217 1815 1612 1884 humaniter
1645 1828 2028 1905 acceptum,
2075 1817 2143 1884 in
2205 1816 2316 1885 ide
2349 1817 2784 1895 instructum,
2821 1825 2904 1897 atq

486 1904 695 1975 undis
744 1904 1166 1974 salutaribus
1212 1904 1558 1992 expiatum
1598 1926 1765 1974 esse.
1824 1905 1989 1973 Inde
2038 1910 2323 1973 Romam
2379 1904 2757 1994 profectum
2803 1901 2872 1970 ad

484 1993 756 2063 sitanda
805 1992 1275 2083 Apostolorum
1328 1992 1593 2062 limina.
1669 1994 1947 2062 Interim
2000 2015 2155 2062 vero
2209 2007 2637 2083 peremptum
2706 2003 2914 2061 sanctu

486 2084 948 2163 lambertum,
981 2095 1182 2169 atque
1217 2081 1286 2149 in
1319 2081 1471 2175 ejus
1505 2081 1730 2151 locum
1771 2083 2042 2152 beatum
2080 2081 2460 2152 Hubertum
2498 2073 2948 2170 subrogatum*

790 2421 1021 2518 vrri
1088 2422 1171 2520 S.
1248 2420 1837 2523 limenun
1911 2424 2060 2522 EP.
2131 2367 2722 2524 inssssannh

1849 2639 1918 2673 u

554 2660 774 2705 11)er
824 2662 862 2705 Α
912 2659 1363 2707 BEArtssluo
1412 2661 1808 2709 BERNARDO
1884 2715 1896 2726 ‚
1966 2663 2253 2708 ABBATE
2301 2660 2920 2709 CLARAVALLnNsi.

1198 2839 1385 2896 Obiit
1426 2854 1605 2895 anno
1650 2841 1802 2894 1148
1835 2870 1908 2879 —
1949 2841 2314 2895 Hibernae.

1292 3078 1739 3143 PRAEFATIO
1790 3077 2213 3143 AUCTORIS.

572 3234 851 3330 Semper
897 3232 1174 3318 quidem
1213 3255 1459 3323 operae
1494 3234 1784 3323 pretium
1827 3234 1951 3303 fuit
1987 3234 2288 3304 illustres
2325 3240 2728 3305 Sanctorum
2772 3227 2948 3304 descr'

482 3321 638 3389 bere
688 3333 855 3389 vitas
889 3344 903 3401 3
958 3333 1032 3390 ut
1062 3321 1200 3390 sint
1238 3322 1300 3390 in
1338 3322 1700 3411 speculum
1754 3336 1814 3391 et
1850 3324 2266 3412 exemplum,
2314 3347 2392 3393 ac
2432 3325 2778 3413 quoddam
2816 3320 2933 3389 velu

480 3408 999 3479 condimentum
1029 3411 1199 3479 vitae
1228 3411 1585 3480 hominum
1625 3433 1831 3501 super
1862 3424 2134 3480 terram.
2173 3418 2295 3481 Per
2321 3413 2448 3482 hoc
2474 3414 2656 3482 enim
2688 3411 2944 3501 quodam

484 3497 682 3566 modo
717 3499 899 3588 apud
938 3520 1060 3568 nos
1108 3499 1309 3568 etiam
1367 3513 1514 3589 post
1558 3514 1836 3569 mortem
1880 3502 2135 3581 vivunt,
2188 3501 2574 3589 multosque
2621 3524 2703 3571 ex
2754 3502 2852 3569 liis
2890 3510 2954 3580 qu

482 3586 780 3656 viventes
811 3586 1055 3656 mortui
1095 3601 1279 3667 sunt,
1322 3589 1403 3656 ad
1438 3610 1663 3657 veram
1704 3602 2155 3678 provocantet
2182 3592 2748 3660 revocantvitam.
2780 3595 2925 3657 Veru

483 3696 666 3744 nunc
710 3675 1000 3744 maxime
1053 3675 1117 3743 id
1156 3677 1442 3763 requirit
1484 3678 1728 3747 raritas
1781 3679 2184 3758 sanctitatis,
2227 3691 2291 3747 et
2329 3693 2554 3749 nostra
2595 3680 2792 3769 plane
2835 3686 2946 3744 aeta

482 3763 680 3852 inops
721 3763 1047 3832 virorum.
1088 3768 1304 3846 Quam
1336 3788 1501 3835 sane
1532 3766 1831 3857 inopiam
1872 3789 2081 3855 super
2116 3789 2241 3835 nos
2272 3768 2441 3837 adeo
2482 3768 2846 3838 invaluisse
2869 3778 2955 3829 sen

482 3852 713 3928 timus,
756 3865 831 3921 ut
869 3852 1039 3921 nulli
1077 3854 1163 3922 sit
1190 3853 1479 3923 dubium
1523 3854 1638 3923 illa
1670 3857 2002 3925 sententia
2044 3879 2163 3925 nos
2192 3856 2376 3925 feriri
2413 3881 2426 3924 :
2464 3860 2781 3940 Quoniam
2810 3854 2963 3923 abun·

477 3941 659 4008 dabit
698 3943 1043 4032 iniquita&
1086 3944 1470 4033 refre'qescec
1519 3945 1818 4013 charitas
1868 3949 2230 4013 multorum
2267 3946 2535 4035 (Mami.
2575 3950 2769 4029 xxiv).
2814 3947 2879 4010 Et
2918 3944 2963 4002 ul

480 4029 794 4117 suspicor
833 4054 980 4120 ego,
1027 4045 1479 4121 aut-praest0‚
1535 4047 1653 4102 aut
1705 4055 1910 4122 prope
1966 4048 2107 4114 est,
2162 4033 2247 4103 de
2293 4056 2430 4121 quo
2489 4035 2815 4124 scriptum
2860 4036 2938 4095 est

483 4120 749 4186 Faciem
805 4122 949 4209 ejus
993 4121 1342 4210 praecedet
1383 4132 1643 4211 eqestas
1679 4122 1828 4211 (Job
1862 4122 2012 4212 xm).
2054 4124 2130 4191 Ni
2166 4121 2386 4201 sallor,
2426 4123 2865 4192 Antichristus
2897 4115 2963 4180 es!

530 4262 555 4287 ²*
586 4263 830 4322 Antiquior
850 4264 1076 4305 ordinum
1098 4267 1415 4315 Equestrium,
1434 4268 1517 4315 qul
1539 4269 1650 4306 sunt.
1671 4267 1719 4305 in
1742 4267 1966 4306 navariae
1988 4277 2145 4316 regno,
2164 4278 2191 4306 a
2212 4270 2377 4307 nostro
2398 4268 2442 4307 S.
2465 4269 2676 4308 Huberto
2694 4274 2847 4306 nomen
2865 4252 2963 4298 ducit

476 4316 1168 4412 ἷζιτίἓίῧῗὲιιὲθὲῖἒῐέἓιιιιιιιῐιῶἃιιιιέο
1200 4321 1301 4358 1444
1329 4330 1357 4359 ι
1392 4320 1634 4360 Gerhnrdo
1666 4320 1716 4366 V,
1745 4322 1827 4368 qul
1861 4321 2021 4361 hostes
2044 4330 2174 4371 suos,
2195 4322 2316 4370 apud
2337 4321 2652 4371 Ravensberg,
2674 4319 2717 4360 in
2738 4321 2832 4368 ipso
2851 4315 2883 4353 S.
2905 4310 2963 4349 Hm

531 4422 581 4447 ⁴*
612 4421 652 4461 S.
675 4423 899 4463 Bel-nardi
924 4424 1028 4463 Vita
1047 4427 1093 4464 in
1117 4426 1215 4465 Vol.
1244 4425 1351 4465 vlu
1371 4426 1495 4465 Suri!
1520 4427 1668 4466 nostri
1691 4426 1909 4466 habetur.
