2993 4837
538 305 665 368 498
1065 320 1142 365 nn
1190 316 1282 365 ss,
1337 318 1612 377 suom,
1666 318 1861 366 sunu
1910 320 1984 365 m·
2029 319 2202 366 Amat
2251 320 2365 367 int.
2652 301 2801 368 NDV.
2836 305 2897 369 ⁴5

443 427 624 491 quae
660 404 857 492 jubet
898 416 1115 472 vester
1161 407 1564 490 Imperator,
1596 402 1776 472 scias
1814 402 1997 489 quod
2046 404 2322 473 etiamsi
2363 418 2433 473 tu
2484 425 2606 474 nos
2638 425 2752 472 non
2778 404 2901 474 inte·

442 494 755 572 remeris,
802 514 924 561 nos
960 504 1186 562 tamen
1229 491 1407 560 male
1450 492 1924 581 peribimus.»

534 585 571 669 ξ
616 587 700 655 4.
750 587 1109 667 Postquam
1163 580 1328 650 haec
1375 580 1638 650 audivit
1685 587 1986 661 Praeses,
2016 581 2213 668 jubet
2245 581 2529 650 Anovito
2561 586 2904 651 Commenta·

443 671 658 740 riensi
708 671 742 703 '⁶
789 691 904 738 eos
953 669 1021 738 in
1075 669 1487 739 tutissimam
1531 670 1870 758 conjicere
1916 669 2327 738 custodiam.
2383 669 2734 740 Veritatem
2778 668 2903 739 enim

447 782 648 860 aegre
694 759 1151 834 (enauimus,
1197 758 1316 843 qui
1366 780 1491 827 sua
1542 769 1783 848 sponte
1828 772 1931 827 est
1977 758 2061 827 ad
2116 757 2377 827 malum
2424 771 2903 849 propensuszut,

447 871 569 936 qui
616 859 969 937 aegrotant
1014 846 1221 924 oculi,
1259 846 1691 934 splendorem
1729 846 1918 916 solis.
1955 852 2320 933 Postquam
2357 860 2604 916 autem
2656 847 2760 916 ille
2786 846 2906 924 fecit,

348 1023 351 1026 ,
447 936 630 1025 quod
679 939 742 1005 ei
781 936 1002 1006 fuerat
1046 934 1480 1023 imperatum,
1519 949 1583 1005 et
1618 941 1943 1024 Martyres
1973 934 2252 1004 fuerunt
2284 936 2351 1003 in
2394 958 2691 1016 carcere,
2730 938 2788 1004 in
2824 957 2916 1021 quo

447 1027 650 1096 etiam
721 1024 919 1094 multi
967 1024 1085 1093 alii
1135 1024 1352 1093 sancti
1396 1025 1589 1112 prius
1644 1024 1893 1093 inclusi
1949 1024 2221 1093 fuerant
2268 1047 2309 1092 a
2359 1025 2723 1104 militibus,
2760 1029 2916 1111 Impe-

453 1127 632 1185 rator
665 1114 939 1200 quidem
981 1111 1460 1193 DiocletianuS,
1506 1115 1835 1182 accersito
1866 1114 2178 1182 Musonio
2209 1114 2531 1182 Praeside
2567 1113 2914 1184 Antiochiae.

442 1203 639 1292 jubet
671 1225 827 1272 eum
865 1203 1092 1271 venire
1142 1199 1488 1282 Edessam,
1520 1215 1584 1270 et
1614 1201 2055 1282 Christianos,
2090 1203 2209 1288 qui
2252 1203 2318 1269 in
2362 1224 2443 1271 ea
2476 1216 2673 1272 erant
2707 1201 2916 1276 inclusi,

451 1292 593 1362 sive
630 1304 825 1360 erant
854 1290 1269 1373 communis»,
1303 1290 1443 1358 sive
1476 1292 1724 1359 sacrati
1772 1290 2061 1372 ordinis,
2097 1291 2181 1358 de
2228 1313 2356 1359 sua
2406 1292 2817 1381 interrogare
2856 1311 2920 1356 re-

451 1381 495 1449 ti
555 1382 728 1457 ione,
772 1392 837 1449 et
883 1381 981 1449 eis
1030 1379 1235 1446 finem
1286 1378 1449 1447 dare
1496 1381 2037 1449 convenientem.
2105 1385 2270 1448 Cum
2340 1379 2400 1448 is
2469 1402 2639 1480 ergo
2697 1379 2858 1448 veni*

450 1405 773 1538 Edessam
805 1522 820 1548 ,
875 1483 939 1537 et
987 1472 1352 1536 Samonam
1401 1482 1464 1537 et
1512 1468 1791 1537 Guriam
1848 1469 2106 1557 primos
2152 1479 2462 1537 curasset
2511 1468 2837 1538 sistendos

450 1558 751 1628 tribunal
778 1555 1132 1646 judiciale,
1168 1555 1335 1625 dicit
1365 1557 1502 1626 eis:
1542 1579 1576 1623 «
1630 1557 1896 1626 Domini
1950 1557 2060 1625 hic
2101 1571 2203 1625 est
2231 1557 2418 1625 orbis
2460 1570 2707 1637 terrae,
2745 1557 2922 1625 hice-st

439 1648 721 1736 jussuS,
777 1657 853 1716 ut
900 1666 1016 1713 vos
1064 1664 1222 1713 arae
1266 1644 1449 1713 Jovis
1508 1646 1742 1714 vinum
1796 1645 2044 1726 libetis,
2088 1658 2154 1714 et
2201 1646 2362 1714 thus
2411 1647 2805 1736 imponatis.
2849 1643 2918 1712 Sia

450 1737 705 1815 minus,
740 1756 864 1825 ego
914 1756 1029 1802 vos
1079 1734 1284 1802 variis
1330 1756 1736 1803 consumam
1773 1734 2161 1823 suppliciis.
2201 1739 2460 1823 Corpus
2505 1738 2701 1804 enirn
2750 1732 2920 1821 flagris

450 1823 806 1900 lacerabo‚
860 1822 1075 1891 donec
1150 1822 1538 1910 perveniam
1610 1845 1832 1909 usque
1902 1823 1986 1892 ad
2041 1823 2188 1912 ipsa
2239 1823 2546 1892 viscera:
2623 1822 2920 1913 plumbum

449 1925 675 1982 autem
727 1912 990 1981 fervens
1046 1932 1179 1978 non
1234 1911 1425 1999 prius
1473 1911 1755 1980 cessabo
1805 1911 2044 1982 vestris
2088 1911 2313 1980 axillis
2347 1911 2741 1992 infundere,
2775 1927 2922 1996 quant

447 2002 517 2070 id
570 2001 941 2091 pervaserit
986 2021 1203 2085 usque
1243 1999 1326 2067 ad
1379 2000 1720 2069 intestina.
1781 1999 2031 2068 Deinde
2081 2022 2267 2068 nunc
2314 2000 2600 2086 quidem
2637 2000 2919 2072 manibus,

450 2113 639 2160 nunc
689 2112 843 2159 vero
880 2088 1171 2180 pedibus
1221 2088 1668 2177 suspendam,
1704 2102 1770 2157 et
1815 2088 2135 2168 efficiam,
2176 2102 2253 2157 ut
2300 2089 2663 2160 solvantur
2709 2107 2922 2174 compa-

449 2202 567 2269 ges
601 2179 1085 2248 articulorum:
1144 2199 1448 2263 novaque
1495 2189 1560 2246 et
1589 2175 1917 2247 ‘inaudita
1965 2178 2362 2266 excogitabo
2395 2179 2769 2267 supplicia,
2804 2193 2920 2263 quae

449 2291 572 2337 nec
606 2269 888 2337 omnino
922 2265 1199 2353 quidem
1239 2267 1411 2334 ferre
1443 2266 1772 2353 poteritis.
1814 2290 1849 2332 »

538 2360 574 2445 ἓ
619 2363 705 2429 5.
745 2354 1120 2444 Respondit
1166 2367 1390 2424 autem
1437 2359 1805 2425 Samonas:
1862 2377 1897 2421 «
1944 2361 2274 2436 vermem,
2314 2356 2516 2445 cujus
2554 2357 2782 2425 minae
2814 2363 2920 2422 suut

445 2447 814 2515 intentatae
863 2446 986 2525 iis,
1048 2444 1165 2529 qui
1221 2456 1469 2533 negant
1519 2446 1913 2526 Dominum,
1974 2458 2039 2514 et
2088 2446 2340 2534 ignem,
2397 2445 2516 2531 qui
2573 2467 2710 2515 non
2762 2444 2920 2514 extin-

446 2537 705 2625 guitur,
761 2533 1006 2623 magis,
1060 2554 1266 2619 quam
1311 2556 1412 2611 ea,
1460 2554 1637 2619 quae
1686 2545 1758 2602 tu
1791 2535 2236 2613 enumerasti,
2286 2547 2626 2603 tormenta
2665 2530 2922 2603 formida·

447 2645 625 2691 mus.
661 2627 815 2711 Ipse
842 2624 1052 2701 enim,
1078 2622 1189 2690 cui
1226 2620 1488 2690 cultum
1522 2622 1877 2692 offerimus
1907 2621 2332 2702 rationalem,
2367 2624 2675 2711 primum
2705 2620 2918 2710 quiden

444 2733 568 2781 nos
617 2711 1085 2779 corroboratos
1126 2709 1456 2780 adversus
1487 2711 1676 2779 varia
1712 2723 2068 2791 tormenta,
2109 2712 2351 2799 eripiet
2382 2734 2416 2779 a
2456 2712 2597 2780 tuis
2635 2710 2917 2781 manibus

445 2799 701 2868 Deinde
748 2800 950 2867 etiam
1020 2798 1088 2865 in
1143 2811 1285 2867 tuto
1332 2798 1739 2879 collocabit,
1804 2799 1920 2868 ubi
1983 2813 2085 2869 est
2141 2800 2617 2869 babitaculum
2670 2798 2921 2870 omnium

444 2887 872 2958 laetantium.
912 2887 1178 2973 Alioqui
1212 2901 1435 2957 autem
1489 2889 1773 2956 omnino
1808 2889 2136 2957 adversus
2184 2889 2409 2957 solum
2461 2911 2720 2978 corpus
2750 2905 2920 2957 arma-

442 2977 562 3046 ris.
603 2977 780 3059 Quid
830 2977 1010 3046 enim
1064 2976 1366 3044 animam
1412 2978 1714 3063 potueris
1756 2976 2067 3047 laedere?
2115 2982 2300 3059 Quae
2346 2979 2664 3064 quandiu
2700 2974 2922 3064 quidem

444 3065 705 3134 habitat
756 3068 822 3134 in
880 3087 1185 3154 corpore,
1228 3062 1583 3134 tormentis
1624 3066 1849 3134 evadit
1881 3066 2340 3156 praeclarior:
2393 3088 2472 3134 ea
2521 3081 2747 3135 autem
2793 3082 2922 3133 rece·

445 3154 669 3235 dente,
711 3154 948 3224 nullus
995 3167 1097 3223 est
1129 3154 1412 3222 omnino
1444 3176 1709 3254 ‘sensus
1756 3156 2050 3244 corpori.
2087 3161 2233 3237 Quo
2274 3155 2498 3243 magis
2547 3156 2731 3224 enim
2770 3154 2924 3247 homo

446 3258 676 3313 noster
733 3257 1050 3312 externus
1109 3255 1620 3331 corrumpitur,
1673 3265 1751 3311 eo
1817 3244 2035 3332 magis
2108 3245 2416 3313 internus
2483 3258 2834 3312 renovatur
2880 3256 2922 3303 ¹11

443 3332 613 3404 dies:
647 3354 767 3423 per
796 3332 1187 3422 patientiam
1212 3331 1394 3400 enim
1430 3331 1557 3400 hoc
1585 3332 2011 3421 propositum
2041 3345 2380 3401 certamen
2417 3335 2806 3421 peragimus
2835 3352 2920 3393 ».-·

445 3426 607 3491 Cum
663 3423 888 3508 itaque
940 3420 1216 3490 vidisset
1279 3425 1554 3490 Praeses
1603 3421 2103 3490 immutabilem
2176 3441 2414 3490 eorum
2487 3418 2917 3491 constantiam.

444 3511 670 3580 statim
726 3510 998 3579 mittens
1047 3509 1663 3598 dicere,·processit
1702 3509 1787 3577 ad
1839 3510 2344 3600 castigandum,
2382 3521 2447 3578 et
2476 3510 2678 3599 jubet
2709 3507 2923 3578 Anuino

445 3600 1053 3668 Commentariensi
1102 3610 1474 3683 utrumque
1524 3620 1663 3667 una
1713 3620 1928 3667 manu
1974 3599 2331 3688 suspendi,
2366 3611 2438 3671 et
2477 3601 2578 3667 eis
2633 3611 2757 3668 toto
2801 3611 2922 3683 pon·

439 3688 601 3757 dere
646 3689 954 3777 corporis
1002 3686 1317 3766 divulsis,
1358 3687 1585 3756 adbuc
1633 3708 1868 3756 eorum
1909 3687 2200 3776 pedibus
2241 3709 2518 3777 gravem
2555 3683 2942 3777 suspendere*¹¹

432 3775 767 3866 Japidem,
824 3776 907 3845 ad
961 3797 1239 3846 sensum
1291 3776 1577 3845 acrioris
1623 3775 1904 3844 doloriS.
1959 3782 2170 3863 Atque
2220 3778 2346 3845 boc
2409 3777 2693 3862 quidem
2751 3775 2826 3841 ita
2870 3786 2918 3861 ἑᾷ

432 3865 757 3947 habebat,
796 3880 860 3935 et
906 3864 992 3934 ab
1037 3865 1202 3933 hora
1246 3865 1441 3933 tertia
1489 3886 1708 3950 usque
1738 3865 1823 3933 ad
1857 3877 2163 3934 octavam
2198 3865 2331 3934 tale
2366 3877 2770 3933 tormentum
2803 3860 2915 3927 sorti

436 3956 671 4023 animo
750 3953 1166 4033 tolerabant,
1224 3975 1356 4021 non
1412 3975 1640 4022 vocem
1692 3955 2121 4035 emittentes,
2189 3975 2322 4022 non
2395 3955 2767 4043 gemitum,
2814 3963 2913 4041 ηομ

436 4043 697 4131 aliquid
751 4043 936 4113 aliud
989 4042 1467 4122 ostendentes,
1521 4042 1706 4128 quod
1770 4055 1945 4113 esset
2006 4043 2244 4133 pusilli
2311 4055 2375 4110 et
2422 4042 2670 4129 abjecti
2717 4037 2907 4108 anian.

438 4133 736 4202 Dixisses
783 4155 897 4203 eos
955 4132 1092 4221 pati
1152 4132 1221 4199 in
1271 4130 1494 4200 alieno
1560 4153 1866 4220 corpore,
1925 4145 2045 4201 aut
2092 4132 2247 4202 aliis
2295 4132 2727 4220 patientibuS,
2767 4126 2942 4214 ipsos}

439 4221 659 4289 solum
697 4243 843 4290 esse
878 4232 1288 4309 spectatores
1320 4242 1555 4289 eorum
1592 4242 1766 4307 quae
1803 4221 2077 4289 fiebant.
2941 4238 2942 4243 ’

528 4313 562 4394 ξ
611 4316 703 4378 6.
768 4310 1044 4378 Interim
1099 4324 1325 4378 autem
1359 4364 1373 4389 ,
1427 4309 1592 4377 dum
1662 4310 1704 4377 ii
1758 4310 2130 4398 penderent
2181 4310 2543 4391 manibuS,
2594 4306 2942 4392 occupatus*

490 4432 514 4453 ¹⁵
546 4432 752 4474 Carceris
773 4436 932 4474 eustos
949 4432 1021 4474 vel
1043 4437 1123 4484 qut
1143 4436 1429 4484 captivorum
1452 4433 1651 4476 indicem
1671 4435 1822 4475 haket.
