2993 4837
71 324 219 386 NOV.
271 325 345 387 27
737 344 811 388 nr:
860 344 915 390 s.
970 344 1212 390 Maximo
1263 342 1596 389 mimicum
1647 343 1844 394 Ertsc.
2351 327 2464 389 691

70 425 504 493 transmarinis
538 439 885 514 tantopere
932 427 1306 496 desiderari
1339 428 1424 494 ab
1475 428 1823 500 omnibus,
1870 440 1944 494 ut
1971 427 2024 494 si
2060 448 2213 495 eum
2253 427 2558 496 obtinere

70 514 331 601 possint,
394 514 563 582 nihil
626 516 763 583 sint
824 515 1066 602 majori
1116 518 1183 584 in
1237 516 1451 604 pretio
1503 515 1828 584 habituri.
1883 515 2158 583 Nullum
2222 537 2291 583 se
2353 516 2563 604 igitur

67 602 253 688 majus
314 602 605 671 tacturos
662 604 1197 691 compendium,
1262 626 1467 690 quam
1524 604 1581 672 si
1637 605 1862 692 ipsum
1932 605 2083 671 navi
2162 604 2557 693 impositum

63 690 289 777 possint
332 691 668 760 abducere
718 693 1240 780 ser-osolymam,
1300 705 1565 781 praeter
1611 693 2004 781 opinionem
2048 713 2375 762 successu
2408 715 2559 781 pro-

63 800 230 867 spero
275 794 636 868 repertum.
692 781 765 848 Id
812 803 963 850 vero
1014 781 1464 870 proculdubio
1512 803 1760 870 magno
1807 782 1932 869 ipsi
1966 781 2202 848 honori
2240 795 2304 849 et
2339 781 2566 871 digni-

63 869 155 934 tati
200 866 353 946 fore,
394 869 449 936 si
501 867 680 936 felici
720 891 932 938 cursu
964 892 1042 938 eo
1075 870 1399 946 advectus
1448 871 1571 950 sit,
1635 870 1752 939 ubi
1803 870 2141 938 intantum
2205 870 2373 938 votis
2430 893 2570 938 om-

64 956 225 1023 nium
274 971 714 1045 exspectetur.
763 958 887 1026 Sed
943 960 1041 1025 vir
1092 960 1203 1026 Dei
1261 959 1550 1027 insidias
1610 971 1673 1025 et
1730 958 1986 1026 malum
2025 958 2258 1026 ‹lolum
2298 960 2564 1027 inimici

60 1061 463 1132 cognoscens,
519 1059 793 1115 sanctae
833 1048 1065 1115 Crucis
1101 1047 1299 1136 signo
1334 1069 1403 1117 se
1447 1048 1852 1122 communit,
1906 1046 2260 1114 coelestem
2318 1048 2565 1136 implo-

62 1147 144 1200 rat
187 1156 397 1220 opem,
453 1157 531 1203 ac
572 1135 819 1203 deinde
854 1135 1144 1223 spiritali
1187 1137 1588 1205 auctoritate
1629 1136 1725 1204 sic
1776 1135 2178 1221 respondet:
2236 1158 2269 1200 a
2309 1135 2562 1204 Fallere

62 1243 168 1290 non
245 1237 408 1292 otest
445 1223 695 1292 milites
740 1224 987 1292 Christi
1038 1225 1335 1311 nequitia
1397 1224 1587 1313 plani
1635 1238 1698 1292 et
1751 1224 2176 1311 impostoris,
2243 1245 2363 1291 nec
2413 1226 2560 1293 suis

60 1308 183 1378 frau
235 1312 381 1381 ibus
433 1311 569 1380 illis
602 1324 815 1401 potest
849 1312 1134 1382 illudere
1184 1313 1557 1403 malignus,
1598 1313 1852 1398 quibus
1905 1318 2074 1380 Deus
2120 1314 2179 1378 id
2240 1324 2555 1400 praestat,

62 1411 119 1465 ut
144 1400 404 1469 adversa
459 1401 849 1489 praevidere
883 1415 1157 1487 queant.
1186 1407 1402 1470 'Hanc
1436 1423 1590 1470 vero
1627 1401 1919 1469 insulam
1958 1423 2175 1486 usque
2209 1401 2375 1468 adeo
2401 1401 2560 1468 bea-

64 1487 268 1556 tissimi
309 1491 632 1559 Honorati
674 1492 1233 1560 communierunt
1270 1513 1525 1581 preces,
1579 1489 1862 1579 expulso
1911 1512 2214 1577 per-eum
2267 1491 2562 1558 dracone

60 1576 181 1658 ejus
216 1578 611 1658 habitatore,
660 1592 733 1647 ut
769 1578 1003 1648 nullus
1037 1580 1359 1668 deinceps
1397 1579 1683 1648 nocendi
1725 1579 1951 1646 aditus
2015 1579 2075 1645 in
2131 1601 2276 1645 eam
2335 1594 2563 1667 pateat

59 1663 363 1735 diabolo.»
406 1669 547 1736 Sub
586 1668 691 1734 his
733 1667 954 1736 verbis
988 1669 1073 1735 ab
1112 1669 1331 1737 oculis
1367 1669 1626 1737 orantis
1672 1670 1946 1736 evanuit
1984 1668 2172 1734 navis
2213 1689 2564 1736 commen-

58 1753 198 1838 titia;
251 1777 537 1842 moxque
574 1755 684 1823 ille
722 1777 1034 1825 reversus
1070 1757 1150 1826 ad
1205 1759 1607 1835 oratorium,
1665 1758 1969 1824 hortatus
2017 1769 2118 1823 est
2165 1755 2430 1834 fratres,
2485 1770 2560 1824 ut

60 1842 124 1907 ad
172 1844 425 1932 vigilias
478 1857 860 1932 surgereut;
903 1868 1177 1930 unaque
1208 1869 1367 1915 cum
1411 1858 1646 1914 sancta
1700 1844 1810 1913 illa
1861 1845 2387 1933 congregatione
2419 1846 2564 1934 ipse

59 1930 502 2002 celeberrimas
571 1933 807 2003 laudes
863 1935 1182 2022 persolvit
1228 1935 1314 2014 ei,
1388 1957 1505 2024 per
1565 1956 1766 2020 quem
1836 1933 1921 2001 ab
1971 1934 2159 2002 hoste
2211 1934 2556 2001 victoriam

63 2034 417 2105 reportarat.
518 2077 521 2078 ν

129 2110 157 2193 ἓ
197 2117 273 2180 ὅ.
330 2117 496 2180 Cum
534 2124 759 2178 autem
804 2110 985 2179 fama
1024 2110 1398 2200 insignium
1440 2111 1765 2179 virtutum
1794 2111 1942 2197 ejus
1981 2132 2097 2198 per
2130 2110 2363 2179 orbem
2410 2112 2565 2178 uni-

66 2215 287 2267 versum
356 2199 687 2278 volitaret,
754 2199 839 2266 atl
899 2200 1303 2287 Rhegiensis
1364 2200 1556 2267 urbis
1606 2198 2083 2287 Episcopatum
2161 2220 2293 2266 non
2364 2199 2564 2267 modo

68 2283 296 2366 civium,
338 2287 457 2356 sed
501 2289 702 2355 etiam
739 2288 1167 2357 sacerdotum
1209 2289 1348 2356 sive
1384 2287 1776 2376 praesulum
1807 2287 2118 2355 omnium
2162 2287 2389 2355 studio
2429 2310 2560 2355 non

69 2373 252 2443 minus
303 2390 566 2468 rathS,
620 2398 826 2461 qnam
864 2376 1144 2455 electuS,
1187 2388 1249 2445 et
1297 2376 1614 2463 quamvis
1665 2375 1941 2455 invituS,
1992 2375 2173 2444 illico
2208 2398 2564 2446 consecra-

64 2471 145 2528 tus
185 2478 273 2533 est
306 2466 361 2532 *.
419 2466 559 2534 Etsi
592 2479 818 2534 autem
854 2467 1000 2554 jam
1059 2478 1121 2534 et
1171 2489 1239 2533 re
1278 2480 1341 2534 et
1393 2466 1667 2534 nomine
1723 2466 2078 2544 Matrinum,
2145 2465 2248 2533 vix
2308 2467 2560 2535 babere

62 2549 378 2634 rideretur,
436 2556 499 2623 in
553 2576 687 2640 quo
728 2554 1030 2643 amplius
1071 2568 1420 2633 cresceret,
1488 2576 1570 2621 ne
1617 2553 1783 2639 quid
1829 2559 2077 2621 tamen·
2117 2555 2381 2622 nomini
2443 2554 2563 2622 de-

55 2640 303 2722 cederet,
350 2645 531 2712 sicut
578 2665 779 2731 opere
809 2656 872 2711 et
912 2643 1107 2711 factis
1160 2643 1534 2731 permansit
1571 2643 1934 2721 maximuS,
1978 2642 2063 2710 ita
2099 2656 2163 2711 et
2201 2645 2263 2709 in
2305 2644 2563 2712 honore

53 2729 350 2800 excelluit.
406 2737 595 2800 Inter
635 2746 896 2800 caetera
947 2732 1155 2819 igitur
1196 2745 1370 2800 recte
1400 2730 1758 2808 factorum,
1811 2753 1986 2817 quae
2052 2731 2116 2798 in
2184 2731 2299 2799 illo
2354 2731 2564 2800 reful-

54 2816 287 2899 gebant,
347 2835 775 2900 ornamenta,
815 2821 1135 2908 patientia
1174 2820 1388 2897 fortis,
1423 2820 1888 2889 benevolentia
1923 2820 2207 2908 panem,
2253 2820 2561 2890 libertate

55 2904 288 2985 alacriS,
327 2909 734 2979 liberalitate
783 2909 1172 2989 abundans,
1220 2909 1783 2997 magnanimitate
1825 2909 2199 2988 beneficus,
2244 2910 2564 2978 humani-

53 3004 160 3087 tate
206 2999 410 3075 mitis,
454 2998 811 3066 sedulitate
836 2999 1153 3087 diligens.
1193 2999 1521 3066 charitate
1570 2998 1824 3074 suavis,
1886 2998 2193 3097 largitate
2250 3020 2560 3067 commu-

55 3100 159 3160 ms,
209 3085 518 3154 doctrina
572 3100 943 3174 praestans,
990 3088 1257 3175 justitia
1309 3085 1704 3173 singularis,
1761 3086 2147 3154 humilitate
2207 3087 2554 3164 sublimis,

50 3190 228 3263 opum
280 3188 729 3263 contemptor,
788 3175 1115 3263 dignitate
1172 3177 1493 3264 copiosus
1541 3188 1605 3242 et
1657 3175 1944 3242 affluens
1996 3174 2142 3243 fuit.
2199 3175 2556 3262 Templum

51 3276 103 3322 m
132 3262 486 3349 Rliegiensi
522 3263 798 3332 castello
835 3264 899 3331 in
947 3267 1116 3332 beati
1148 3264 1369 3333 Albini
1409 3264 1758 3341 honorem,
1795 3277 2049 3349 quanta
2093 3265 2311 3352 potuit
2343 3263 2558 3331 animi

49 3344 397 3427 devotione,
455 3352 784 3430 condidit,
839 3353 1038 3441 cujus
1086 3353 1674 3442 columnasuquas
1727 3351 2062 3438 hodieque
2105 3353 2245 3421 illic
2281 3373 2557 3420 cernere

50 3432 214 3519 licet,
263 3442 433 3529 juga
484 3441 732 3509 bovum
805 3462 883 3508 eo
944 3455 1456 3530 pertraxerunt,
1527 3441 1640 3508 sed
1697 3442 1786 3509 ita
1839 3454 2099 3520 tamen,
2171 3454 2246 3509 ut
2300 3440 2564 3509 nullam

49 3528 350 3600 sentirent
404 3530 569 3600 tanti
675 3529 949 3598 onderis
1000 3530 1422 3609 molestiam,
1469 3529 1621 3617 ejus
1670 3531 2027 3599 sanctitate
2076 3530 2144 3598 id
2194 3529 2554 3610 efficiente,

46 3619 354 3696 quamdiu
407 3618 521 3687 ille
567 3641 601 3686 a
696 3617 929 3706 templi
979 3631 1390 3687 structuram
1447 3619 1804 3707 operarius
1855 3618 2239 3688 indefessus
2298 3619 2557 3687 aderat.

46 3704 212 3781 Quod
264 3709 317 3775 si
373 3729 525 3776 vero
572 3707 807 3774 abesse
855 3727 1011 3774 eum
1063 3708 1506 3796 contingeret,
1567 3707 1968 3793 nequissimi
2029 3708 2388 3776 daemonis
2445 3730 2562 3776 oc—

46 3793 203 3861 culta
256 3796 759 3864 machinatione
794 3794 962 3862 adeo
1010 3816 1243 3863 earum
1285 3795 1584 3883 pondere
1637 3796 2123 3884 premebantur
2173 3796 2374 3865 boves
2419 3798 2568 3865 uni·

48 3884 220 3961 versi,
289 3900 360 3953 ut
412 3885 619 3952 nullis
669 3883 967 3953 stimulis
1016 3883 1201 3971 adigi
1266 3898 1542 3971 possent
1590 3884 1673 3952 ad
1729 3885 2330 3973 progrediendum.
2376 3891 2452 3954 Et
2503 3886 2561 3955 si

48 3967 252 4051 plures
290 3974 408 4041 alii
457 3973 762 4059 adjuncti
797 3986 1043 4049 essent,
1100 3973 1467 4040 manebant
1504 3973 1762 4041 immoti
1799 3996 2061 4054 omnes,
2112 3974 2566 4059 quantumvis

45 4061 332 4129 atrociter
382 4063 826 4131 caederentur
882 4074 1084 4145 atque
1155 4062 1650 4130 sauciarentur.
1727 4062 1794 4130 Id
1853 4062 1967 4131 ubi
2020 4062 2198 4130 celer
2260 4062 2570 4130 nuncius

48 4140 415 4219 beatissimo
462 4150 746 4219 antistiti
806 4148 1257 4237 significavit,
1328 4148 1439 4217 ille
1493 4151 1965 4220 incunctanter
2022 4164 2223 4237 atque
2275 4149 2572 4218 fidenter

49 4237 330 4306 veniebat
369 4239 453 4307 ad
509 4240 757 4315 locum,
815 4260 936 4305 nec
989 4253 1238 4306 terrore
1276 4239 1607 4327 trepiduS,
1665 4261 1786 4307 nec
1842 4261 2145 4308 moerore
2198 4238 2559 4327 perturba-

48 4329 177 4393 tus..
208 4331 375 4395 Tum
429 4350 580 4397 vero
615 4327 829 4396 hostis
880 4328 1343 4413 nequissimus
1377 4328 1525 4413 ejus
1574 4328 1809 4396 oculos
1849 4328 2078 4396 fallere
2121 4350 2252 4395 non
2310 4326 2550 4415 potuit,

90 4449 110 4469 ⁸
137 4450 260 4492 Anno
280 4454 372 4492 433.
