<?xml version="1.0" encoding="UTF-8"?>
<!DOCTYPE html PUBLIC "-//W3C//DTD XHTML 1.0 Transitional//EN"
    "http://www.w3.org/TR/xhtml1/DTD/xhtml1-transitional.dtd">
<html xmlns="http://www.w3.org/1999/xhtml" xml:lang="en" lang="en">
 <head>
  <title>
</title>
<meta http-equiv="Content-Type" content="text/html;charset=utf-8" />
  <meta name='ocr-system' content='tesseract 3.04.00' />
  <meta name='ocr-capabilities' content='ocr_page ocr_carea ocr_par ocr_line ocrx_word'/>
</head>
<body>
  <div class='ocr_page' id='page_1' title='image "./historiaeseuvit05lippgoog_0451.png"; bbox 0 0 2993 4837; ppageno 0'>
   <div class='ocr_carea' id='block_1_1' title="bbox 41 358 2472 425">
    <p class='ocr_par' dir='ltr' id='par_1_1' title="bbox 41 358 2472 425">
     <span class='ocr_line' id='line_1_1' title="bbox 41 358 2472 425; baseline 0.001 -3"><span class='ocrx_word' id='word_1_1' title='bbox 41 358 194 422; x_wconf 70' lang='lat' dir='ltr'>Nov.</span> <span class='ocrx_word' id='word_1_2' title='bbox 256 358 319 419; x_wconf 83' lang='grc' dir='ltr'>Η</span> <span class='ocrx_word' id='word_1_3' title='bbox 761 377 838 420; x_wconf 72' lang='grc' dir='ltr'>οε</span> <span class='ocrx_word' id='word_1_4' title='bbox 887 376 942 421; x_wconf 94' lang='lat' dir='ltr'>s.</span> <span class='ocrx_word' id='word_1_5' title='bbox 997 375 1272 421; x_wconf 61' lang='lat' dir='ltr'>manso</span> <span class='ocrx_word' id='word_1_6' title='bbox 1322 378 1419 421; x_wconf 75' lang='grc' dir='ltr'>ΕΡ.</span> <span class='ocrx_word' id='word_1_7' title='bbox 1474 376 1825 422; x_wconf 66' lang='lat' dir='ltr'>‘runoxssnsi</span> <span class='ocrx_word' id='word_1_8' title='bbox 2348 362 2472 425; x_wconf 32' lang='lat'>4¹13</span> 
     </span>
    </p>
   </div>
   <div class='ocr_carea' id='block_1_2' title="bbox 39 457 2593 4452">
    <p class='ocr_par' dir='ltr' id='par_1_2' title="bbox 39 457 2578 2757">
     <span class='ocr_line' id='line_1_2' title="bbox 39 457 2556 549; baseline 0 -20"><span class='ocrx_word' id='word_1_9' title='bbox 39 460 248 537; x_wconf 85' lang='lat' dir='ltr'>animi,</span> <span class='ocrx_word' id='word_1_10' title='bbox 287 457 686 528; x_wconf 87' lang='lat' dir='ltr'>confitetur.</span> <span class='ocrx_word' id='word_1_11' title='bbox 721 459 847 528; x_wconf 89' lang='lat' dir='ltr'>Ille</span> <span class='ocrx_word' id='word_1_12' title='bbox 887 481 1042 527; x_wconf 85' lang='lat' dir='ltr'>vero</span> <span class='ocrx_word' id='word_1_13' title='bbox 1091 460 1529 529; x_wconf 86' lang='lat' dir='ltr'>vehementer</span> <span class='ocrx_word' id='word_1_14' title='bbox 1567 463 1788 549; x_wconf 88' lang='lat' dir='ltr'>coepit</span> <span class='ocrx_word' id='word_1_15' title='bbox 1822 462 2145 541; x_wconf 79' lang='lat' dir='ltr'><strong>abnuere,</strong></span> <span class='ocrx_word' id='word_1_16' title='bbox 2190 464 2556 531; x_wconf 74' lang='lat' dir='ltr'>foeminam</span> 
     </span>
     <span class='ocr_line' id='line_1_3' title="bbox 41 548 2557 638; baseline 0 -22"><span class='ocrx_word' id='word_1_17' title='bbox 41 550 159 617; x_wconf 79' lang='lat' dir='ltr'>viro</span> <span class='ocrx_word' id='word_1_18' title='bbox 192 569 438 618; x_wconf 87' lang='lat' dir='ltr'>rursus</span> <span class='ocrx_word' id='word_1_19' title='bbox 469 549 617 635; x_wconf 87' lang='lat' dir='ltr'>jam</span> <span class='ocrx_word' id='word_1_20' title='bbox 660 548 1020 628; x_wconf 88' lang='lat' dir='ltr'>monach0‚</span> <span class='ocrx_word' id='word_1_21' title='bbox 1063 570 1196 618; x_wconf 88' lang='lat' dir='ltr'>non</span> <span class='ocrx_word' id='word_1_22' title='bbox 1243 550 1511 629; x_wconf 89' lang='lat' dir='ltr'>marito,</span> <span class='ocrx_word' id='word_1_23' title='bbox 1554 550 1934 638; x_wconf 88' lang='lat' dir='ltr'>incongrua</span> <span class='ocrx_word' id='word_1_24' title='bbox 1968 551 2226 619; x_wconf 87' lang='lat' dir='ltr'>ratione</span> <span class='ocrx_word' id='word_1_25' title='bbox 2261 552 2557 620; x_wconf 82' lang='lat' dir='ltr'>misceri.</span> 
     </span>
     <span class='ocr_line' id='line_1_4' title="bbox 39 637 2563 729; baseline 0 -23"><span class='ocrx_word' id='word_1_26' title='bbox 39 643 357 706; x_wconf 84' lang='lat' dir='ltr'>Postremo</span> <span class='ocrx_word' id='word_1_27' title='bbox 407 660 572 706; x_wconf 82' lang='lat' dir='ltr'>cum</span> <span class='ocrx_word' id='word_1_28' title='bbox 629 637 829 707; x_wconf 89' lang='lat' dir='ltr'>miles</span> <span class='ocrx_word' id='word_1_29' title='bbox 865 638 1170 717; x_wconf 80' lang='lat' dir='ltr'><strong>instaret,</strong></span> <span class='ocrx_word' id='word_1_30' title='bbox 1209 637 1566 706; x_wconf 84' lang='lat' dir='ltr'>affirmans</span> <span class='ocrx_word' id='word_1_31' title='bbox 1617 638 1787 706; x_wconf 91' lang='lat' dir='ltr'>nihil</span> <span class='ocrx_word' id='word_1_32' title='bbox 1842 638 1968 707; x_wconf 86' lang='lat' dir='ltr'>hoc</span> <span class='ocrx_word' id='word_1_33' title='bbox 2020 640 2367 729; x_wconf 91' lang='lat' dir='ltr'>proposito</span> <span class='ocrx_word' id='word_1_34' title='bbox 2414 662 2563 710; x_wconf 83' lang='lat' dir='ltr'>esse</span> 
     </span>
     <span class='ocr_line' id='line_1_5' title="bbox 41 726 2561 817; baseline 0.001 -23"><span class='ocrx_word' id='word_1_35' title='bbox 41 727 448 796; x_wconf 80' lang='lat' dir='ltr'>nociturum:</span> <span class='ocrx_word' id='word_1_36' title='bbox 506 748 579 794; x_wconf 91' lang='lat' dir='ltr'>se</span> <span class='ocrx_word' id='word_1_37' title='bbox 630 726 776 795; x_wconf 89' lang='lat' dir='ltr'>solo</span> <span class='ocrx_word' id='word_1_38' title='bbox 822 727 1142 816; x_wconf 78' lang='lat' dir='ltr'>conjugis</span> <span class='ocrx_word' id='word_1_39' title='bbox 1188 727 1289 797; x_wconf 89' lang='lat' dir='ltr'>uti</span> <span class='ocrx_word' id='word_1_40' title='bbox 1343 726 1513 795; x_wconf 91' lang='lat' dir='ltr'>velle</span> <span class='ocrx_word' id='word_1_41' title='bbox 1562 728 1839 809; x_wconf 88' lang='lat' dir='ltr'>solatio;</span> <span class='ocrx_word' id='word_1_42' title='bbox 1897 749 2096 817; x_wconf 91' lang='lat' dir='ltr'>porro</span> <span class='ocrx_word' id='word_1_43' title='bbox 2151 749 2236 796; x_wconf 92' lang='lat' dir='ltr'>ne</span> <span class='ocrx_word' id='word_1_44' title='bbox 2287 751 2561 797; x_wconf 89' lang='lat' dir='ltr'>rursum</span> 
     </span>
     <span class='ocr_line' id='line_1_6' title="bbox 39 814 2551 896; baseline 0 -12"><span class='ocrx_word' id='word_1_45' title='bbox 39 836 95 884; x_wconf 85' lang='lat' dir='ltr'>se</span> <span class='ocrx_word' id='word_1_46' title='bbox 138 816 200 882; x_wconf 90' lang='lat' dir='ltr'>in</span> <span class='ocrx_word' id='word_1_47' title='bbox 251 837 379 883; x_wconf 88' lang='lat' dir='ltr'>sua</span> <span class='ocrx_word' id='word_1_48' title='bbox 444 814 915 896; x_wconf 87' lang='lat' dir='ltr'>revolverent,</span> <span class='ocrx_word' id='word_1_49' title='bbox 973 837 1105 883; x_wconf 92' lang='lat' dir='ltr'>non</span> <span class='ocrx_word' id='word_1_50' title='bbox 1159 836 1308 884; x_wconf 90' lang='lat' dir='ltr'>esse</span> <span class='ocrx_word' id='word_1_51' title='bbox 1381 816 1879 895; x_wconf 89' lang='lat' dir='ltr'>metuendum;</span> <span class='ocrx_word' id='word_1_52' title='bbox 1934 837 2006 885; x_wconf 90' lang='lat' dir='ltr'>se</span> <span class='ocrx_word' id='word_1_53' title='bbox 2053 838 2200 886; x_wconf 89' lang='lat' dir='ltr'>esse</span> <span class='ocrx_word' id='word_1_54' title='bbox 2268 817 2551 886; x_wconf 86' lang='lat' dir='ltr'>militem</span> 
     </span>
     <span class='ocr_line' id='line_1_7' title="bbox 40 902 2566 995; baseline 0.002 -24"><span class='ocrx_word' id='word_1_55' title='bbox 40 903 283 982; x_wconf 76' lang='lat' dir='ltr'>Christi,</span> <span class='ocrx_word' id='word_1_56' title='bbox 339 902 537 970; x_wconf 81' lang='lat' dir='ltr'>illam</span> <span class='ocrx_word' id='word_1_57' title='bbox 589 925 864 990; x_wconf 91' lang='lat' dir='ltr'>quoque</span> <span class='ocrx_word' id='word_1_58' title='bbox 907 904 972 971; x_wconf 90' lang='lat' dir='ltr'>in</span> <span class='ocrx_word' id='word_1_59' title='bbox 1026 903 1261 973; x_wconf 90' lang='lat' dir='ltr'>eadem</span> <span class='ocrx_word' id='word_1_60' title='bbox 1314 904 1623 993; x_wconf 82' lang='lat' dir='ltr'>ejusdem</span> <span class='ocrx_word' id='word_1_61' title='bbox 1680 904 1964 973; x_wconf 90' lang='lat' dir='ltr'>militiae</span> <span class='ocrx_word' id='word_1_62' title='bbox 2005 920 2428 974; x_wconf 88' lang='lat' dir='ltr'>sacramenta</span> <span class='ocrx_word' id='word_1_63' title='bbox 2453 906 2566 995; x_wconf 90' lang='lat' dir='ltr'>ju-</span> 
     </span>
     <span class='ocr_line' id='line_1_8' title="bbox 43 993 2567 1081; baseline 0 -21"><span class='ocrx_word' id='word_1_64' title='bbox 43 1014 224 1071; x_wconf 84' lang='lat' dir='ltr'>rasse;</span> <span class='ocrx_word' id='word_1_65' title='bbox 279 1004 635 1080; x_wconf 87' lang='lat' dir='ltr'>pateretur</span> <span class='ocrx_word' id='word_1_66' title='bbox 676 993 1053 1081; x_wconf 83' lang='lat' dir='ltr'>Episcopus</span> <span class='ocrx_word' id='word_1_67' title='bbox 1103 1005 1382 1062; x_wconf 89' lang='lat' dir='ltr'>sanctus</span> <span class='ocrx_word' id='word_1_68' title='bbox 1416 1014 1555 1073; x_wconf 64' lang='grc' dir='ltr'>ρος,</span> <span class='ocrx_word' id='word_1_69' title='bbox 1601 1015 1839 1061; x_wconf 84' lang='lat' dir='ltr'>sexum</span> <span class='ocrx_word' id='word_1_70' title='bbox 1883 1016 2084 1063; x_wconf 90' lang='lat' dir='ltr'>suum</span> <span class='ocrx_word' id='word_1_71' title='bbox 2125 994 2281 1062; x_wconf 80' lang='lat' dir='ltr'>fidei</span> <span class='ocrx_word' id='word_1_72' title='bbox 2330 996 2567 1064; x_wconf 90' lang='lat' dir='ltr'>merito</span> 
     </span>
     <span class='ocr_line' id='line_1_9' title="bbox 44 1081 2568 1172; baseline 0.001 -23"><span class='ocrx_word' id='word_1_73' title='bbox 44 1082 422 1161; x_wconf 79' lang='lat' dir='ltr'>nescienteS,</span> <span class='ocrx_word' id='word_1_74' title='bbox 484 1081 741 1168; x_wconf 87' lang='lat' dir='ltr'>pariter</span> <span class='ocrx_word' id='word_1_75' title='bbox 791 1081 1109 1150; x_wconf 84' lang='lat' dir='ltr'>militare.</span> <span class='ocrx_word' id='word_1_76' title='bbox 1163 1086 1330 1149; x_wconf 91' lang='lat' dir='ltr'>Tum</span> <span class='ocrx_word' id='word_1_77' title='bbox 1385 1082 1718 1150; x_wconf 87' lang='lat' dir='ltr'>Martinus</span> <span class='ocrx_word' id='word_1_78' title='bbox 1764 1082 2001 1171; x_wconf 85' lang='lat' dir='ltr'>(verba</span> <span class='ocrx_word' id='word_1_79' title='bbox 2038 1082 2225 1151; x_wconf 89' lang='lat' dir='ltr'>vobis</span> <span class='ocrx_word' id='word_1_80' title='bbox 2279 1084 2426 1172; x_wconf 91' lang='lat' dir='ltr'>ipsa</span> <span class='ocrx_word' id='word_1_81' title='bbox 2467 1083 2568 1151; x_wconf 92' lang='lat' dir='ltr'>di-</span> 
     </span>
     <span class='ocr_line' id='line_1_10' title="bbox 42 1169 2568 1258; baseline 0.001 -21"><span class='ocrx_word' id='word_1_82' title='bbox 42 1181 253 1238; x_wconf 87' lang='lat' dir='ltr'>cturus</span> <span class='ocrx_word' id='word_1_83' title='bbox 299 1169 541 1257; x_wconf 89' lang='lat' dir='ltr'>sum):</span> <span class='ocrx_word' id='word_1_84' title='bbox 598 1193 634 1234; x_wconf 84' lang='lat'>«</span> <span class='ocrx_word' id='word_1_85' title='bbox 689 1169 804 1237; x_wconf 88' lang='lat' dir='ltr'>Dic</span> <span class='ocrx_word' id='word_1_86' title='bbox 863 1170 1057 1250; x_wconf 85' lang='lat' dir='ltr'>mihi,</span> <span class='ocrx_word' id='word_1_87' title='bbox 1112 1171 1359 1257; x_wconf 91' lang='lat' dir='ltr'>inquit,</span> <span class='ocrx_word' id='word_1_88' title='bbox 1414 1171 1469 1239; x_wconf 94' lang='lat' dir='ltr'>si</span> <span class='ocrx_word' id='word_1_89' title='bbox 1521 1192 1829 1258; x_wconf 90' lang='lat' dir='ltr'>unquam</span> <span class='ocrx_word' id='word_1_90' title='bbox 1884 1171 1949 1238; x_wconf 94' lang='lat' dir='ltr'>in</span> <span class='ocrx_word' id='word_1_91' title='bbox 2005 1171 2183 1240; x_wconf 86' lang='lat' dir='ltr'>bello</span> <span class='ocrx_word' id='word_1_92' title='bbox 2239 1170 2453 1252; x_wconf 83' lang='lat' dir='ltr'>fuisti,</span> <span class='ocrx_word' id='word_1_93' title='bbox 2510 1172 2568 1241; x_wconf 89' lang='lat' dir='ltr'>si</span> 
     </span>
     <span class='ocr_line' id='line_1_11' title="bbox 47 1258 2563 1347; baseline 0.001 -22"><span class='ocrx_word' id='word_1_94' title='bbox 47 1258 101 1325; x_wconf 90' lang='lat' dir='ltr'>in</span> <span class='ocrx_word' id='word_1_95' title='bbox 130 1260 261 1327; x_wconf 91' lang='lat' dir='ltr'>acie</span> <span class='ocrx_word' id='word_1_96' title='bbox 309 1258 733 1327; x_wconf 74' lang='lat' dir='ltr'>constitisti?</span> <span class='ocrx_word' id='word_1_97' title='bbox 770 1281 803 1322; x_wconf 83' lang='lat'>»</span> <span class='ocrx_word' id='word_1_98' title='bbox 853 1264 928 1328; x_wconf 80' lang='lat' dir='ltr'>At</span> <span class='ocrx_word' id='word_1_99' title='bbox 977 1258 1093 1327; x_wconf 90' lang='lat' dir='ltr'>ille</span> <span class='ocrx_word' id='word_1_100' title='bbox 1135 1258 1582 1347; x_wconf 89' lang='lat' dir='ltr'>respondens:</span> <span class='ocrx_word' id='word_1_101' title='bbox 1629 1286 1653 1321; x_wconf 63' lang='grc' dir='ltr'>ε</span> <span class='ocrx_word' id='word_1_102' title='bbox 1713 1265 2145 1346; x_wconf 82' lang='lat' dir='ltr'>Frequenter,</span> <span class='ocrx_word' id='word_1_103' title='bbox 2205 1260 2450 1347; x_wconf 85' lang='lat' dir='ltr'>inquit,</span> <span class='ocrx_word' id='word_1_104' title='bbox 2497 1260 2563 1328; x_wconf 90' lang='lat' dir='ltr'>in</span> 
     </span>
     <span class='ocr_line' id='line_1_12' title="bbox 47 1346 2569 1433; baseline 0.001 -19"><span class='ocrx_word' id='word_1_105' title='bbox 47 1348 167 1414; x_wconf 86' lang='lat' dir='ltr'>acie</span> <span class='ocrx_word' id='word_1_106' title='bbox 200 1350 372 1427; x_wconf 86' lang='lat' dir='ltr'>steti,</span> <span class='ocrx_word' id='word_1_107' title='bbox 404 1360 473 1416; x_wconf 89' lang='lat' dir='ltr'>et</span> <span class='ocrx_word' id='word_1_108' title='bbox 525 1346 706 1416; x_wconf 89' lang='lat' dir='ltr'>bello</span> <span class='ocrx_word' id='word_1_109' title='bbox 755 1346 1144 1433; x_wconf 87' lang='lat' dir='ltr'>frequenter</span> <span class='ocrx_word' id='word_1_110' title='bbox 1185 1347 1560 1417; x_wconf 76' lang='lat' dir='ltr'>interlui.»</span> <span class='ocrx_word' id='word_1_111' title='bbox 1608 1347 1700 1416; x_wconf 88' lang='lat' dir='ltr'>Ad</span> <span class='ocrx_word' id='word_1_112' title='bbox 1757 1348 1921 1417; x_wconf 84' lang='lat' dir='ltr'>baec</span> <span class='ocrx_word' id='word_1_113' title='bbox 1973 1348 2338 1418; x_wconf 88' lang='lat' dir='ltr'>Martinus:</span> <span class='ocrx_word' id='word_1_114' title='bbox 2371 1372 2406 1416; x_wconf 90' lang='lat'>«</span> <span class='ocrx_word' id='word_1_115' title='bbox 2452 1349 2569 1417; x_wconf 89' lang='lat' dir='ltr'>Dic</span> 
     </span>
     <span class='ocr_line' id='line_1_13' title="bbox 53 1435 2569 1527; baseline 0.002 -26"><span class='ocrx_word' id='word_1_116' title='bbox 53 1436 191 1503; x_wconf 85' lang='lat' dir='ltr'>mibi</span> <span class='ocrx_word' id='word_1_117' title='bbox 228 1458 438 1525; x_wconf 90' lang='lat' dir='ltr'>ergo:</span> <span class='ocrx_word' id='word_1_118' title='bbox 504 1435 818 1522; x_wconf 87' lang='lat' dir='ltr'>nunquid</span> <span class='ocrx_word' id='word_1_119' title='bbox 862 1438 927 1504; x_wconf 93' lang='lat' dir='ltr'>in</span> <span class='ocrx_word' id='word_1_120' title='bbox 970 1435 1092 1504; x_wconf 90' lang='lat' dir='ltr'>illa</span> <span class='ocrx_word' id='word_1_121' title='bbox 1123 1436 1292 1515; x_wconf 87' lang='lat' dir='ltr'>acie,</span> <span class='ocrx_word' id='word_1_122' title='bbox 1331 1458 1509 1522; x_wconf 88' lang='lat' dir='ltr'>quae</span> <span class='ocrx_word' id='word_1_123' title='bbox 1566 1451 1827 1506; x_wconf 90' lang='lat' dir='ltr'>armata</span> <span class='ocrx_word' id='word_1_124' title='bbox 1868 1438 1933 1505; x_wconf 92' lang='lat' dir='ltr'>in</span> <span class='ocrx_word' id='word_1_125' title='bbox 1980 1437 2315 1524; x_wconf 89' lang='lat' dir='ltr'>proelium</span> <span class='ocrx_word' id='word_1_126' title='bbox 2371 1460 2569 1527; x_wconf 91' lang='lat' dir='ltr'>para-</span> 
     </span>
     <span class='ocr_line' id='line_1_14' title="bbox 49 1524 2571 1612; baseline 0.002 -21"><span class='ocrx_word' id='word_1_127' title='bbox 49 1526 240 1601; x_wconf 81' lang='lat' dir='ltr'>batur,</span> <span class='ocrx_word' id='word_1_128' title='bbox 294 1537 414 1594; x_wconf 89' lang='lat' dir='ltr'>aut</span> <span class='ocrx_word' id='word_1_129' title='bbox 472 1524 623 1612; x_wconf 87' lang='lat' dir='ltr'>jam</span> <span class='ocrx_word' id='word_1_130' title='bbox 678 1524 1006 1594; x_wconf 90' lang='lat' dir='ltr'>adversus</span> <span class='ocrx_word' id='word_1_131' title='bbox 1068 1524 1384 1594; x_wconf 86' lang='lat' dir='ltr'>hostilem</span> <span class='ocrx_word' id='word_1_132' title='bbox 1448 1526 1819 1595; x_wconf 84' lang='lat' dir='ltr'>exercitum</span> <span class='ocrx_word' id='word_1_133' title='bbox 1872 1526 2203 1596; x_wconf 87' lang='lat' dir='ltr'>collocato</span> <span class='ocrx_word' id='word_1_134' title='bbox 2249 1527 2571 1596; x_wconf 89' lang='lat' dir='ltr'>cominus</span> 
     </span>
     <span class='ocr_line' id='line_1_15' title="bbox 51 1612 2572 1706; baseline 0.002 -27"><span class='ocrx_word' id='word_1_135' title='bbox 51 1613 193 1700; x_wconf 88' lang='lat' dir='ltr'>pede</span> <span class='ocrx_word' id='word_1_136' title='bbox 223 1613 538 1682; x_wconf 90' lang='lat' dir='ltr'>districto</span> <span class='ocrx_word' id='word_1_137' title='bbox 589 1635 753 1681; x_wconf 89' lang='lat' dir='ltr'>ense</span> <span class='ocrx_word' id='word_1_138' title='bbox 804 1615 1178 1703; x_wconf 84' lang='lat' dir='ltr'>pugnabat,</span> <span class='ocrx_word' id='word_1_139' title='bbox 1215 1612 1426 1680; x_wconf 90' lang='lat' dir='ltr'>ullam</span> <span class='ocrx_word' id='word_1_140' title='bbox 1463 1613 1831 1682; x_wconf 84' lang='lat' dir='ltr'>foeminam</span> <span class='ocrx_word' id='word_1_141' title='bbox 1873 1627 2075 1696; x_wconf 90' lang='lat' dir='ltr'>stare,</span> <span class='ocrx_word' id='word_1_142' title='bbox 2109 1628 2228 1685; x_wconf 88' lang='lat' dir='ltr'>aut</span> <span class='ocrx_word' id='word_1_143' title='bbox 2265 1637 2572 1706; x_wconf 87' lang='lat' dir='ltr'>pugnare</span> 
     </span>
     <span class='ocr_line' id='line_1_16' title="bbox 47 1701 2564 1794; baseline 0.003 -28"><span class='ocrx_word' id='word_1_144' title='bbox 47 1701 294 1771; x_wconf 77' lang='lat' dir='ltr'>vidisti?</span> <span class='ocrx_word' id='word_1_145' title='bbox 347 1730 390 1767; x_wconf 69' lang='grc'>».</span> <span class='ocrx_word' id='word_1_146' title='bbox 433 1708 608 1771; x_wconf 86' lang='lat' dir='ltr'>Tum</span> <span class='ocrx_word' id='word_1_147' title='bbox 664 1701 944 1771; x_wconf 88' lang='lat' dir='ltr'>demum</span> <span class='ocrx_word' id='word_1_148' title='bbox 1019 1702 1218 1771; x_wconf 87' lang='lat' dir='ltr'>miles</span> <span class='ocrx_word' id='word_1_149' title='bbox 1276 1701 1609 1771; x_wconf 86' lang='lat' dir='ltr'>confusus</span> <span class='ocrx_word' id='word_1_150' title='bbox 1657 1703 1958 1784; x_wconf 90' lang='lat' dir='ltr'>erubuit,</span> <span class='ocrx_word' id='word_1_151' title='bbox 2014 1705 2271 1794; x_wconf 84' lang='lat' dir='ltr'>gratias</span> <span class='ocrx_word' id='word_1_152' title='bbox 2329 1726 2564 1793; x_wconf 81' lang='lat' dir='ltr'>agenS,</span> 
     </span>
     <span class='ocr_line' id='line_1_17' title="bbox 50 1790 2572 1883; baseline 0.002 -27"><span class='ocrx_word' id='word_1_153' title='bbox 50 1791 231 1857; x_wconf 84' lang='lat' dir='ltr'>errori</span> <span class='ocrx_word' id='word_1_154' title='bbox 279 1814 405 1861; x_wconf 92' lang='lat' dir='ltr'>suo</span> <span class='ocrx_word' id='word_1_155' title='bbox 481 1813 554 1859; x_wconf 89' lang='lat' dir='ltr'>se</span> <span class='ocrx_word' id='word_1_156' title='bbox 608 1812 740 1859; x_wconf 92' lang='lat' dir='ltr'>non</span> <span class='ocrx_word' id='word_1_157' title='bbox 793 1790 1005 1860; x_wconf 82' lang='lat' dir='ltr'>fuisse</span> <span class='ocrx_word' id='word_1_158' title='bbox 1056 1790 1470 1879; x_wconf 88' lang='lat' dir='ltr'>permissum</span> <span class='ocrx_word' id='word_1_159' title='bbox 1506 1846 1520 1871; x_wconf 91' lang='lat'>,</span> <span class='ocrx_word' id='word_1_160' title='bbox 1596 1813 1719 1860; x_wconf 90' lang='lat' dir='ltr'>nec</span> <span class='ocrx_word' id='word_1_161' title='bbox 1791 1814 2031 1882; x_wconf 89' lang='lat' dir='ltr'>aspera</span> <span class='ocrx_word' id='word_1_162' title='bbox 2106 1794 2572 1883; x_wconf 83' lang='lat' dir='ltr'>increpatione</span> 
     </span>
     <span class='ocr_line' id='line_1_18' title="bbox 53 1878 2572 1968; baseline 0.002 -24"><span class='ocrx_word' id='word_1_163' title='bbox 53 1879 411 1960; x_wconf 78' lang='lat' dir='ltr'>verborum,</span> <span class='ocrx_word' id='word_1_164' title='bbox 486 1879 605 1948; x_wconf 92' lang='lat' dir='ltr'>sed</span> <span class='ocrx_word' id='word_1_165' title='bbox 673 1901 825 1948; x_wconf 88' lang='lat' dir='ltr'>vera</span> <span class='ocrx_word' id='word_1_166' title='bbox 871 1893 936 1948; x_wconf 91' lang='lat' dir='ltr'>et</span> <span class='ocrx_word' id='word_1_167' title='bbox 1005 1878 1396 1949; x_wconf 85' lang='lat' dir='ltr'>rationabili</span> <span class='ocrx_word' id='word_1_168' title='bbox 1449 1879 1831 1949; x_wconf 89' lang='lat' dir='ltr'>secundum</span> <span class='ocrx_word' id='word_1_169' title='bbox 1903 1904 2263 1968; x_wconf 87' lang='lat' dir='ltr'>personam</span> <span class='ocrx_word' id='word_1_170' title='bbox 2336 1883 2572 1951; x_wconf 85' lang='lat' dir='ltr'>militis</span> 
     </span>
     <span class='ocr_line' id='line_1_19' title="bbox 52 1968 2573 2056; baseline 0.002 -21"><span class='ocrx_word' id='word_1_171' title='bbox 52 1970 538 2056; x_wconf 85' lang='lat' dir='ltr'>comparatione</span> <span class='ocrx_word' id='word_1_172' title='bbox 568 1982 976 2037; x_wconf 86' lang='lat' dir='ltr'>correctum.</span> <span class='ocrx_word' id='word_1_173' title='bbox 1013 1968 1348 2038; x_wconf 88' lang='lat' dir='ltr'>Martinus</span> <span class='ocrx_word' id='word_1_174' title='bbox 1384 1978 1614 2037; x_wconf 90' lang='lat' dir='ltr'>autem</span> <span class='ocrx_word' id='word_1_175' title='bbox 1652 1991 2022 2040; x_wconf 81' lang='lat' dir='ltr'>conversus</span> <span class='ocrx_word' id='word_1_176' title='bbox 2071 1970 2153 2038; x_wconf 90' lang='lat' dir='ltr'>ad</span> <span class='ocrx_word' id='word_1_177' title='bbox 2211 1992 2356 2050; x_wconf 85' lang='lat' dir='ltr'>nos,</span> <span class='ocrx_word' id='word_1_178' title='bbox 2396 1970 2573 2040; x_wconf 92' lang='lat' dir='ltr'>sicut</span> 
     </span>
     <span class='ocr_line' id='line_1_20' title="bbox 54 2056 2573 2145; baseline 0.002 -23"><span class='ocrx_word' id='word_1_179' title='bbox 54 2077 183 2125; x_wconf 85' lang='lat' dir='ltr'>eum</span> <span class='ocrx_word' id='word_1_180' title='bbox 214 2056 538 2144; x_wconf 87' lang='lat' dir='ltr'>frequens</span> <span class='ocrx_word' id='word_1_181' title='bbox 573 2056 860 2126; x_wconf 86' lang='lat' dir='ltr'>fratrum</span> <span class='ocrx_word' id='word_1_182' title='bbox 912 2060 1107 2127; x_wconf 88' lang='lat' dir='ltr'>turba</span> <span class='ocrx_word' id='word_1_183' title='bbox 1152 2057 1557 2126; x_wconf 88' lang='lat' dir='ltr'>vallaverat:</span> <span class='ocrx_word' id='word_1_184' title='bbox 1606 2080 1640 2123; x_wconf 90' lang='lat'>«</span> <span class='ocrx_word' id='word_1_185' title='bbox 1679 2057 1943 2137; x_wconf 86' lang='lat' dir='ltr'>Mulier,</span> <span class='ocrx_word' id='word_1_186' title='bbox 1983 2059 2228 2145; x_wconf 92' lang='lat' dir='ltr'>inquit,</span> <span class='ocrx_word' id='word_1_187' title='bbox 2270 2060 2573 2128; x_wconf 89' lang='lat' dir='ltr'>virorum</span> 
     </span>
     <span class='ocr_line' id='line_1_21' title="bbox 58 2145 2574 2237; baseline 0.002 -27"><span class='ocrx_word' id='word_1_188' title='bbox 58 2156 242 2213; x_wconf 82' lang='lat' dir='ltr'>castra</span> <span class='ocrx_word' id='word_1_189' title='bbox 292 2169 427 2216; x_wconf 91' lang='lat' dir='ltr'>non</span> <span class='ocrx_word' id='word_1_190' title='bbox 485 2145 718 2214; x_wconf 90' lang='lat' dir='ltr'>adeat:</span> <span class='ocrx_word' id='word_1_191' title='bbox 774 2148 956 2216; x_wconf 88' lang='lat' dir='ltr'>acies</span> <span class='ocrx_word' id='word_1_192' title='bbox 1001 2146 1296 2216; x_wconf 91' lang='lat' dir='ltr'>militum</span> <span class='ocrx_word' id='word_1_193' title='bbox 1351 2160 1661 2237; x_wconf 89' lang='lat' dir='ltr'>separata</span> <span class='ocrx_word' id='word_1_194' title='bbox 1720 2148 2098 2216; x_wconf 84' lang='lat' dir='ltr'>consistat:</span> <span class='ocrx_word' id='word_1_195' title='bbox 2152 2147 2387 2237; x_wconf 88' lang='lat' dir='ltr'>procul</span> <span class='ocrx_word' id='word_1_196' title='bbox 2439 2147 2574 2216; x_wconf 86' lang='lat' dir='ltr'>foe-</span> 
     </span>
     <span class='ocr_line' id='line_1_22' title="bbox 63 2232 2567 2325; baseline 0.002 -29"><span class='ocrx_word' id='word_1_197' title='bbox 63 2232 214 2301; x_wconf 85' lang='lat' dir='ltr'>mina</span> <span class='ocrx_word' id='word_1_198' title='bbox 262 2235 327 2303; x_wconf 92' lang='lat' dir='ltr'>in</span> <span class='ocrx_word' id='word_1_199' title='bbox 382 2258 516 2304; x_wconf 91' lang='lat' dir='ltr'>suo</span> <span class='ocrx_word' id='word_1_200' title='bbox 578 2234 835 2325; x_wconf 89' lang='lat' dir='ltr'>degens</span> <span class='ocrx_word' id='word_1_201' title='bbox 909 2235 1395 2315; x_wconf 82' lang='lat' dir='ltr'>tabernaculO,</span> <span class='ocrx_word' id='word_1_202' title='bbox 1467 2236 1557 2303; x_wconf 89' lang='lat' dir='ltr'>sit</span> <span class='ocrx_word' id='word_1_203' title='bbox 1604 2248 1906 2305; x_wconf 90' lang='lat' dir='ltr'>remota:</span> <span class='ocrx_word' id='word_1_204' title='bbox 1984 2236 2567 2324; x_wconf 86' lang='lat' dir='ltr'>contemptibilem</span> 
     </span>
     <span class='ocr_line' id='line_1_23' title="bbox 64 2320 2578 2403; baseline 0.003 -18"><span class='ocrx_word' id='word_1_205' title='bbox 64 2320 210 2390; x_wconf 85' lang='lat' dir='ltr'>enim</span> <span class='ocrx_word' id='word_1_206' title='bbox 246 2324 472 2393; x_wconf 89' lang='lat' dir='ltr'>reddit</span> <span class='ocrx_word' id='word_1_207' title='bbox 501 2326 902 2403; x_wconf 85' lang='lat' dir='ltr'>exercitum,</span> <span class='ocrx_word' id='word_1_208' title='bbox 949 2324 1006 2391; x_wconf 89' lang='lat' dir='ltr'>si</span> <span class='ocrx_word' id='word_1_209' title='bbox 1060 2325 1359 2392; x_wconf 85' lang='lat' dir='ltr'>virorum</span> <span class='ocrx_word' id='word_1_210' title='bbox 1397 2324 1796 2394; x_wconf 89' lang='lat' dir='ltr'>cohortibus</span> <span class='ocrx_word' id='word_1_211' title='bbox 1833 2325 2032 2394; x_wconf 90' lang='lat' dir='ltr'>turba</span> <span class='ocrx_word' id='word_1_212' title='bbox 2071 2324 2405 2395; x_wconf 84' lang='lat' dir='ltr'>foeminea</span> <span class='ocrx_word' id='word_1_213' title='bbox 2451 2325 2578 2393; x_wconf 90' lang='lat' dir='ltr'>mi-</span> 
     </span>
     <span class='ocr_line' id='line_1_24' title="bbox 62 2411 2569 2502; baseline 0.002 -26"><span class='ocrx_word' id='word_1_214' title='bbox 62 2426 313 2481; x_wconf 85' lang='lat' dir='ltr'>sceatur.</span> <span class='ocrx_word' id='word_1_215' title='bbox 372 2412 570 2483; x_wconf 87' lang='lat' dir='ltr'>Miles</span> <span class='ocrx_word' id='word_1_216' title='bbox 619 2414 686 2481; x_wconf 87' lang='lat' dir='ltr'>in</span> <span class='ocrx_word' id='word_1_217' title='bbox 739 2414 905 2492; x_wconf 90' lang='lat' dir='ltr'>acie,</span> <span class='ocrx_word' id='word_1_218' title='bbox 965 2411 1161 2481; x_wconf 88' lang='lat' dir='ltr'>miles</span> <span class='ocrx_word' id='word_1_219' title='bbox 1213 2425 1470 2502; x_wconf 87' lang='lat' dir='ltr'>pugnet</span> <span class='ocrx_word' id='word_1_220' title='bbox 1510 2413 1578 2481; x_wconf 90' lang='lat' dir='ltr'>in</span> <span class='ocrx_word' id='word_1_221' title='bbox 1622 2437 1772 2483; x_wconf 90' lang='lat' dir='ltr'>cam</span> <span class='ocrx_word' id='word_1_222' title='bbox 1831 2437 1917 2495; x_wconf 90' lang='lat' dir='ltr'>o;</span> <span class='ocrx_word' id='word_1_223' title='bbox 1974 2413 2222 2484; x_wconf 86' lang='lat' dir='ltr'>mulier</span> <span class='ocrx_word' id='word_1_224' title='bbox 2268 2437 2341 2483; x_wconf 91' lang='lat' dir='ltr'>se</span> <span class='ocrx_word' id='word_1_225' title='bbox 2394 2414 2569 2482; x_wconf 91' lang='lat' dir='ltr'>intra</span> 
     </span>
     <span class='ocr_line' id='line_1_25' title="bbox 62 2502 2574 2594; baseline 0.003 -29"><span class='ocrx_word' id='word_1_226' title='bbox 62 2520 383 2571; x_wconf 88' lang='lat' dir='ltr'>murorum</span> <span class='ocrx_word' id='word_1_227' title='bbox 452 2502 883 2570; x_wconf 90' lang='lat' dir='ltr'>munimenta</span> <span class='ocrx_word' id='word_1_228' title='bbox 933 2502 1296 2570; x_wconf 87' lang='lat' dir='ltr'>contineat.</span> <span class='ocrx_word' id='word_1_229' title='bbox 1341 2502 1557 2571; x_wconf 87' lang='lat' dir='ltr'>Habet</span> <span class='ocrx_word' id='word_1_230' title='bbox 1609 2515 1673 2570; x_wconf 89' lang='lat' dir='ltr'>et</span> <span class='ocrx_word' id='word_1_231' title='bbox 1730 2503 1771 2571; x_wconf 89' lang='lat' dir='ltr'>il</span> <span class='ocrx_word' id='word_1_232' title='bbox 1809 2526 1847 2571; x_wconf 91' lang='lat' dir='ltr'>a</span> <span class='ocrx_word' id='word_1_233' title='bbox 1896 2503 2181 2594; x_wconf 91' lang='lat' dir='ltr'>gloriam</span> <span class='ocrx_word' id='word_1_234' title='bbox 2235 2525 2460 2583; x_wconf 90' lang='lat' dir='ltr'>suam,</span> <span class='ocrx_word' id='word_1_235' title='bbox 2517 2503 2574 2572; x_wconf 91' lang='lat' dir='ltr'>si</span> 
     </span>
     <span class='ocr_line' id='line_1_26' title="bbox 61 2588 2577 2682; baseline 0.002 -27"><span class='ocrx_word' id='word_1_236' title='bbox 61 2588 462 2674; x_wconf 87' lang='lat' dir='ltr'>pudicitiam,</span> <span class='ocrx_word' id='word_1_237' title='bbox 507 2591 650 2659; x_wconf 88' lang='lat' dir='ltr'>viro</span> <span class='ocrx_word' id='word_1_238' title='bbox 698 2592 1002 2670; x_wconf 86' lang='lat' dir='ltr'>absente,</span> <span class='ocrx_word' id='word_1_239' title='bbox 1057 2591 1444 2659; x_wconf 89' lang='lat' dir='ltr'>servaverit.</span> <span class='ocrx_word' id='word_1_240' title='bbox 1485 2591 1693 2679; x_wconf 87' lang='lat' dir='ltr'>Cujus</span> <span class='ocrx_word' id='word_1_241' title='bbox 1735 2592 1903 2661; x_wconf 90' lang='lat' dir='ltr'>haec</span> <span class='ocrx_word' id='word_1_242' title='bbox 1956 2594 2177 2682; x_wconf 90' lang='lat' dir='ltr'>prima</span> <span class='ocrx_word' id='word_1_243' title='bbox 2219 2592 2457 2672; x_wconf 90' lang='lat' dir='ltr'>virtus,</span> <span class='ocrx_word' id='word_1_244' title='bbox 2512 2605 2577 2660; x_wconf 84' lang='lat' dir='ltr'>et</span> 
     </span>
     <span class='ocr_line' id='line_1_27' title="bbox 59 2679 1552 2757; baseline 0.002 -15"><span class='ocrx_word' id='word_1_245' title='bbox 59 2692 508 2747; x_wconf 86' lang='lat' dir='ltr'>consummata</span> <span class='ocrx_word' id='word_1_246' title='bbox 560 2679 838 2748; x_wconf 88' lang='lat' dir='ltr'>victoria</span> <span class='ocrx_word' id='word_1_247' title='bbox 880 2692 1003 2757; x_wconf 91' lang='lat' dir='ltr'>est,</span> <span class='ocrx_word' id='word_1_248' title='bbox 1047 2700 1178 2747; x_wconf 93' lang='lat' dir='ltr'>non</span> <span class='ocrx_word' id='word_1_249' title='bbox 1236 2679 1473 2748; x_wconf 88' lang='lat' dir='ltr'>videri.</span> <span class='ocrx_word' id='word_1_250' title='bbox 1517 2703 1552 2745; x_wconf 88' lang='lat'>»</span> 
     </span>
    </p>

    <p class='ocr_par' dir='ltr' id='par_1_3' title="bbox 61 2766 2593 4452">
     <span class='ocr_line' id='line_1_28' title="bbox 130 2766 2571 2856; baseline -0 -17"><span class='ocrx_word' id='word_1_251' title='bbox 130 2769 160 2850; x_wconf 66' lang='grc' dir='ltr'>ξ</span> <span class='ocrx_word' id='word_1_252' title='bbox 201 2771 356 2839; x_wconf 75' lang='lat'>1⁰.</span> <span class='ocrx_word' id='word_1_253' title='bbox 409 2766 592 2835; x_wconf 92' lang='lat' dir='ltr'>Illud</span> <span class='ocrx_word' id='word_1_254' title='bbox 634 2789 809 2845; x_wconf 89' lang='lat' dir='ltr'>ver0,</span> <span class='ocrx_word' id='word_1_255' title='bbox 858 2766 971 2836; x_wconf 90' lang='lat' dir='ltr'>Sul</span> <span class='ocrx_word' id='word_1_256' title='bbox 1034 2767 1129 2847; x_wconf 92' lang='lat' dir='ltr'>iti,</span> <span class='ocrx_word' id='word_1_257' title='bbox 1170 2767 1569 2837; x_wconf 87' lang='lat' dir='ltr'>meminisse</span> <span class='ocrx_word' id='word_1_258' title='bbox 1602 2780 1665 2835; x_wconf 87' lang='lat' dir='ltr'>te</span> <span class='ocrx_word' id='word_1_259' title='bbox 1713 2767 1940 2849; x_wconf 88' lang='lat' dir='ltr'>cred0,</span> <span class='ocrx_word' id='word_1_260' title='bbox 1977 2791 2113 2856; x_wconf 93' lang='lat' dir='ltr'>quo</span> <span class='ocrx_word' id='word_1_261' title='bbox 2163 2768 2410 2838; x_wconf 81' lang='lat' dir='ltr'>affectu</span> <span class='ocrx_word' id='word_1_262' title='bbox 2449 2791 2571 2838; x_wconf 91' lang='lat' dir='ltr'>no-</span> 
     </span>
     <span class='ocr_line' id='line_1_29' title="bbox 61 2849 2576 2949; baseline 0.002 -29"><span class='ocrx_word' id='word_1_263' title='bbox 61 2849 166 2949; x_wconf 55' lang='lat' dir='ltr'>bis</span> <span class='ocrx_word' id='word_1_264' title='bbox 210 2876 363 2923; x_wconf 88' lang='lat' dir='ltr'>cum</span> <span class='ocrx_word' id='word_1_265' title='bbox 421 2869 487 2924; x_wconf 89' lang='lat' dir='ltr'>et</span> <span class='ocrx_word' id='word_1_266' title='bbox 541 2871 610 2924; x_wconf 90' lang='lat' dir='ltr'>tu</span> <span class='ocrx_word' id='word_1_267' title='bbox 651 2877 878 2924; x_wconf 86' lang='lat' dir='ltr'>coram</span> <span class='ocrx_word' id='word_1_268' title='bbox 921 2879 958 2923; x_wconf 92' lang='lat' dir='ltr'>a</span> <span class='ocrx_word' id='word_1_269' title='bbox 1014 2878 1221 2937; x_wconf 89' lang='lat' dir='ltr'>esses,</span> <span class='ocrx_word' id='word_1_270' title='bbox 1277 2856 1468 2924; x_wconf 90' lang='lat' dir='ltr'>illam</span> <span class='ocrx_word' id='word_1_271' title='bbox 1523 2856 1857 2944; x_wconf 89' lang='lat' dir='ltr'>virginem</span> <span class='ocrx_word' id='word_1_272' title='bbox 1914 2857 2359 2946; x_wconf 88' lang='lat' dir='ltr'>praedicaret,</span> <span class='ocrx_word' id='word_1_273' title='bbox 2400 2879 2576 2945; x_wconf 89' lang='lat' dir='ltr'>quae</span> 
     </span>
     <span class='ocr_line' id='line_1_30' title="bbox 63 2943 2573 3036; baseline 0.004 -30"><span class='ocrx_word' id='word_1_274' title='bbox 63 2953 132 3008; x_wconf 80' lang='lat' dir='ltr'>ita</span> <span class='ocrx_word' id='word_1_275' title='bbox 164 2965 227 3010; x_wconf 88' lang='lat' dir='ltr'>se</span> <span class='ocrx_word' id='word_1_276' title='bbox 262 2945 541 3032; x_wconf 90' lang='lat' dir='ltr'>penitus</span> <span class='ocrx_word' id='word_1_277' title='bbox 581 2946 668 3013; x_wconf 89' lang='lat' dir='ltr'>ab</span> <span class='ocrx_word' id='word_1_278' title='bbox 702 2944 1012 3013; x_wconf 91' lang='lat' dir='ltr'>omnium</span> <span class='ocrx_word' id='word_1_279' title='bbox 1054 2944 1354 3014; x_wconf 90' lang='lat' dir='ltr'>virorum</span> <span class='ocrx_word' id='word_1_280' title='bbox 1388 2943 1609 3014; x_wconf 87' lang='lat' dir='ltr'>oculis</span> <span class='ocrx_word' id='word_1_281' title='bbox 1647 2945 2066 3023; x_wconf 83' lang='lat' dir='ltr'>removisset,</span> <span class='ocrx_word' id='word_1_282' title='bbox 2112 2959 2187 3014; x_wconf 91' lang='lat' dir='ltr'>ut</span> <span class='ocrx_word' id='word_1_283' title='bbox 2222 2968 2303 3014; x_wconf 89' lang='lat' dir='ltr'>ne</span> <span class='ocrx_word' id='word_1_284' title='bbox 2341 2947 2573 3036; x_wconf 90' lang='lat' dir='ltr'>ipsum</span> 
     </span>
     <span class='ocr_line' id='line_1_31' title="bbox 63 3030 2580 3112; baseline 0.003 -16"><span class='ocrx_word' id='word_1_285' title='bbox 63 3030 306 3112; x_wconf 87' lang='lat' dir='ltr'>quidem</span> <span class='ocrx_word' id='word_1_286' title='bbox 351 3031 436 3100; x_wconf 90' lang='lat' dir='ltr'>ad</span> <span class='ocrx_word' id='word_1_287' title='bbox 478 3055 551 3101; x_wconf 90' lang='lat' dir='ltr'>se</span> <span class='ocrx_word' id='word_1_288' title='bbox 599 3034 990 3112; x_wconf 77' lang='lat' dir='ltr'>Martinam,</span> <span class='ocrx_word' id='word_1_289' title='bbox 1044 3056 1201 3102; x_wconf 90' lang='lat' dir='ltr'>cum</span> <span class='ocrx_word' id='word_1_290' title='bbox 1253 3056 1401 3102; x_wconf 91' lang='lat' dir='ltr'>eam</span> <span class='ocrx_word' id='word_1_291' title='bbox 1455 3033 1572 3102; x_wconf 92' lang='lat' dir='ltr'>ille</span> <span class='ocrx_word' id='word_1_292' title='bbox 1619 3032 1824 3102; x_wconf 86' lang='lat' dir='ltr'>officii</span> <span class='ocrx_word' id='word_1_293' title='bbox 1868 3056 2080 3103; x_wconf 91' lang='lat' dir='ltr'>causa</span> <span class='ocrx_word' id='word_1_294' title='bbox 2129 3035 2403 3104; x_wconf 89' lang='lat' dir='ltr'>visitare</span> <span class='ocrx_word' id='word_1_295' title='bbox 2447 3035 2580 3104; x_wconf 90' lang='lat' dir='ltr'>vel-</span> 
     </span>
     <span class='ocr_line' id='line_1_32' title="bbox 67 3114 2578 3212; baseline 0.004 -30"><span class='ocrx_word' id='word_1_296' title='bbox 67 3114 154 3196; x_wconf 84' lang='lat' dir='ltr'>let,</span> <span class='ocrx_word' id='word_1_297' title='bbox 194 3119 573 3191; x_wconf 89' lang='lat' dir='ltr'>admiserit.</span> <span class='ocrx_word' id='word_1_298' title='bbox 619 3127 784 3192; x_wconf 90' lang='lat' dir='ltr'>Nam</span> <span class='ocrx_word' id='word_1_299' title='bbox 834 3143 992 3190; x_wconf 90' lang='lat' dir='ltr'>cum</span> <span class='ocrx_word' id='word_1_300' title='bbox 1050 3144 1257 3212; x_wconf 91' lang='lat' dir='ltr'>prope</span> <span class='ocrx_word' id='word_1_301' title='bbox 1297 3144 1333 3190; x_wconf 93' lang='lat' dir='ltr'>a</span> <span class='ocrx_word' id='word_1_302' title='bbox 1386 3120 1596 3191; x_wconf 90' lang='lat' dir='ltr'>ellum</span> <span class='ocrx_word' id='word_1_303' title='bbox 1651 3121 1840 3190; x_wconf 90' lang='lat' dir='ltr'>illius</span> <span class='ocrx_word' id='word_1_304' title='bbox 1885 3123 2297 3210; x_wconf 86' lang='lat' dir='ltr'>praeteriret,</span> <span class='ocrx_word' id='word_1_305' title='bbox 2336 3125 2402 3190; x_wconf 94' lang='lat' dir='ltr'>in</span> <span class='ocrx_word' id='word_1_306' title='bbox 2440 3145 2578 3210; x_wconf 92' lang='lat' dir='ltr'>quo</span> 
     </span>
     <span class='ocr_line' id='line_1_33' title="bbox 65 3145 2576 3300; baseline 0.003 -27"><span class='ocrx_word' id='word_1_307' title='bbox 65 3225 121 3274; x_wconf 87' lang='lat' dir='ltr'>se</span> <span class='ocrx_word' id='word_1_308' title='bbox 156 3207 290 3294; x_wconf 82' lang='lat' dir='ltr'>jam</span> <span class='ocrx_word' id='word_1_309' title='bbox 341 3222 501 3278; x_wconf 92' lang='lat' dir='ltr'>ante</span> <span class='ocrx_word' id='word_1_310' title='bbox 548 3210 943 3300; x_wconf 84' lang='lat' dir='ltr'>complures</span> <span class='ocrx_word' id='word_1_311' title='bbox 983 3233 1203 3280; x_wconf 91' lang='lat' dir='ltr'>annos</span> <span class='ocrx_word' id='word_1_312' title='bbox 1242 3145 1491 3300; x_wconf 48' lang='lat' dir='ltr'>pudica</span> <span class='ocrx_word' id='word_1_313' title='bbox 1525 3209 1909 3290; x_wconf 88' lang='lat' dir='ltr'>cohibebat,</span> <span class='ocrx_word' id='word_1_314' title='bbox 1948 3210 2185 3279; x_wconf 90' lang='lat' dir='ltr'>audita</span> <span class='ocrx_word' id='word_1_315' title='bbox 2222 3211 2355 3279; x_wconf 83' lang='lat' dir='ltr'>fide</span> <span class='ocrx_word' id='word_1_316' title='bbox 2386 3211 2576 3280; x_wconf 87' lang='lat' dir='ltr'>illius</span> 
     </span>
     <span class='ocr_line' id='line_1_34' title="bbox 64 3298 2576 3388; baseline 0.003 -29"><span class='ocrx_word' id='word_1_317' title='bbox 64 3308 236 3380; x_wconf 87' lang='lat' dir='ltr'>atque</span> <span class='ocrx_word' id='word_1_318' title='bbox 284 3299 555 3379; x_wconf 87' lang='lat' dir='ltr'>virtute,</span> <span class='ocrx_word' id='word_1_319' title='bbox 609 3298 902 3379; x_wconf 88' lang='lat' dir='ltr'>divertit,</span> <span class='ocrx_word' id='word_1_320' title='bbox 949 3312 1025 3368; x_wconf 91' lang='lat' dir='ltr'>ut</span> <span class='ocrx_word' id='word_1_321' title='bbox 1084 3312 1223 3367; x_wconf 92' lang='lat' dir='ltr'>tam</span> <span class='ocrx_word' id='word_1_322' title='bbox 1275 3298 1564 3369; x_wconf 89' lang='lat' dir='ltr'>illustris</span> <span class='ocrx_word' id='word_1_323' title='bbox 1626 3299 1846 3366; x_wconf 91' lang='lat' dir='ltr'>meriti</span> <span class='ocrx_word' id='word_1_324' title='bbox 1902 3298 2198 3388; x_wconf 88' lang='lat' dir='ltr'>puellam</span> <span class='ocrx_word' id='word_1_325' title='bbox 2258 3298 2576 3386; x_wconf 85' lang='lat' dir='ltr'>religioso</span> 
     </span>
     <span class='ocr_line' id='line_1_35' title="bbox 65 3382 2577 3477; baseline 0.002 -28"><span class='ocrx_word' id='word_1_326' title='bbox 65 3382 258 3454; x_wconf 86' lang='lat' dir='ltr'>officio</span> <span class='ocrx_word' id='word_1_327' title='bbox 305 3388 689 3477; x_wconf 90' lang='lat' dir='ltr'>Episcopus</span> <span class='ocrx_word' id='word_1_328' title='bbox 737 3388 1123 3457; x_wconf 86' lang='lat' dir='ltr'>honoraret.</span> <span class='ocrx_word' id='word_1_329' title='bbox 1180 3393 1311 3457; x_wconf 90' lang='lat' dir='ltr'>Nos</span> <span class='ocrx_word' id='word_1_330' title='bbox 1368 3400 1894 3474; x_wconf 89' lang='lat' dir='ltr'>consequentes,</span> <span class='ocrx_word' id='word_1_331' title='bbox 1941 3388 2334 3477; x_wconf 87' lang='lat' dir='ltr'>gavisuram</span> <span class='ocrx_word' id='word_1_332' title='bbox 2388 3387 2577 3455; x_wconf 90' lang='lat' dir='ltr'>illam</span> 
     </span>
     <span class='ocr_line' id='line_1_36' title="bbox 67 3474 2579 3564; baseline 0.002 -25"><span class='ocrx_word' id='word_1_333' title='bbox 67 3474 371 3562; x_wconf 86' lang='lat' dir='ltr'>virginem</span> <span class='ocrx_word' id='word_1_334' title='bbox 424 3477 866 3564; x_wconf 79' lang='lat' dir='ltr'>putabamuS,</span> <span class='ocrx_word' id='word_1_335' title='bbox 925 3476 1264 3563; x_wconf 89' lang='lat' dir='ltr'>siquidem</span> <span class='ocrx_word' id='word_1_336' title='bbox 1311 3477 1539 3545; x_wconf 88' lang='lat' dir='ltr'>hocin</span> <span class='ocrx_word' id='word_1_337' title='bbox 1595 3476 2061 3546; x_wconf 89' lang='lat' dir='ltr'>testimonium</span> <span class='ocrx_word' id='word_1_338' title='bbox 2109 3476 2380 3545; x_wconf 89' lang='lat' dir='ltr'>virtutis</span> <span class='ocrx_word' id='word_1_339' title='bbox 2414 3497 2579 3544; x_wconf 84' lang='lat' dir='ltr'>suae</span> 
     </span>
     <span class='ocr_line' id='line_1_37' title="bbox 68 3563 2581 3654; baseline 0.002 -29"><span class='ocrx_word' id='word_1_340' title='bbox 68 3579 193 3630; x_wconf 86' lang='lat' dir='ltr'>esse</span> <span class='ocrx_word' id='word_1_341' title='bbox 215 3563 633 3646; x_wconf 90' lang='lat' dir='ltr'>habituram,</span> <span class='ocrx_word' id='word_1_342' title='bbox 660 3565 743 3634; x_wconf 91' lang='lat' dir='ltr'>ad</span> <span class='ocrx_word' id='word_1_343' title='bbox 776 3588 982 3653; x_wconf 88' lang='lat' dir='ltr'>quam</span> <span class='ocrx_word' id='word_1_344' title='bbox 1013 3566 1178 3634; x_wconf 87' lang='lat' dir='ltr'>tanti</span> <span class='ocrx_word' id='word_1_345' title='bbox 1208 3565 1511 3635; x_wconf 89' lang='lat' dir='ltr'>nominis</span> <span class='ocrx_word' id='word_1_346' title='bbox 1540 3563 1882 3645; x_wconf 78' lang='lat' dir='ltr'>sacerdOS‚</span> <span class='ocrx_word' id='word_1_347' title='bbox 1918 3564 2227 3654; x_wconf 88' lang='lat' dir='ltr'>deposito</span> <span class='ocrx_word' id='word_1_348' title='bbox 2256 3564 2581 3654; x_wconf 91' lang='lat' dir='ltr'>propositi</span> 
     </span>
     <span class='ocr_line' id='line_1_38' title="bbox 71 3650 2582 3743; baseline 0.003 -30"><span class='ocrx_word' id='word_1_349' title='bbox 71 3650 287 3738; x_wconf 87' lang='lat' dir='ltr'>rigore,</span> <span class='ocrx_word' id='word_1_350' title='bbox 319 3654 636 3723; x_wconf 86' lang='lat' dir='ltr'>venisset.</span> <span class='ocrx_word' id='word_1_351' title='bbox 678 3660 920 3723; x_wconf 87' lang='lat' dir='ltr'>Verum</span> <span class='ocrx_word' id='word_1_352' title='bbox 961 3654 1074 3722; x_wconf 89' lang='lat' dir='ltr'>illa</span> <span class='ocrx_word' id='word_1_353' title='bbox 1104 3653 1460 3723; x_wconf 84' lang='lat' dir='ltr'>fortissimi</span> <span class='ocrx_word' id='word_1_354' title='bbox 1496 3653 1771 3721; x_wconf 84' lang='lat' dir='ltr'>vincula</span> <span class='ocrx_word' id='word_1_355' title='bbox 1807 3654 2159 3743; x_wconf 90' lang='lat' dir='ltr'>propositi,</span> <span class='ocrx_word' id='word_1_356' title='bbox 2195 3675 2277 3722; x_wconf 90' lang='lat' dir='ltr'>ne</span> <span class='ocrx_word' id='word_1_357' title='bbox 2313 3654 2582 3722; x_wconf 91' lang='lat' dir='ltr'>Martini</span> 
     </span>
     <span class='ocr_line' id='line_1_39' title="bbox 70 3739 2581 3832; baseline 0.003 -29"><span class='ocrx_word' id='word_1_358' title='bbox 70 3739 317 3820; x_wconf 89' lang='lat' dir='ltr'>quidem</span> <span class='ocrx_word' id='word_1_359' title='bbox 370 3743 945 3832; x_wconf 89' lang='lat' dir='ltr'>contemplatione</span> <span class='ocrx_word' id='word_1_360' title='bbox 995 3743 1266 3811; x_wconf 86' lang='lat' dir='ltr'>laxavit.</span> <span class='ocrx_word' id='word_1_361' title='bbox 1309 3748 1407 3811; x_wconf 90' lang='lat' dir='ltr'>Ita</span> <span class='ocrx_word' id='word_1_362' title='bbox 1448 3742 1550 3809; x_wconf 92' lang='lat' dir='ltr'>vir</span> <span class='ocrx_word' id='word_1_363' title='bbox 1591 3742 1854 3823; x_wconf 79' lang='lat' dir='ltr'>beatuS,</span> <span class='ocrx_word' id='word_1_364' title='bbox 1901 3756 2173 3832; x_wconf 87' lang='lat' dir='ltr'>accepta</span> <span class='ocrx_word' id='word_1_365' title='bbox 2226 3764 2345 3831; x_wconf 92' lang='lat' dir='ltr'>per</span> <span class='ocrx_word' id='word_1_366' title='bbox 2378 3743 2581 3810; x_wconf 85' lang='lat' dir='ltr'>aliam</span> 
     </span>
     <span class='ocr_line' id='line_1_40' title="bbox 73 3822 2585 3918; baseline 0.003 -28"><span class='ocrx_word' id='word_1_367' title='bbox 73 3822 411 3898; x_wconf 78' lang='lat' dir='ltr'>foeminam</span> <span class='ocrx_word' id='word_1_368' title='bbox 445 3831 1277 3910; x_wconf 84' lang='lat' dir='ltr'>excusatione-laudabili,</span> <span class='ocrx_word' id='word_1_369' title='bbox 1326 3833 1413 3899; x_wconf 90' lang='lat' dir='ltr'>ab</span> <span class='ocrx_word' id='word_1_370' title='bbox 1454 3830 1645 3899; x_wconf 90' lang='lat' dir='ltr'>illius</span> <span class='ocrx_word' id='word_1_371' title='bbox 1694 3830 1983 3912; x_wconf 83' lang='lat' dir='ltr'>foribus,</span> <span class='ocrx_word' id='word_1_372' title='bbox 2023 3853 2199 3918; x_wconf 91' lang='lat' dir='ltr'>quae</span> <span class='ocrx_word' id='word_1_373' title='bbox 2230 3853 2302 3899; x_wconf 89' lang='lat' dir='ltr'>se</span> <span class='ocrx_word' id='word_1_374' title='bbox 2352 3831 2585 3899; x_wconf 89' lang='lat' dir='ltr'>viden-</span> 
     </span>
     <span class='ocr_line' id='line_1_41' title="bbox 75 3911 2587 4010; baseline 0.002 -28"><span class='ocrx_word' id='word_1_375' title='bbox 75 3911 206 4010; x_wconf 78' lang='lat' dir='ltr'>dam</span> <span class='ocrx_word' id='word_1_376' title='bbox 243 3917 814 4007; x_wconf 86' lang='lat' dir='ltr'>salutandamque</span> <span class='ocrx_word' id='word_1_377' title='bbox 849 3943 981 3990; x_wconf 81' lang='lat' dir='ltr'>non</span> <span class='ocrx_word' id='word_1_378' title='bbox 1017 3920 1317 3999; x_wconf 88' lang='lat' dir='ltr'>dederat,</span> <span class='ocrx_word' id='word_1_379' title='bbox 1352 3919 1572 3989; x_wconf 90' lang='lat' dir='ltr'>laetus</span> <span class='ocrx_word' id='word_1_380' title='bbox 1611 3918 1964 3988; x_wconf 88' lang='lat' dir='ltr'>abscessit.</span> <span class='ocrx_word' id='word_1_381' title='bbox 1990 3924 2039 3990; x_wconf 95' lang='grc' dir='ltr'>Ο</span> <span class='ocrx_word' id='word_1_382' title='bbox 2076 3920 2408 4007; x_wconf 86' lang='lat' dir='ltr'>virginem</span> <span class='ocrx_word' id='word_1_383' title='bbox 2444 3919 2587 4009; x_wconf 90' lang='lat' dir='ltr'>glo-</span> 
     </span>
     <span class='ocr_line' id='line_1_42' title="bbox 80 4007 2584 4097; baseline 0.003 -30"><span class='ocrx_word' id='word_1_384' title='bbox 80 4021 327 4086; x_wconf 78' lang='lat' dir='ltr'>riosam,</span> <span class='ocrx_word' id='word_1_385' title='bbox 358 4029 531 4094; x_wconf 90' lang='lat' dir='ltr'>quae</span> <span class='ocrx_word' id='word_1_386' title='bbox 561 4031 641 4077; x_wconf 90' lang='lat' dir='ltr'>ne</span> <span class='ocrx_word' id='word_1_387' title='bbox 676 4032 710 4078; x_wconf 92' lang='lat' dir='ltr'>a</span> <span class='ocrx_word' id='word_1_388' title='bbox 738 4011 1023 4080; x_wconf 88' lang='lat' dir='ltr'>Martino</span> <span class='ocrx_word' id='word_1_389' title='bbox 1049 4009 1324 4096; x_wconf 89' lang='lat' dir='ltr'>quidem</span> <span class='ocrx_word' id='word_1_390' title='bbox 1365 4031 1568 4097; x_wconf 91' lang='lat' dir='ltr'>passa</span> <span class='ocrx_word' id='word_1_391' title='bbox 1607 4022 1708 4077; x_wconf 89' lang='lat' dir='ltr'>est</span> <span class='ocrx_word' id='word_1_392' title='bbox 1739 4029 1810 4076; x_wconf 91' lang='lat' dir='ltr'>se</span> <span class='ocrx_word' id='word_1_393' title='bbox 1845 4008 2094 4077; x_wconf 90' lang='lat' dir='ltr'>videril</span> <span class='ocrx_word' id='word_1_394' title='bbox 2135 4012 2185 4077; x_wconf 93' lang='grc' dir='ltr'>Ο</span> <span class='ocrx_word' id='word_1_395' title='bbox 2222 4007 2584 4075; x_wconf 89' lang='lat' dir='ltr'>Martinum</span> 
     </span>
     <span class='ocr_line' id='line_1_43' title="bbox 82 4086 2584 4188; baseline 0.003 -32"><span class='ocrx_word' id='word_1_396' title='bbox 82 4086 351 4175; x_wconf 85' lang='lat' dir='ltr'>beatum,</span> <span class='ocrx_word' id='word_1_397' title='bbox 404 4098 525 4181; x_wconf 92' lang='lat' dir='ltr'>qui</span> <span class='ocrx_word' id='word_1_398' title='bbox 587 4096 773 4166; x_wconf 90' lang='lat' dir='ltr'>illam</span> <span class='ocrx_word' id='word_1_399' title='bbox 841 4100 1188 4188; x_wconf 88' lang='lat' dir='ltr'>repulsam</span> <span class='ocrx_word' id='word_1_400' title='bbox 1250 4119 1383 4165; x_wconf 91' lang='lat' dir='ltr'>non</span> <span class='ocrx_word' id='word_1_401' title='bbox 1430 4097 1514 4165; x_wconf 91' lang='lat' dir='ltr'>ad</span> <span class='ocrx_word' id='word_1_402' title='bbox 1566 4097 2057 4166; x_wconf 89' lang='lat' dir='ltr'>contumeliam</span> <span class='ocrx_word' id='word_1_403' title='bbox 2119 4119 2314 4166; x_wconf 90' lang='lat' dir='ltr'>suam</span> <span class='ocrx_word' id='word_1_404' title='bbox 2367 4095 2584 4172; x_wconf 86' lang='lat' dir='ltr'>duxit,</span> 
     </span>
     <span class='ocr_line' id='line_1_44' title="bbox 83 4178 2585 4275; baseline 0.001 -26"><span class='ocrx_word' id='word_1_405' title='bbox 83 4178 180 4275; x_wconf 66' lang='lat' dir='ltr'>sed</span> <span class='ocrx_word' id='word_1_406' title='bbox 215 4185 665 4272; x_wconf 82' lang='lat' dir='ltr'>magnificans</span> <span class='ocrx_word' id='word_1_407' title='bbox 718 4186 906 4255; x_wconf 91' lang='lat' dir='ltr'>illius</span> <span class='ocrx_word' id='word_1_408' title='bbox 966 4209 1121 4255; x_wconf 87' lang='lat' dir='ltr'>cum</span> <span class='ocrx_word' id='word_1_409' title='bbox 1176 4184 1591 4255; x_wconf 82' lang='lat' dir='ltr'>exultatione</span> <span class='ocrx_word' id='word_1_410' title='bbox 1645 4187 2002 4264; x_wconf 89' lang='lat' dir='ltr'>virtutem,</span> <span class='ocrx_word' id='word_1_411' title='bbox 2058 4185 2464 4253; x_wconf 89' lang='lat' dir='ltr'>inusitatum</span> <span class='ocrx_word' id='word_1_412' title='bbox 2519 4185 2585 4252; x_wconf 93' lang='lat' dir='ltr'>in</span> 
     </span>
     <span class='ocr_line' id='line_1_45' title="bbox 86 4262 2585 4364; baseline 0.004 -33"><span class='ocrx_word' id='word_1_413' title='bbox 86 4262 175 4334; x_wconf 75' lang='lat' dir='ltr'>his</span> <span class='ocrx_word' id='word_1_414' title='bbox 216 4269 562 4341; x_wconf 85' lang='lat' dir='ltr'>dumtaxat</span> <span class='ocrx_word' id='word_1_415' title='bbox 627 4275 1020 4363; x_wconf 88' lang='lat' dir='ltr'>regionibus</span> <span class='ocrx_word' id='word_1_416' title='bbox 1078 4274 1421 4363; x_wconf 89' lang='lat' dir='ltr'>gaudebat</span> <span class='ocrx_word' id='word_1_417' title='bbox 1483 4273 1907 4364; x_wconf 85' lang='lat' dir='ltr'>exempluml</span> <span class='ocrx_word' id='word_1_418' title='bbox 1964 4279 2137 4363; x_wconf 92' lang='lat' dir='ltr'>Ergo</span> <span class='ocrx_word' id='word_1_419' title='bbox 2191 4295 2349 4341; x_wconf 90' lang='lat' dir='ltr'>cum</span> <span class='ocrx_word' id='word_1_420' title='bbox 2403 4272 2585 4343; x_wconf 88' lang='lat' dir='ltr'>haud</span> 
     </span>
     <span class='ocr_line' id='line_1_46' title="bbox 87 4348 2593 4452; baseline 0.002 -30"><span class='ocrx_word' id='word_1_421' title='bbox 87 4348 261 4446; x_wconf 86' lang='lat' dir='ltr'>longe</span> <span class='ocrx_word' id='word_1_422' title='bbox 298 4362 381 4430; x_wconf 92' lang='lat' dir='ltr'>ab</span> <span class='ocrx_word' id='word_1_423' title='bbox 415 4360 531 4429; x_wconf 90' lang='lat' dir='ltr'>illa</span> <span class='ocrx_word' id='word_1_424' title='bbox 558 4360 791 4430; x_wconf 85' lang='lat' dir='ltr'>villula</span> <span class='ocrx_word' id='word_1_425' title='bbox 826 4385 948 4434; x_wconf 91' lang='lat' dir='ltr'>nos</span> <span class='ocrx_word' id='word_1_426' title='bbox 984 4384 1261 4432; x_wconf 89' lang='lat' dir='ltr'>manere</span> <span class='ocrx_word' id='word_1_427' title='bbox 1295 4385 1425 4432; x_wconf 83' lang='lat' dir='ltr'>nox</span> <span class='ocrx_word' id='word_1_428' title='bbox 1459 4364 1834 4433; x_wconf 88' lang='lat' dir='ltr'>imminens</span> <span class='ocrx_word' id='word_1_429' title='bbox 1859 4362 2214 4452; x_wconf 73' lang='lat' dir='ltr'>coegisset,</span> <span class='ocrx_word' id='word_1_430' title='bbox 2254 4361 2532 4429; x_wconf 86' lang='lat' dir='ltr'>xenium</span> <span class='ocrx_word' id='word_1_431' title='bbox 2560 4361 2593 4394; x_wconf 77' lang='lat'>*</span> 
     </span>
    </p>
   </div>
   <div class='ocr_carea' id='block_1_3' title="bbox 132 4478 1175 4539">
    <p class='ocr_par' dir='ltr' id='par_1_4' title="bbox 132 4478 1175 4539">
     <span class='ocr_line' id='line_1_47' title="bbox 132 4478 1175 4539; baseline 0.007 -18"><span class='ocrx_word' id='word_1_432' title='bbox 132 4478 154 4502; x_wconf 74' lang='lat'><strong>⁸</strong></span> <span class='ocrx_word' id='word_1_433' title='bbox 178 4481 323 4523; x_wconf 68' lang='lat' dir='ltr'>Loutia</span> <span class='ocrx_word' id='word_1_434' title='bbox 341 4483 540 4533; x_wconf 68' lang='lat' dir='ltr'>sufficet,</span> <span class='ocrx_word' id='word_1_435' title='bbox 560 4496 644 4527; x_wconf 71' lang='lat' dir='ltr'>seu</span> <span class='ocrx_word' id='word_1_436' title='bbox 662 4490 914 4529; x_wconf 67' lang='lat' dir='ltr'>macnuscutoe</span> <span class='ocrx_word' id='word_1_437' title='bbox 936 4490 1175 4539; x_wconf 70' lang='lat' dir='ltr'>quaedam.</span> 
     </span>
    </p>
   </div>
   <div class='ocr_carea' id='block_1_4' title="bbox 2782 4437 2845 4480">
    <p class='ocr_par' dir='ltr' id='par_1_5' title="bbox 2782 4437 2845 4480">
     <span class='ocr_line' id='line_1_48' title="bbox 2782 4437 2845 4480; baseline 0 -40"><span class='ocrx_word' id='word_1_438' title='bbox 2782 4437 2845 4480; x_wconf 49' lang='lat' dir='ltr'><em>f</em></span> 
     </span>
    </p>
   </div>
  </div>
 </body>
</html>
