2993 4837
511 250 638 312 556
1157 266 1234 311 na
1283 267 1337 311 s.
1393 264 1704 311 Gaaeomo
1753 265 2220 311 mammiaco
2636 216 2912 315 Novlffi

421 349 993 418 abominandum.
1050 354 1216 418 Cum
1259 349 1387 418 hoc
1445 349 1647 418 modo
1704 362 1913 418 totam
1975 362 2240 418 noctem
2297 350 2698 439 peregisset,
2766 369 2903 422 ==·=·.·

420 460 663 507 rursus
692 439 913 527 coepit
946 437 1124 506 ultra
1160 439 1503 527 pron-redi.
1552 444 1716 507 Cum
1754 461 1910 507 vero
1945 438 2264 509 aedituus
2310 461 2511 507 mane
2551 459 2684 506 con
2739 455 2901 502 ··-.=.=···

418 527 871 596 daemonibus
917 525 1180 596 cultum
1225 550 1298 595 ex
1359 528 1666 607 ibuisset,
1721 541 2130 616 apparentes
2163 527 2225 595 ei
2274 526 2681 605 daemone&
2717 525 2905 616 ἁλὶ-ῃ

418 614 817 695 clamantes,
859 637 992 683 non
1045 615 1247 683 licere
1284 617 1384 683 eis
1419 615 1752 704 templum
1792 616 2057 704 ingredi
2091 630 2366 705 propter
2412 639 2609 694 eum,
2663 614 2776 702 qui
2810 619 2913 680 ῐὶ-ἱ.

419 718 784 773 manserat.
827 710 892 773 Is
925 717 1150 773 autem
1188 704 1606 791 quibusdam
1662 705 1952 792 piaculis
2001 717 2225 784 utens,
2269 719 2333 772 et
2365 705 2722 791 quaedam
2762 733 2850 766 m
2885 713 2915 770 ἓ

415 792 573 861 ficia
603 793 962 874 adhibens,
1002 815 1120 882 per
1156 816 1233 861 ea
1274 794 1656 862 conabatur
1687 792 2058 862 daemones
2111 816 2352 863 rursus
2406 796 2472 861 in
2517 790 2779 882 templo
2824 821 2873 851 με·

418 881 662 953 locare.
718 887 1081 968 Postquam
1144 895 1371 951 autem
1435 904 1515 950 eo
1569 882 1738 949 nihil
1797 904 1928 950 non
1973 883 2385 969 experiente,
2438 895 2596 951 erat
2659 881 2723 949 ei
2773 880 2811 949 l
2844 891 2917 938 --ιὲ

418 970 677 1049 irritu8‚
743 993 900 1040 cum
968 971 1336 1039 daemones
1387 992 1521 1039 non
1586 970 1888 1058 amplius
1954 994 2074 1059 pro
2141 992 2326 1039 more
2364 971 2784 1040 exaudirent
2822 997 2909 1054 ·ιε,

422 1060 863 1138 vocationem,
903 1072 1064 1129 tunc
1101 1060 1201 1128 ira
1232 1060 1531 1148 percitus
1561 1059 1879 1127 aedituus
1905 1082 2231 1148 magnum
2263 1059 2464 1128 illum
2500 1061 2738 1128 virum
2764 1079 2824 1127 o

417 1147 539 1228 dit,
586 1149 910 1217 omnesin
949 1171 1105 1217 eum
1141 1149 1362 1216 minas
1397 1161 1629 1236 aperte
1659 1148 2028 1223 intentans,
2082 1170 2154 1216 se
2186 1161 2249 1216 et
2278 1171 2437 1217 eum
2474 1149 2567 1216 ad
2616 1149 2830 1235 marg*⁸
2864 1183 2877 1204 r

422 1251 531 1306 tus
557 1236 975 1318 delaturum,
1003 1250 1066 1305 et
1096 1259 1345 1305 manus
1374 1238 1434 1305 ei
1462 1235 1840 1313 illaturum,
1869 1249 1933 1304 et
1966 1237 2190 1305 audax
2209 1237 2358 1325 ejus
2385 1250 2726 1327 coeptum
2757 1239 2891 1318 lm,

420 1326 762 1395 ratoribus
800 1348 949 1395 esse
998 1325 1596 1425 significaturum:
1651 1325 1831 1412 quod
1869 1348 2027 1393 cum
2057 1326 2720 1403 essetchristianuS,
2752 1334 2873 1393 et

419 1415 746 1482 inimicus
780 1436 993 1483 ausus
1034 1427 1121 1483 stt
1154 1414 1485 1503 templum
1526 1414 1828 1503 ingredi,
1881 1416 2083 1503 cujus
2134 1415 2529 1503 ingressum
2585 1436 2748 1482 esse
2788 1430 2822 1480 a
2856 1429 2866 1482 j·

419 1516 659 1583 satam,
691 1525 867 1588 quae
897 1505 960 1571 in
988 1504 1201 1571 sacris
1233 1516 1578 1590 operatur,
1610 1516 2029 1591 potestatem,
2065 1526 2186 1572 nec
2214 1504 2524 1591 amplius
2562 1504 2636 1571 in
2675 1503 2776 1570 eis
2805 1500 2873 1568 l·³

421 1591 752 1671 habitare,
810 1604 885 1660 ut
924 1592 1204 1670 solebat,
1244 1592 1661 1659 divinantem
1706 1591 2119 1659 daemonum
2158 1594 2666 1680 operationem.
2718 1595 2891 1659 Cum

419 1692 645 1748 autem
687 1682 1115 1749 temerariam
1152 1693 1216 1748 et
1249 1680 1651 1748 insolentem
1690 1680 1946 1749 aeditui
2001 1681 2173 1748 iram
2224 1681 2475 1749 eximia
2531 1677 2903 1770 repressi
2939 1674 2940 1741 l

424 1769 810 1856 prudentia,
850 1782 913 1837 et
951 1769 1383 1859 opposuisset
1415 1768 1742 1837 omnibus
1774 1769 1925 1856 ejus
1956 1769 2163 1836 minis
2190 1792 2424 1853 verum
2461 1772 2580 1838 Dei
2604 1767 2897 1865 auxilif

417 1870 481 1925 et
510 1858 786 1936 diceret,
827 1881 897 1925 se
934 1858 999 1925 in
1025 1859 1200 1944 ejus,
1238 1859 1357 1943 qui
1396 1880 1516 1947 pro
1542 1880 1621 1926 eo
1659 1871 2014 1947 pugnaret,
2057 1858 2317 1927 viribus
2342 1872 2610 1927 tantam
2655 1879 2802 1946 pos

418 1945 774 2027 fiduciam,
829 1960 905 2015 ut
951 1959 1345 2035 potestatem
1385 1947 1629 2015 habeat
1674 1945 2058 2035 expellendi
2091 1946 2489 2026 daemones,
2550 1946 2748 2016 unde
2779 1940 2873 2010 veli

418 2047 483 2103 et
516 2056 631 2105 eos
663 2035 1044 2104 collocandi
1105 2036 1171 2102 in
1214 2036 1470 2121 quibus
1551 2034 1708 2103 velit
1744 2036 1932 2115 loeis,
2001 2049 2066 2103 et
2104 2035 2485 2124 pollicetur,
2531 2059 2605 2106 se
2647 2058 2750 2114 ea,
2794 2063 2806 2090 ο
2864 2053 2911 2084 --ἐ

422 2123 700 2205 diceret,
734 2124 878 2211 jam
912 2147 1059 2193 esse
1090 2123 1749 2192 demonstraturum.
1787 2124 2179 2192 Admiratus
2204 2125 2550 2205 aedituuS,
2597 2137 2668 2193 et
2704 2145 2788 2190 m

425 2213 664 2281 tudine
704 2214 1055 2301 potestatis
1087 2212 1626 2301 obstupefactuS,
1672 2213 1931 2301 rogavit
1968 2224 2039 2281 ut
2072 2212 2140 2279 in
2175 2214 2279 2282 his
2309 2213 2480 2302 ipsis
2510 2235 2717 2282 suam
2741 2222 2908 2279 osten·

423 2301 609 2370 deret
647 2315 1065 2390 potestatem,
1105 2314 1169 2370 et
1208 2323 1449 2370 rursus
1490 2301 1558 2368 in
1603 2302 1936 2391 templum
1987 2301 2337 2370 reduceret
2369 2298 2906 2370 daemoniacum

424 2395 712 2480 Magnus
748 2403 971 2459 autem
1015 2390 1131 2459 ille
1170 2391 1335 2459 haec
1377 2390 1705 2470 audisset,
1780 2391 1965 2480 rupit
2015 2390 2282 2459 brevem
2340 2391 2700 2477 quandam
2751 2376 2908 2456 tiheffi

424 2479 860 2578 particulam,
928 2494 989 2548 et
1024 2502 1171 2550 earn
1216 2479 1404 2547 dedit
1458 2480 1758 2558 aedituO,
1821 2480 1885 2547 in
1936 2502 2010 2547 ea
2055 2481 2392 2567 impressa
2447 2480 2754 2566 quadam
2810 2502 2895 2535 ι

427 2582 803 2654 imperante
837 2568 1315 2637 daemonibus.
1370 2573 1550 2637 Haec
1584 2580 1810 2636 autem
1866 2569 2064 2637 verba
2115 2567 2506 2636 continebat
2568 2570 2941 2655 scriptura-

424 2679 460 2721 «
487 2657 855 2744 Gregorius
896 2670 1208 2726 satanae:
1255 2656 1644 2757 Ingredere.
1682 2679 1717 2723 »
1770 2660 1933 2725 Cum
1973 2672 2198 2725 autem
2234 2658 2613 2747 accepisset
2645 2654 2941 2726 aedituss'.

424 2744 761 2825 libellum,
815 2745 1009 2813 altari
1062 2747 1412 2834 imposuit.
1473 2745 1725 2813 Deinde
1759 2768 1914 2813 cum
1949 2748 2009 2814 ei
2042 2758 2402 2814 consuetos
2436 2746 2790 2815 obtulisset
2827 2757 2896 2805 nt·

424 2831 624 2900 dores
671 2847 737 2902 et
777 2833 1322 2921 inquinamenta,
1371 2857 1613 2903 rursus
1649 2832 1824 2901 videt
1864 2855 1965 2913 ea,
2019 2857 2192 2921 quae
2230 2835 2421 2923 prius
2449 2835 2729 2912 viderat,
2763 2839 2898 2899 ante*
2937 2835 2941 2952 l

422 2942 632 3006 quam
672 2945 709 2990 a
752 2923 1003 3011 templo
1055 2935 1280 2992 essent
1339 2923 1766 2991 exterminati
1824 2923 2215 3000 daemones.
2277 2928 2441 2991 Cum
2513 2924 2682 2993 haec
2728 2931 2898 3012 autem

422 3008 597 3078 facta
633 3025 880 3091 essent,
921 3014 1141 3101 coepit
1174 3012 1471 3100 cogitare
1528 3010 1834 3078 divinam
1869 3012 2218 3097 quandam
2261 3024 2660 3101 potestatem
2694 3031 2821 3078 esse
2847 3019 2894 3070 10
2939 3045 2941 3084 ι

425 3102 770 3188 GregoriO,
800 3123 918 3188 per
940 3123 1148 3187 quam
1178 3101 1365 3168 visus
1389 3113 1533 3168 erat
1553 3122 1701 3168 esse
1728 3102 2064 3189 potentior
2090 3101 2571 3171 daemonibus.
2608 3107 2761 3168 Cum
2785 3109 2896 3162 eum

424 3210 587 3278 ergo
623 3212 864 3259 rursus
921 3212 1170 3280 magno
1218 3203 1392 3257 esset
1442 3188 1671 3257 studio
1719 3203 2155 3268 consecutus,
2216 3189 2622 3277 priusquam
2669 3184 2897 3256 venisset
2937 3233 2940 3264 ‹

423 3277 493 3345 in
524 3278 888 3356 civitatem,
930 3279 1190 3378 rogavit
1222 3291 1295 3346 ut
1323 3278 1407 3346 ab
1437 3298 1516 3345 eo
1548 3276 1838 3346 disceret
1869 3279 2296 3355 mvsterium,
2335 3292 2400 3345 et
2425 3278 2743 3364 quisnam
2770 3275 2896 3340 esset

425 3366 539 3434 ille
572 3372 769 3446 DeuS,
817 3368 933 3453 qui
985 3369 1113 3436 s1bi
1174 3367 1551 3456 subjectam
1612 3366 1890 3435 haberet
1921 3349 2334 3434 daemonum
2388 3380 2731 3435 naturam.
2776 3364 2893 3452 Cum

425 3468 649 3523 autem
699 3457 936 3544 paucis
969 3458 1030 3524 ei
1070 3456 1352 3524 dixisset
1401 3460 1689 3543 Magnus
1738 3454 1852 3522 ille
1904 3456 2305 3544 mysterium
2364 3455 2663 3543 pietatis,
2697 3456 2772 3522 ita
2805 3445 2894 3548 lupi

425 3544 708 3612 affectus
743 3545 1084 3624 aedituus,
1123 3560 1197 3613 ut
1235 3558 1334 3612 est
1383 3543 1754 3611 verisimile
1808 3566 1966 3612 eum
2005 3544 2209 3623 affici,
2276 3544 2396 3628 qui
2457 3546 2663 3613 rebus
2706 3542 2890 3610 divitus

427 3632 760 3714 initiatuS,
800 3647 865 3701 et
917 3635 1239 3721 opinatus
1269 3645 1371 3701 est
1404 3654 1545 3699 rem
1602 3654 1749 3699 esse
1783 3632 2087 3701 viliorem
2123 3647 2188 3701 et
2216 3631 2683 3720 abjectiorem,
2735 3641 2880 3718 quatn

424 3734 498 3790 ut
528 3723 1034 3791 existimaretur
1090 3727 1264 3790 Deus
1306 3743 1426 3810 per
1457 3742 1734 3788 carnem
1786 3721 2167 3790 humanam
2201 3723 2635 3809 apparuisse.
2684 3725 2818 3788 Cum
2851 3725 2886 3774 ¹5

424 3824 647 3880 autem
692 3811 975 3880 dixisset
1030 3811 1178 3899 ejus
1221 3812 1314 3879 rei
1356 3810 1560 3878 fidem
1626 3831 1759 3878 non
1817 3810 2214 3878 confirmari
2277 3810 2522 3888 verbis,
2574 3809 2684 3880 sed
2716 3815 2882 3894 eorutss
2939 3833 2940 3840 ¹

421 3921 597 3985 quae
638 3901 888 3978 sciunt,
933 3901 1202 3986 probari
1245 3898 1624 3978 miraculis,
1670 3898 1988 3968 aedituus
2023 3897 2251 3966 adhuc
2281 3920 2360 3966 ex
2390 3920 2468 3966 eo
2505 3897 2776 3985 quaesiit
2804 3905 2884 3980 ¹1¹¹ss

424 3989 767 4057 raculum.
826 3989 1079 4057 Deinde
1129 4011 1248 4075 per
1290 3988 1381 4067 id,
1418 3987 1600 4073 quod
1643 3986 1898 4055 factum
1950 4000 2070 4067 est,
2117 3986 2461 4057 adductus
2495 4001 2617 4068 est,
2676 4001 2739 4054 ut
2777 3975 2878 4050 fidel

424 4073 894 4147 assentiretur.
935 4082 1080 4160 Quo
1117 4091 1419 4164 tempore
1459 4076 1715 4144 dicitur
1764 4081 2052 4164 Magnus
2100 4074 2218 4143 ille
2256 4075 2499 4144 iecisse
2550 4068 2874 4144 miraculum

426 4169 739 4235 omnium
793 4167 1080 4236 minime
1127 4165 1478 4235 credibile.
2842 4236 2852 4247 ,

514 4262 551 4332 ἓ
586 4261 741 4325 10.
797 4260 961 4323 Nam
1005 4278 1162 4323 cum
1211 4255 1582 4340 requireret
1611 4252 1930 4322 aedituus
1990 4255 2332 4343 ingentem
2385 4251 2708 4339 quendam
2758 4246 2872 4333 lapi:

429 4337 610 4418 dem,
646 4343 766 4426 qui
799 4364 1034 4410 eorum
1093 4343 1310 4412 oculis
1346 4363 1418 4411 se
1479 4341 1750 4421 obtulit,
1829 4365 2041 4412 manu
2084 4356 2310 4410 autem
2356 4343 2651 4410 humana
2689 4344 2869 4404 morer!

2936 4408 2940 4483 l

2937 2250 2940 2339 l
