2993 4837
58 328 209 394 NOV.
262 327 378 391 2¹.
845 346 922 390 nc
972 344 1024 390 s.
1082 344 1454 392 commemo
1504 346 1744 391 Annam
2350 329 2467 394 62⁴

56 428 280 500 Gallica
342 439 692 517 expetere,
747 441 812 497 et
854 450 1076 498 mores
1129 429 1484 498 hominum
1559 440 1876 498 accurate
1926 429 2297 520 indagare:
2352 443 2439 509 et,
2504 429 2564 498 si

55 540 187 607 spes
231 517 557 618 affulgeat
580 516 951 586 salutisilli
982 517 1390 596 afferendae,
1445 517 1819 604 aliquantis
1871 539 1946 587 er
1984 518 2168 609 apud
2200 517 2355 588 illos
2381 539 2566 587 com-

54 608 322 676 morari:
378 628 481 676 sm
532 605 906 675 obduratas
954 606 1384 696 arrogantiae
1430 605 1727 696 caligine
1799 540 2078 677 illorum
2152 620 2413 677 mentes
2462 627 2565 674 re-

54 697 317 784 periant,
362 695 444 764 ad
485 694 743 763 vicinas
776 694 1085 764 nationes
1131 695 1615 784 commigrare.

119 787 153 870 ξ
196 789 280 856 4.
332 788 383 853 Α
430 784 839 852 Britannicis
886 805 1049 873 ergo
1096 782 1357 854 finibus
1407 783 1770 874 progressi,
1826 782 1909 851 ad
1942 781 2199 853 Gallias
2230 783 2562 852 tendunt:

49 873 150 940 ubi
182 885 343 941 tunc
390 872 492 941 vel
542 872 626 942 ob
672 871 1059 959 frequentes
1111 871 1389 941 hostiles
1439 872 1784 949 incursus,
1845 870 1942 939 vel
2000 872 2397 961 praesulum
2454 893 2570 941 ne-

51 960 455 1049 gligentiam,
495 959 849 1051 religionis
883 961 1098 1031 virtus
1135 978 1305 1050 pene
1335 959 1588 1030 abolita
1624 960 2006 1037 videbatur.
2060 965 2350 1029 Tantum
2380 961 2570 1029 Chri-

51 1050 245 1118 stiana
294 1049 466 1119 fides
515 1049 991 1139 permanebat:
1049 1049 1505 1138 poenitentiae
1554 1047 2059 1123 medicamenta
2090 1061 2156 1117 et
2188 1048 2564 1119 mortifica-

52 1137 234 1207 tionis
275 1138 584 1207 studium
635 1137 744 1206 vix
795 1138 1033 1229 paucis
1088 1139 1157 1207 in
1211 1137 1380 1207 locis
1430 1137 1971 1226 reperiebantur.
2039 1137 2290 1226 Agebat
2337 1137 2568 1225 itaque

55 1226 460 1296 venerandus
516 1227 648 1308 vir,
699 1239 775 1296 ut
828 1225 911 1295 ad
954 1247 1433 1314 quaecumque
1484 1226 2007 1317 progrederetur
2060 1225 2231 1306 loca,
2284 1227 2567 1296 verbum

62 1316 514 1406 Evangelicum
567 1316 1044 1384 annunciaret.
1120 1314 1336 1402 quue.
1403 1336 1570 1384 sane
1637 1328 1908 1405 gratum
1976 1314 2300 1385 omnibus
2356 1327 2560 1398 erat,

62 1404 286 1494 quippe
316 1415 383 1473 et
431 1403 755 1473 facundia
798 1404 1174 1475 instructus
1204 1415 1370 1483 erat,
1426 1415 1491 1473 et
1528 1426 1629 1481 ea,
1686 1425 1862 1491 quae
1910 1424 2034 1492 pro
2081 1404 2411 1474 concione
2460 1403 2567 1473 di-

56 1492 246 1573 cebat,
294 1493 624 1562 virtutum
668 1492 1000 1583 exemplis
1045 1492 1521 1562 confirmabat.
1576 1498 1787 1561 Tanta
1834 1506 2061 1562 autem
2116 1492 2183 1561 in
2236 1492 2374 1561 illis
2435 1493 2567 1563 bu·

58 1581 339 1652 militatis
379 1581 598 1670 gratia
636 1581 876 1661 inerat,
929 1593 1007 1651 ut
1034 1580 1618 1668 quemadmodum
1664 1580 1980 1651 homines
2022 1581 2279 1650 mundo
2318 1581 2558 1664 dediti,

56 1669 122 1735 ad
169 1670 458 1740 honores
510 1682 574 1739 et
620 1668 990 1760 dignitates
1044 1670 1452 1758 adspirant,
1507 1670 1607 1740 sic
1654 1669 1759 1739 illi
1805 1670 1984 1739 inter
2031 1691 2101 1740 se
2150 1669 2569 1741 humilitatis

56 1758 221 1828 cultu
272 1772 335 1828 et
394 1759 874 1828 exercitatione
937 1758 1053 1827 alii
1095 1757 1267 1826 alios
1306 1771 1723 1827 antevertere
1773 1759 2175 1839 niterentur,
2232 1781 2570 1829 memores

56 1850 398 1917 sententiae
433 1847 643 1917 illius:
685 1850 898 1930 Quise
914 1848 1258 1925 humiliat,
1289 1848 1714 1915 emaltabz'tur
1743 1848 2017 1931 (March.
2051 1846 2263 1935 xx111);
2294 1859 2357 1915 et
2380 1849 2564 1935 quod

57 1937 240 2005 lsaias
276 1938 415 2005 ait:
469 1937 572 2005 Ad
617 1959 811 2027 quem
858 1937 1238 2026 respiciam,
1290 1936 1428 2004 nisi
1477 1937 1567 2004 ad
1617 1936 1964 2015 humilem,
2019 1946 2080 2003 et
2128 1938 2451 2027 quietum,
2507 1949 2568 2006 ec

60 2035 407 2095 trementem
449 2047 776 2094 sermones
822 2047 998 2093 meos
1037 2028 1210 2109 (lsa.
1267 2024 1421 2111 66)‘?
1467 2029 1677 2093 Tanta
1725 2024 1960 2112 pietaS,
2015 2034 2198 2092 tanta
2264 2024 2570 2095 charitas

62 2115 267 2182 eratin
303 2114 658 2191 omnibus,
705 2125 781 2182 ut
810 2134 1030 2181 unum
1075 2111 1214 2181 illis
1239 2125 1414 2181 esset
1447 2125 1513 2181 et
1553 2112 1719 2180 velle
1767 2125 1831 2181 et
1874 2108 2075 2181 nolle.
2131 2112 2454 2182 Modestia
2507 2127 2572 2183 et

68 2202 380 2283 sobrietaS‚
428 2200 886 2271 mansuetudo
921 2216 982 2269 et
1033 2201 1276 2269 lenitas
1309 2201 1375 2268 in
1413 2201 1682 2270 cunctis
1713 2202 2192 2270 cernebantur.
2228 2202 2570 2271 Desidiam

72 2302 123 2355 et
160 2290 557 2362 discordiam
605 2292 857 2378 pariter
903 2289 1433 2369 execrabantur;
1500 2291 1930 2380 arrogantiae
1978 2305 2042 2359 et
2087 2288 2404 2360 elationis
2452 2313 2572 2360 su·-

72 2380 387 2465 percilium
444 2379 641 2450 duris
689 2380 1216 2449 castioationum
1253 2378 1506 2448 ictibus
1552 2377 1943 2448 feriebatur.
1989 2384 2094 2448 Ira
2145 2391 2347 2465 atque
2402 2378 2574 2450 livor

68 2470 256 2556 sagaci
308 2469 689 2538 intentione
747 2435 1197 2558 pellebantur.
1253 2473 1464 2537 Tanta
1517 2469 1879 2559 patientiae
1920 2469 2174 2548 virtuS,
2218 2468 2573 2540 charitatis

64 2557 361 2639 studium,
424 2557 727 2626 lenitatis
775 2556 1003 2626 cultus
1050 2557 1148 2626 eis
1196 2556 1451 2637 aderat,
1506 2570 1582 2627 ut
1633 2557 1862 2626 mitem
1917 2557 2281 2626 Dominum
2338 2557 2571 2627 Jesum
2615 2579 2618 2582 “

68 2643 120 2709 in
179 2647 398 2716 medio
455 2645 729 2718 illorum
787 2645 1094 2715 babitare
1142 2645 1401 2735 ambigi
1455 2666 1588 2714 non
1655 2657 1904 2735 posset.
1959 2646 2148 2729 Quod
2192 2646 2247 2715 si
2298 2646 2458 2733 quis
2501 2647 2570 2715 in

62 2734 192 2801 vitia
225 2735 563 2805 contraria
602 2734 963 2824 prolapsus
987 2746 1186 2815 esset,
1219 2732 1425 2803 simul
1467 2756 1709 2805 omnes
1748 2734 1893 2824 pari
1922 2735 2084 2835 jure
2112 2734 2572 2825 negligentem

62 2823 376 2913 corrigere
419 2823 894 2893 studebantur.
950 2822 1351 2892 Communia
1385 2822 1711 2892 omnibus
1748 2845 1980 2892 omma
2019 2836 2234 2893 erant.
2277 2826 2344 2892 Si
2383 2824 2576 2911 quis-

67 2911 222 2996 piam
256 2912 610 3002 proprium
643 2911 903 2999 aliquid
939 2932 1280 3000 usurpare
1309 2922 1655 2992 tentasset,
1702 2933 1738 2979 a
1771 2923 2190 2998 caeterorum
2235 2914 2577 2983 consortio

63 3014 457 3088 segregatim,
514 3000 930 3090 poenitentia
985 2999 1054 3067 id
1103 3000 1379 3088 expiare
1434 2999 1827 3089 cogebatur.
1881 3005 2111 3069 Nemo,
2154 3023 2369 3072 ausus
2419 3000 2571 3082 suit,

61 3087 105 3153 si
145 3087 360 3159 laesus
401 3101 579 3159 esset
617 3111 654 3157 a
695 3088 1027 3178 proximo,
1096 3109 1221 3178 par
1272 3088 1419 3178 pari
1471 3089 1741 3168 referre,
1791 3109 1994 3157 nemo
2041 3111 2364 3178 asperum
2418 3112 2571 3179 pro·

61 3172 209 3246 serre
246 3199 677 3256 sermonem3
731 3179 823 3245 ita
873 3189 948 3245 ut
988 3177 1163 3246 inter
1193 3176 1509 3245 homines
1557 3176 1714 3246 illos
1776 3175 1979 3265 plane
2027 3176 2418 3267 Angelicam
2462 3179 2573 3268 agi

62 3265 243 3334 vitam
279 3288 615 3336 cerneres.
672 3267 971 3352 Denique
1018 3276 1153 3333 tam
1197 3264 1282 3332 ad
1318 3286 1558 3335 omnes
1599 3265 1943 3355 gratiosus
1982 3279 2125 3335 erat
2177 3264 2418 3336 beatus
2455 3271 2577 3335 Co-

64 3350 439 3435 lumbanuS,
474 3366 552 3424 ut
592 3355 658 3422 in
709 3374 1314 3442 quorumcumque
1362 3353 1689 3423 domibus
1725 3353 2226 3443 aliquantisper
2272 3376 2578 3425 commo-

65 3455 325 3524 raretur,
378 3443 690 3513 omnium
742 3443 1012 3512 animos
1060 3441 1142 3511 ad
1197 3441 1550 3531 religionis
1602 3442 1904 3512 studium
1945 3442 2432 3512 inflammaret.

138 3537 173 3610 ἓ
216 3538 301 3603 5.
356 3534 663 3602 Pervenit
695 3532 869 3600 inter
920 3531 1083 3600 baec
1134 3529 1311 3600 fama
1363 3532 1540 3601 beati
1591 3531 1719 3600 viri
1769 3531 1838 3598 in
1889 3530 2116 3600 aulam
2163 3532 2494 3622 Sigeberti
2543 3532 2577 3566 ⁴*

65 3619 269 3705 RegiS,
321 3624 436 3708 qui
499 3619 614 3689 illo
664 3631 967 3709 tempore
1014 3619 1288 3689 duobus
1345 3619 1577 3708 regnis
1625 3620 2224 3689 Austrasianorum
2285 3633 2350 3689 et
2410 3625 2580 3690 Bur-

66 3708 476 3792 gundionum
520 3708 821 3798 inclytus
852 3763 867 3788 ,
912 3708 1095 3797 apud
1160 3713 1456 3777 Francos
1509 3729 1732 3777 rerum
1796 3707 2181 3799 potiebatur
2211 3762 2226 3789 ,
2280 3731 2575 3796 quorum

69 3815 211 3880 prae
242 3797 522 3866 caeteris
548 3798 921 3867 Galliarum
962 3796 1236 3886 populis
1262 3797 1589 3866 eximium
1631 3818 1875 3865 nomen
1907 3796 2220 3867 habetur.
2253 3798 2343 3867 Ad
2373 3820 2576 3885 quem

67 3903 204 3951 cum
239 3886 339 3955 vir
357 3899 634 3957 sanctus
660 3907 817 3956 cum
857 3887 1003 3954 suis
1022 3886 1445 3966 accessisset,
1488 3897 1725 3973 gratus
1755 3886 1914 3976 Regi
1947 3885 2280 3955 etaulicis
2300 3888 2580 3957 effectus

67 3984 154 4067 est
187 3974 270 4044 ob
308 3975 618 4064 egregiae
662 3974 1015 4044 doctrinae
1062 3974 1358 4063 copiam.
1434 3973 1733 4042 Tandem
1789 3980 1924 4043 Rex
1972 3974 2059 4043 ab
2106 3996 2185 4044 eo
2235 3976 2451 4066 petiit,
2507 3989 2582 4045 ut

69 4072 225 4130 intra
296 4062 667 4132 Galliarum
743 4064 1071 4132 terminos
1141 4061 1519 4142 resideret,
1591 4083 1715 4131 nec
1777 4084 1849 4131 se
1915 4084 2213 4150 suosque
2275 4065 2360 4133 ad
2412 4064 2583 4134 alios

69 4151 564 4242 commigrando
593 4152 1037 4238 relinqueret3
1090 4149 1418 4237 quicquid
1464 4149 1779 4220 voluntas
1811 4152 2032 4241 ipsius
2058 4165 2471 4242 exposceret,
2511 4152 2579 4222 id

72 4254 133 4301 se
162 4241 637 4325 praestiturum
690 4241 1068 4309 affirmans.
1116 4238 1237 4308 Ille
1286 4260 1440 4307 vero
1488 4239 1584 4308 ait
1634 4240 1715 4308 ad
1772 4246 2020 4331 Regem
2081 4262 2216 4311 non
2281 4265 2356 4312 se
2419 4242 2584 4312 alie-

73 4342 183 4394 nas
219 4328 589 4398 consectari
645 4351 831 4420 opeS,
886 4328 1000 4400 sed
1054 4326 1499 4417 Evangelicae
1547 4327 1920 4411 doctrinae,
1973 4344 2307 4417 quantum
2355 4332 2585 4402 carnis

120 4448 139 4469 '¹
164 4450 306 4502 nujus
326 4455 526 4496 nominis
543 4456 794 4499 secundun.
817 4459 947 4497 Anno
968 4458 1045 4497 635
1066 4456 1116 4496 in
1138 4456 1285 4497 vitam
1304 4455 1550 4514 {aerenu-
1570 4458 1665 4502 eim
1686 4457 1890 4499 decessit
1911 4468 2030 4498 suno
2049 4460 2140 4500 676.
