2993 4837
45 338 200 402 ΜΝ.
256 339 337 403 lo
886 359 962 405 nn
1010 358 1066 405 s.
1117 358 1370 405 Annam
1414 358 1723 405 Aventino
2351 345 2478 410 389

48 440 508 530 martyrologio
568 442 628 510 le
687 456 919 522 untur,
973 443 1098 511 rite
1144 442 1675 511 adnumeratum
1727 444 2101 533 apostolica
2164 446 2565 515 auctoritate

44 530 256 609 extitit,
315 553 395 600 ac
448 465 771 621 patribus
819 532 1167 600 Theatinis
1221 533 1654 688 ¹permissum
1706 545 1783 601 ut
1831 534 2146 622 proprias
2192 534 2277 603 de
2325 534 2563 603 eodem

43 620 210 688 beato
240 619 506 687 Andrea
565 619 913 700 lectiones,
966 642 1003 689 a
1054 641 1218 710 prae
1247 633 1356 689 ata
1404 622 1686 689 Rituum
1725 624 2281 712 congregatione,
2328 623 2565 693 audito

41 707 175 776 fidei
227 721 645 796 promotore,
699 708 1136 797 approbataS,
1183 709 1251 778 in
1280 710 1585 778 secundo
1633 723 1971 779 nocturno
2004 712 2280 800 publice
2329 713 2567 781 recita—

43 810 190 864 rent.
248 798 426 866 Datis
480 812 718 887 postea
753 798 996 867 litteris
1034 798 1614 867 remissorialibus
1654 820 1732 867 ac
1769 799 2443 887 compulsorialibu5‚
2488 813 2563 869 ut

41 906 127 963 ea,
173 908 345 972 quae
399 899 555 974 post
587 886 1159 956 beatificationem
1193 886 1594 973 hujusmodi
1628 888 2039 969 acciderant,
2084 889 2558 978 probarentur,

41 975 185 1041 varii
235 974 316 1043 de
352 994 531 1044 novo
568 976 860 1044 diversis
909 976 976 1042 in
1031 975 1198 1044 locis
1236 976 1488 1043 conditi
1523 975 1803 1045 fuerunt
1836 998 2221 1066 processus,
2266 999 2558 1064 quorum

43 1078 244 1150 postea
277 1064 602 1133 discussa
652 1077 717 1133 et
764 1064 1047 1153 probata
1096 1063 1225 1132 fuit
1273 1063 1617 1140 validitas,
1670 1077 1736 1134 et
1780 1086 1859 1133 ex
1905 1080 2054 1135 octo
2100 1089 2140 1134 a
2191 1067 2563 1156 postulato·

43 1153 211 1220 ribus
259 1153 322 1220 in
375 1153 923 1243 congregatione
954 1174 1184 1222 coram
1239 1154 1434 1223 nobis
1485 1153 1717 1222 habita
1760 1155 2125 1244 propositis
2177 1154 2554 1234 miraculis,

50 1241 317 1320 tertium,
369 1256 706 1327 quartum
757 1255 821 1310 et
869 1254 1129 1310 sextum
1172 1242 1368 1328 plene
1415 1242 1789 1329 approbata
1842 1241 2142 1312 fuerunt.

118 1331 148 1413 Q
192 1333 320 1402 18.
375 1331 683 1399 Tertium
734 1343 959 1399 autem
998 1330 1129 1399 fuit
1175 1332 1432 1399 sanitas
1476 1331 1733 1399 Jacobo
1762 1332 1994 1401 Giovio
2026 1332 2090 1399 in
2147 1332 2422 1399 instanti
2456 1353 2559 1400 re-

53 1418 274 1486 stituta.
313 1419 442 1488 Hic
491 1420 681 1488 enim
727 1432 1005 1488 attracta
1037 1432 1100 1487 et
1146 1420 1478 1488 exsiccata
1533 1441 1891 1490 nervorum
1960 1442 2289 1510 compage
2340 1423 2405 1488 in
2458 1419 2564 1487 di·

51 1507 232 1575 midia
265 1508 611 1597 superiori
662 1509 968 1598 corporis
1019 1520 1207 1596 parte
1251 1507 1454 1577 vitale
1493 1508 1796 1577 officium
1852 1510 2135 1579 minime
2173 1509 2564 1599 expeditum

53 1593 311 1666 habebat
357 1603 698 1679 Quartum
735 1596 864 1665 fuit
908 1597 1335 1665 instantanea
1386 1598 1544 1665 item
1595 1599 1856 1666 curatio
1903 1599 2189 1666 Joannis
2228 1599 2567 1686 Baptistae

52 1686 264 1753 Corizzi
299 1708 336 1753 a
379 1686 597 1754 nimis
631 1685 763 1754 alte
809 1686 1017 1773 capiti
1068 1686 1325 1754 inflicto
1373 1686 1676 1766 vulnere,
1735 1711 1815 1753 ne
1862 1686 2094 1755 relicto
2140 1687 2418 1773 quidem
2457 1685 2561 1753 vel

55 1773 308 1841 minimo
355 1774 706 1844 cicatricis
774 1774 1078 1863 vestigio.
1135 1778 1407 1842 Sextum
1459 1775 1756 1860 denique
1810 1774 1940 1843 fuit
2000 1776 2340 1864 Scipionis
2388 1774 2567 1842 Arlei

61 1860 454 1933 instantanea
485 1863 744 1950 pariter
772 1864 1058 1943 sanatio;
1095 1862 1430 1949 siquidem
1465 1862 1674 1951 hujus
1705 1864 1997 1951 graviter
2029 1875 2309 1933 contusa
2350 1863 2560 1943 fronS,

61 1969 122 2015 ac
166 1950 433 2032 laxatae,
467 1972 650 2038 quae
686 1974 804 2039 per
836 1950 1089 2020 collum
1122 1953 1606 2031 extenduntur,
1642 1951 2009 2029 vertebrae,
2058 1952 2241 2020 illico
2289 1952 2567 2020 fuerunt

65 2039 346 2123 pristinae
398 2040 774 2129 integritati
812 2042 1180 2108 restitutae.
1213 2041 1330 2108 His
1357 2042 1584 2127 itaque
1622 2039 1862 2108 ordine
1887 2061 2013 2108 suo
2051 2042 2361 2129 peractiS,
2410 2062 2558 2119 nOS,

65 2124 234 2197 dilato
280 2151 397 2217 per
447 2130 515 2197 id
571 2130 897 2217 temporis
936 2128 1201 2217 judicio
1254 2143 1505 2206 nostro,
1561 2142 1636 2197 ut
1688 2129 2011 2217 precibus
2063 2128 2145 2197 ad
2216 2135 2421 2198 Deum
2478 2127 2562 2196 de

69 2232 217 2285 more
260 2217 698 2309 porrigendis
734 2219 799 2285 in
853 2239 922 2286 re
966 2232 1099 2285 tam
1137 2219 1327 2307 gravi
1358 2240 1631 2287 summe
1681 2217 2086 2288 necessariis
2141 2218 2208 2285 in
2261 2229 2567 2287 anteces-

75 2321 190 2369 sum
240 2329 685 2383 vacaremus,
742 2305 1176 2393 postmodum
1229 2306 1339 2374 die
1399 2329 1522 2375 xxv
1575 2306 1732 2393 maji
1784 2311 1942 2375 anni
1994 2327 2221 2375 unceiv
2270 2304 2570 2396 praefata

76 2389 168 2459 tria
212 2394 536 2466 miracula
591 2396 988 2465 auctoritate
1038 2407 1267 2464 nostra
1317 2395 1683 2485 apostolica
1734 2396 2357 2485 comprobavimus,

139 2483 168 2566 ἓ
207 2490 348 2556 19.
395 2486 719 2571 Denique,
785 2507 939 2553 cum
993 2484 1104 2553 die
1149 2507 1304 2553 xvni
1340 2485 1730 2554 novembris
1781 2485 2058 2573 praefati
2102 2485 2263 2553 anni
2313 2504 2563 2562 nocens,

37 2573 334 2655 ¹generali
370 2573 909 2663 congregatione
955 2594 1183 2642 coram
1240 2574 1435 2643 nobis
1494 2574 1748 2652 habita,
1816 2574 2296 2663 propositoque
2353 2572 2566 2641 dubio

35 2661 133 2742 &an
171 2672 298 2728 tuto
346 2662 678 2731 solemnis
713 2662 886 2730 beati
924 2661 1224 2730 Andreae
1273 2663 1698 2731 canonizatio
1749 2662 2161 2751 perficienda
2225 2662 2414 2741 soret,
2469 2659 2569 2729 af-

68 2742 502 2837 firmativeque
552 2750 972 2819 venerabiles
1017 2750 1255 2819 fratres
1305 2752 1516 2821 nostri
1568 2756 1630 2819 S.
1672 2755 1750 2819 R.
1806 2756 1875 2820 E.
1924 2751 2314 2821 cardinales
2375 2770 2570 2839 prae-

75 2829 214 2902 latae
243 2839 799 2929 Congregationis
832 2839 1047 2908 sacris
1087 2839 1357 2908 Ritibus
1395 2841 1818 2930 praepositae
1854 2841 2387 2929 respondissent,
2422 2860 2567 2916 noS,

70 2933 116 2984 et
158 2945 373 3010 preces
422 2929 557 3016 ipsi
608 2927 894 2996 fundere
928 2928 1319 3008 statuinmS,
1371 2942 1435 2997 et
1486 2942 1561 2995 ut
1609 2952 1646 2996 a
1712 2929 2279 2998 christifidelibus
2326 2927 2573 2998 sunde-

75 3023 269 3081 rentur
316 3016 718 3085 indiximus.
777 3021 1083 3095 nemum,
1142 3018 1395 3086 vocatis
1442 3016 1711 3086 dilectis
1756 3016 1919 3085 filiis
1966 3019 2328 3087 secretario
2380 3039 2572 3106 prae-

79 3093 216 3168 fatae
249 3104 523 3173 Rittium
577 3105 1133 3195 congregationis
1163 3119 1229 3175 et
1268 3105 1424 3174 fidei
1471 3118 1879 3194 promotore,
1933 3106 2042 3174 die
2075 3128 2161 3175 χιι
2207 3105 2364 3192 maji
2406 3105 2568 3174 anni

75 3203 307 3271 luceru,
360 3207 436 3263 ut
483 3194 723 3263 beatus
776 3193 1073 3262 Andreas
1134 3194 1424 3263 solemni
1476 3196 1611 3263 ritu
1661 3199 2063 3263 Sanctorum
2115 3193 2270 3262 albo
2311 3193 2574 3263 adscri-

75 3269 329 3360 beretur,
382 3282 782 3351 auctoritate
816 3296 1045 3351 nostra
1094 3282 1395 3372 praefata
1443 3283 1985 3352 decrevimus...

142 3368 172 3446 Q
215 3372 373 3440 21).
432 3375 739 3448 Demum,
798 3373 1087 3460 peractis
1144 3373 1469 3440 omnibus
1518 3394 1694 3457 quae
1758 3393 1836 3440 ex
1887 3371 2099 3441 sacris
2147 3369 2573 3439 constitutio-

80 3450 248 3546 nibus
293 3461 770 3545 Romanaeque
821 3460 1157 3528 Ecclesiae
1197 3460 1698 3528 consuetudine
1751 3459 2135 3550 peragenda
2177 3471 2403 3536 erant,
2453 3458 2572 3526 bo-

79 3535 187 3638 doe.
233 3564 401 3629 quae
441 3547 567 3616 suit
612 3547 759 3615 dies
791 3547 1138 3617 dominica
1197 3553 1297 3616 Ss.
1344 3549 1727 3630 Trinitatis,
1781 3549 1850 3615 in
1897 3561 2329 3618 sacrosancta
2380 3547 2574 3615 Prin-

81 3646 224 3713 sstpts
279 3637 742 3722 Apostolorum
797 3637 1081 3706 basilica
1147 3637 1456 3705 coelestis
1520 3658 1811 3725 sponsae
1876 3639 2010 3705 ritu
2058 3649 2336 3715 ornata,
2414 3657 2574 3704 cum

81 3722 540 3793 venerabilibus
594 3724 919 3793 fratribus
969 3727 1219 3795 nostris
1288 3730 1353 3795 S.
1409 3730 1484 3793 R.
1557 3731 1628 3794 E.
1696 3726 2200 3804 cardinalibuS‚
2260 3746 2378 3793 nec
2439 3745 2571 3792 non

83 3802 471 3901 Patriarchis,
504 3813 1047 3902 Archiepiscopis
1076 3827 1141 3882 et
1175 3815 1551 3904 EpiscopiS,
1583 3821 2060 3902 Romanaeque
2102 3813 2339 3883 Curiae
2381 3834 2572 3900 prae-

87 3885 232 3991 latis,
273 3897 672 3970 officialibus
718 3914 781 3969 et
830 3901 1290 3972 familiaribus
1349 3903 1598 3972 nostris
1629 3957 1643 3983 ‚
1696 3903 1877 3972 clero
1921 3903 2210 3972 seculari
2251 3914 2313 3970 et
2372 3923 2573 3990 regu-

94 3974 216 4058 lari,
263 4006 336 4055 ac
367 3989 658 4058 maxima
709 3990 946 4080 populi
977 3990 1357 4077 frequentia
1405 3992 1879 4071 convenimus;
1919 3992 2060 4074 ubi,
2114 3990 2411 4080 repetitis
2455 4011 2574 4075 pro

93 4073 579 4144 canonizationis
626 4078 893 4149 decreto
945 4081 1389 4167 petitionibus
1429 4081 1707 4148 nomine
1744 4079 2042 4168 praefato
2077 4102 2115 4148 a
2156 4079 2400 4147 dilecto
2433 4078 2574 4146 filio

92 4170 281 4228 nostro
326 4165 645 4233 Annibale
694 4167 871 4237 tituli
919 4172 982 4237 S.
1037 4169 1384 4237 Eustachii
1434 4169 1775 4238 cardinali
1826 4168 2082 4237 Albano
2134 4181 2567 4258 nuncupatO,

99 4259 282 4340 nostro
325 4254 693 4322 secundum
747 4278 1021 4324 carnem
1079 4280 1154 4325 cx
1208 4256 1409 4325 fratre
1476 4271 1756 4346 nepote,
1816 4279 1931 4345 per
1996 4257 2318 4326 dilectum
2369 4256 2573 4326 etiam

100 4326 273 4404 [ilium
325 4341 783 4412 Marcellinum
846 4346 1113 4414 corium
1175 4346 1604 4424 advocatum,
1659 4346 2035 4415 decantatis
2095 4346 2310 4417 sacris
2358 4346 2574 4435 preci-

104 4413 199 4485 bus
223 4437 277 4492 et
319 4426 598 4506 litaniis,
648 4453 723 4499 ac
772 4433 1065 4522 Spiritus
1116 4434 1340 4501 Sancti
1391 4433 1610 4522 gratia
1669 4435 2020 4504 humiliter
2069 4434 2453 4525 implorata,
2490 4433 2574 4502 ad
