2993 4837
1877 268 1889 279 -
2045 150 2782 342 Eme-w

1088 418 1836 540 NOVEMBER
2044 375 2257 579 53

1294 654 1611 667 —-·
2120 604 2419 742 1375

2118 758 2321 865 wll

609 941 1061 1074 offirmo
1129 995 1537 1077 sANoT1
1610 995 2188 1075 EPHRAEM
2243 996 2282 1035 *

928 1209 1206 1278 DIACON
1213 1213 1241 1277 1
1290 1213 1510 1279 ECCL.
1546 1212 1987 1279 EDISSENAE

322 1417 451 1517 DE
516 1414 1265 1579 SANCTlSSlMAE
1333 1416 1500 1518 DEI
1568 1417 1960 1520 MATRIS
2027 1416 2554 1520 LAUDIBUS

175 1654 340 1714 QUAE
382 1656 503 1705 Ros
550 1655 809 1705 mellico
858 1656 1048 1705 Panto
1095 1656 1251 1706 Loco
1304 1657 1532 1706 HENSIS
1588 1657 1789 1706 HUJUS
1836 1657 2148 1707 posumus
2209 1657 2335 1706 emt
2399 1659 2485 1707 ns
2547 1656 2715 1715 QUAE

256 1762 456 1810 Rom-:1
503 1762 799 1811 AUCTORE
859 1763 986 1811 HOX
1051 1761 1463 1828 SEQUUNTUR,
1518 1764 1685 1821 QUOD
1731 1764 1797 1813 m
1844 1763 2143 1813 Honorum
2202 1765 2434 1812 MATRIS
2485 1764 2590 1811 nm
2637 1764 2714 1811 m·

256 1869 533 1939 ouum·
566 1869 944 1917 SANCTORUH
1007 1870 1389 1931 MARTYRUH,
1461 1870 1782 1919 nonlERNA
1851 1868 2236 1919 SOLEuNITAS
2304 1871 2466 1919 ANTE
2530 1872 2714 1918 MILLE

256 1977 408 2023 FERE
453 1975 667 2023 ANNOS
715 1975 1076 2031 CELEBRATA
1121 1977 1255 2024 EST.

260 2173 301 2247 ἓ
338 2173 415 2241 1.
468 2172 891 2238 Intemerata
939 2185 1362 2255 prorsusque
1398 2188 1599 2268 pura,
1653 2166 1855 2256 Virgo
1903 2167 2215 2268 Deipara‚
2262 2168 2525 2257 Regina
2564 2188 2715 2237 om-

188 2253 389 2335 nium,
437 2278 602 2346 spes
634 2255 1178 2357 desperantium,
1233 2260 1523 2326 Domina
1563 2277 1715 2325 mea
1757 2255 2282 2346 gloriosissima,
2335 2255 2715 2344 eademque

193 2343 448 2431 optima,
482 2345 857 2415 sublimior
903 2344 1270 2424 coelicolis,
1328 2346 1567 2435 purior
1601 2344 1774 2415 Solis
1821 2345 2035 2416 radiis
2080 2356 2146 2415 et
2193 2344 2707 2436 splendoribuS,

188 2430 564 2502 honoratior
600 2434 973 2515 Cherubin,
1028 2447 1094 2504 et
1123 2434 1609 2526 polyommatis
1638 2433 1762 2524 (id
1798 2446 1922 2515 est,
1965 2434 2412 2524 multoculis)
2456 2434 2716 2524 spiriti-

183 2520 336 2599 bus,
374 2524 669 2593 sanctior
715 2524 1076 2613 Seraphin,
1128 2536 1194 2593 et
1243 2522 1431 2593 nulla
1480 2523 1991 2613 comparatione
2037 2524 2324 2594 caeteris
2387 2524 2715 2595 omnibus

179 2611 441 2699 superis
482 2611 893 2681 exercitibus
942 2611 1326 2700 gloriosior,
1378 2634 1536 2702 spes
1574 2618 1877 2688 Patrum.
1915 2611 2135 2703 gloria
2181 2612 2707 2702 Prophetarum,

175 2699 636 2786 Apostolorum
676 2702 1146 2791 praeconium,
1185 2711 1250 2770 et
1291 2701 1509 2771 honor
1540 2706 1940 2789 Martyrum,
1978 2706 2380 2772 Sanctorum
2427 2700 2706 2784 laetitia,

176 2799 239 2853 et
282 2786 513 2856 lumen
573 2789 1045 2859 studiosorum
1102 2789 1467 2871 Abraham,
1532 2794 1725 2860 Isaac
1788 2802 1853 2860 et
1897 2790 2133 2872 Jacob,
2187 2790 2402 2860 decus
2449 2793 2706 2872 Aaron,

173 2875 370 2946 Mosis
412 2875 765 2966 splendor,
819 2889 883 2947 et
931 2878 1199 2948 Gedeon
1255 2877 1496 2958 vellus,
1549 2878 2084 2950 Hierarcharum
2147 2892 2404 2959 coetus,
2449 2890 2516 2948 et
2563 2900 2710 2948 om-

178 2964 363 3031 nium
423 2978 817 3037 sanctorum
868 2988 949 3036 ac
1020 2968 1364 3068 virginum
1437 2988 1730 3047 corona,
1784 2967 1870 3037 ob
1925 2965 2260 3056 fulgorem
2330 2967 2706 3037 inaccessa.

168 3056 406 3121 Acerra
443 3075 679 3136 aurea,
721 3054 1002 3125 lucerna
1051 3055 1572 3137 micantissima,
1616 3077 1795 3126 urna
1842 3054 2015 3126 coeli
2076 3077 2335 3125 manna
2401 3066 2703 3145 gestans,

167 3140 397 3211 tabula
443 3143 774 3232 scriptam
825 3144 1045 3233 legem
1085 3144 1309 3214 ferens
1359 3144 1790 3226 mortalibuS,
1842 3165 2004 3214 arca
2054 3165 2250 3225 vera,
2315 3144 2555 3213 charta
2603 3143 2709 3212 di·

163 3229 560 3312 vinissima,
628 3232 937 3302 omnium
992 3233 1361 3322 princeps,
1428 3234 1930 3323 circumspecta
1999 3243 2066 3302 et
2128 3231 2411 3303 lucifera
2461 3234 2704 3323 Virgo,

159 3319 537 3390 consolatio
567 3321 1026 3401 sanctissima,
1078 3335 1144 3391 et
1175 3322 1490 3391 omnium
1540 3322 1704 3402 dux,
1756 3321 2222 3392 sacratissima
2268 3320 2528 3422 puella.

241 3408 284 3494 ἓ
335 3412 423 3480 2.
479 3413 530 3478 Ο
577 3411 751 3479 rube
778 3410 1232 3492 incombuste,
1268 3420 1334 3479 et
1365 3421 1605 3499 patens
1637 3410 2022 3501 praedium,
2056 3422 2124 3480 et
2159 3409 2464 3480 viridans
2488 3413 2709 3479 Aaron

157 3493 355 3565 illius
407 3496 618 3587 virga.
672 3498 873 3588 Virga
929 3498 1227 3588 profecto
1264 3499 1567 3580 extitisti,
1613 3513 1677 3570 et
1725 3499 1853 3569 flos
1903 3497 2114 3569 Filius
2163 3509 2347 3568 tuus.
2389 3504 2438 3567 E
2478 3496 2711 3567 radice

154 3583 374 3653 David
407 3598 471 3654 et
518 3585 903 3658 Salomonis
950 3588 1361 3677 germinavit
1421 3588 1731 3658 Christus
1793 3601 2020 3661 noster
2065 3600 2351 3668 creator,
2419 3591 2598 3656 Deus
2644 3597 2713 3656 et

153 3673 493 3743 Dominus
538 3676 1017 3765 omnipotens,
1080 3676 1461 3747 altissimus
1508 3689 1573 3746 et
1636 3675 1847 3747 solus.
1915 3681 2037 3756 Tu,
2113 3676 2342 3764 quoad
2405 3697 2700 3765 corpuS,

154 3763 377 3830 Deum
416 3772 480 3832 et
526 3763 821 3834 Verbum
872 3765 1212 3855 genuisti:
1282 3764 1473 3855 virgo
1520 3777 1675 3834 ante
1725 3776 2038 3854 partum,
2083 3766 2277 3855 virgo
2334 3765 2404 3832 in
2457 3777 2701 3854 partu,

151 3850 356 3939 virgo
405 3864 551 3940 post
590 3865 892 3942 partum.
938 3853 1169 3923 Claves
1219 3874 1355 3922 non
1390 3854 1688 3923 excussit
1735 3858 1912 3924 Deus
1959 3866 2222 3923 creator
2261 3865 2421 3923 tuus
2477 3854 2546 3922 in
2592 3866 2710 3924 tuo

156 3938 480 4028 virginali
526 3955 743 4022 utero,
784 3941 1044 4028 absque
1083 3943 1348 4012 semine
1379 3964 1655 4013 carnem
1691 3942 2003 4023 indutu3‚
2044 3953 2127 4021 te,
2158 3964 2198 4010 o
2231 3940 2702 4023 celeberrima,

154 4025 371 4096 talem
406 4051 877 4120 praeservans
930 4030 1156 4116 qualis
1202 4030 1520 4100 extiteras
1566 4042 1723 4101 ante
1771 4043 2072 4121 partum.
2120 4034 2240 4099 Per
2296 4041 2359 4099 te
2406 4030 2711 4100 reconci-

159 4113 315 4186 liati
349 4138 585 4190 sumus
619 4119 892 4190 Christo
930 4123 1063 4188 Deo
1112 4140 1285 4205 meo,
1332 4119 1504 4188 Filio
1555 4131 1693 4190 tuo.
1747 4125 1846 4190 Tu
1879 4117 2312 4209 peccantium
2361 4130 2428 4187 et
2458 4116 2715 4187 auxilio

157 4202 633 4279 destitutorum
688 4207 1016 4297 adjutrix.
1071 4212 1169 4276 Tu
1232 4221 1471 4309 portus
1534 4207 1832 4298 procella
1879 4216 2314 4286 vexatorum,
2377 4204 2705 4277 solatium

162 4296 404 4365 mundi
447 4318 726 4368 carcere
773 4295 1172 4366 clausorum
1205 4295 1556 4367 liberatrix
1593 4295 2065 4368 celeberrima.
2104 4298 2205 4363 Tu
2236 4294 2707 4382 orphanorum

214 4419 247 4446 ⁸
272 4419 319 4461 Β.
338 4423 578 4473 Ephmmi
599 4425 714 4465 vita
730 4424 782 4464 in
804 4422 908 4462 Vol.
931 4422 978 4462 11
996 4420 1121 4463 surii
1141 4425 1291 4464 nostri
1310 4423 1595 4485 continetur.

1379 4479 1412 4610 ὴὲ
1611 4494 1826 4578 τω

2753 4463 2832 4513 1
