2993 4837
516 330 643 395 580
1281 344 1359 389 mi
1408 344 1464 390 s.
1518 342 1774 389 nomano
1822 339 2112 390 manns
2634 325 2779 390 Not.
2815 326 2867 389 ⁴8

425 430 791 501 defectum.
829 435 1018 498 Tunc
1050 439 1194 497 erat
1233 426 1301 494 in
1341 426 1576 517 pueris
1612 426 1841 496 mollis
1869 427 2088 508 radix,
2133 426 2248 496 sed
2285 426 2547 496 fructus
2595 426 2870 516 perfectus:

426 522 538 589 hic
582 531 807 587 autem
851 530 915 586 et
956 518 1104 606 ipsa
1155 514 1348 586 radix
1385 528 1530 584 erat
1563 515 1813 596 ablata,
1851 529 1915 585 et
1969 537 2102 585 non
2162 516 2648 605 prohibebatur
2686 516 2874 584 fructus

425 607 816 699 generatio:
866 619 969 675 est
1004 606 1189 674 enim
1240 627 1387 686 vox,
1423 603 1690 674 fructus
1739 603 2042 704 linguae.

512 700 548 782 ἓ
596 700 690 764 9.
746 700 919 763 Sunt
968 716 1199 763 revera
1249 694 1472 783 magis
1521 693 1961 763 admirabilia
2010 693 2388 782 posteriora
2431 693 2772 784 prioribus.
2809 696 2880 759 Et·

424 786 607 854 enim
662 806 744 852 ne
781 785 889 852 bis
938 783 1142 852 fidem
1187 804 1319 850 non
1373 781 1783 861 adhibeam,
1837 782 1956 850 illa
2010 794 2370 872 propterea
2419 795 2879 873 praecesserunt

424 885 503 942 ut
549 874 616 940 in
671 873 779 942 his
830 894 965 942 non
1005 871 1538 951 conturbemini,
1576 892 1733 939 cum
1773 870 1841 939 in
1894 869 2032 939 illis
2069 870 2274 940 fuerit
2305 884 2619 942 assuetus
2652 871 2881 940 animus,

423 967 550 1031 Pro
608 975 784 1030 terea
842 961 1011 1030 haec
1073 971 1484 1041 evenerunt,
1548 973 1623 1028 ut
1671 958 1837 1040 illa,
1891 981 2070 1046 quae
2119 960 2330 1029 latent
2373 973 2442 1030 et
2488 972 2646 1029 sunt
2702 972 2882 1035 vetera,

304 1084 313 1091 ·
422 1073 534 1121 cre
587 1064 793 1120 antur
839 1073 917 1119 ex
966 1048 1348 1117 manifestis
1395 1062 1460 1117 et
1510 1048 1594 1116 iis
1656 1069 1831 1134 quae
1880 1070 2117 1119 recens
2171 1049 2350 1118 facta
2417 1062 2599 1118 sunt.
2654 1048 2749 1117 Sic
2803 1046 2888 1114 ali·

422 1140 701 1227 quando
742 1138 1023 1208 Aaronis
1073 1159 1347 1225 quoque
1383 1137 1573 1225 virga
1622 1137 1875 1217 floruit,
1920 1138 2266 1223 quomodo
2319 1159 2507 1207 nunc
2553 1137 2885 1229 germinavit

424 1251 501 1299 os
550 1229 895 1317 martyris.
942 1226 1069 1296 Sed
1117 1247 1417 1312 quanam
1461 1225 1545 1294 de
1595 1248 1805 1295 causa
1852 1227 2135 1297 Aaronis
2184 1228 2374 1316 virga
2429 1240 2589 1295 tunc
2618 1226 2886 1317 germina·

424 1318 570 1386 vit?
617 1318 953 1400 Quoniam
1004 1327 1148 1384 erat
1179 1314 1582 1404 designatus
1625 1314 1966 1385 sacerdos.
2012 1320 2323 1396 Quanam
2374 1324 2600 1385 ntem
2635 1315 2716 1383 de
2743 1334 2885 1381 causa

423 1428 613 1475 nunc
662 1404 1071 1495 germinavit
1119 1426 1196 1473 os
1235 1403 1604 1493 martyris?
1635 1404 1970 1484 Quoniam
2009 1404 2445 1494 blasphemia
2476 1418 2541 1473 et
2580 1401 2886 1472 maledictis

425 1495 897 1565 incessebatur
947 1514 1241 1583 magnus
1290 1492 1592 1561 Pontifex
1624 1498 1826 1561 Jesus
1876 1492 2206 1562 Christus.
2263 1492 2428 1562 Vide
2473 1514 2657 1583 ergo,
2702 1500 2884 1578 quanta

424 1583 510 1653 sit
553 1583 868 1651 miraculi
918 1582 1233 1671 cognatio
1262 1593 1326 1650 et
1372 1579 1794 1649 excellentia.
1834 1581 2189 1662 Quomodo
2221 1581 2406 1650 enim
2444 1582 2632 1671 virga
2670 1580 2777 1650 illa
2802 1599 2885 1647 non

422 1671 617 1739 unita
666 1671 904 1751 radici,
948 1692 1069 1738 nec
1119 1691 1195 1738 ex
1234 1683 1406 1738 terra
1442 1669 1717 1738 trahens
1768 1668 2155 1749 humorem,
2197 1669 2311 1741 sed
2349 1670 2608 1739 defecta
2647 1692 2743 1747 ea,
2771 1687 2886 1753 quae

422 1759 617 1828 illinc
668 1760 1148 1850 proficiscitur,
1217 1757 1805 1847 suppeditatione‚
1859 1769 1924 1825 et
1973 1758 2238 1859 perdita
2286 1759 2475 1828 vitali
2522 1772 2585 1827 et
2628 1755 2886 1847 frugifera

424 1847 694 1930 virtute,
751 1859 1025 1939 repente
1058 1845 1353 1916 ostendit
1385 1846 1725 1916 fructum:
1767 1847 1858 1915 ita
1906 1859 2108 1916 ettam
2164 1848 2275 1917 hic
2320 1870 2597 1935 quoque
2642 1869 2758 1917 vox
2799 1846 2889 1934 pri·

422 1952 574 2005 vata
624 1937 874 2019 radice,
913 1949 978 2005 et
1024 1937 1157 2004 vim
1213 1957 1346 2004 non
1404 1936 1662 2005 habens
1706 1957 1785 2003 ex
1835 1934 2314 2016 instrumento,
2368 1938 2440 2004 in
2491 1937 2666 2006 sicco
2710 1946 2769 2004 et
2805 1945 2887 2001 ste

425 2026 537 2094 rili
571 2047 686 2095 ore
722 2038 998 2116 repente
1030 2026 1461 2115 germinavit.
1500 2029 1575 2093 In
1614 2024 1740 2091 hoc
1773 2024 2052 2110 quidem
2089 2025 2428 2114 cognatio,
2465 2025 2536 2094 in
2567 2025 2693 2094 alio
2721 2036 2882 2093 autem

424 2115 844 2184 excellentia.
888 2119 1070 2183 Inter
1110 2126 1480 2200 utrumque
1512 2112 1696 2180 enim
1739 2112 2037 2182 fructum
2095 2114 2390 2182 multum
2446 2114 2729 2183 interest.
2776 2115 2882 2180 Nam

426 2203 541 2273 ille
588 2205 867 2291 quidem
919 2215 1063 2272 erat
1109 2202 1419 2281 sensiliS,
1466 2202 1578 2269 hic
1642 2212 1867 2270 autem
1933 2201 2264 2289 spiritalis
2296 2258 2312 2284 ,
2364 2215 2430 2272 et
2494 2204 2674 2294 ipsos
2727 2198 2882 2271 coelos

426 2294 743 2382 aperiens
782 2294 867 2371 ei,
905 2292 1027 2378 qui
1069 2304 1233 2359 tunc
1264 2313 1415 2359 eam
1452 2312 1681 2359 vocem
1718 2290 2047 2359 ediderat.

514 2384 549 2469 ξ
586 2386 739 2453 Ιθ.
780 2387 905 2452 Pro
942 2381 1048 2450 his
1077 2379 1402 2449 omnibus
1434 2379 1864 2469 gratulemur
1891 2380 2192 2469 Martyri.
2223 2379 2684 2470 glorificemus
2713 2383 2880 2450 Deum,

423 2473 541 2558 qui
595 2471 760 2540 haec
816 2471 976 2539 facit
1023 2469 1406 2548 miracula3
1471 2469 1823 2537 imitemur
1871 2470 2184 2538 Conservi
2239 2469 2657 2558 patientiam,
2693 2464 2879 2558 gratias

423 2582 715 2649 agamus
765 2559 1052 2628 Domino
1097 2581 1216 2648 pro
1264 2557 1525 2648 gratia;
1566 2557 1990 2645 accipiamus
2037 2580 2117 2627 ex
2175 2558 2281 2638 iis,
2323 2580 2501 2644 quae
2541 2558 2711 2627 dicta
2752 2565 2878 2650 suat.

425 2648 876 2717 sufficientem
914 2647 1446 2716 consolationem
1501 2646 1569 2714 in
1609 2646 2122 2727 tentationibus;
2175 2661 2249 2734 et*
2289 2649 2426 2728 Dei,
2465 2648 2584 2734 qui
2617 2668 2730 2715 nos
2755 2643 2877 2737 fecit

423 2737 794 2826 potentiam
829 2748 894 2804 et
942 2758 1178 2804 curam
1215 2735 1636 2804 admirantes
1685 2757 1762 2803 ac
1816 2734 2340 2824 providentiam,
2377 2738 2610 2806 omnia
2641 2757 2713 2804 ex
2746 2730 2882 2826 nobis

425 2825 816 2904 afferamuS,
851 2837 916 2893 et
963 2846 1136 2910 quae
1184 2846 1262 2892 ex
1308 2846 1387 2892 eo
1436 2837 1620 2903 sunt,
1662 2824 1947 2892 omnino
1995 2839 2529 2912 consequentur.
2565 2830 2688 2894 Scu
2730 2822 2881 2890 homi·

426 2935 593 2992 nes,
657 2935 774 2982 seu
830 2913 1223 2994 daemones,
1286 2935 1408 2982 seu
1457 2914 1604 3001 ipse
1652 2911 1970 2981 diabolus
2025 2913 2355 2983 adversus
2405 2935 2530 2982 nos
2588 2914 2877 3003 depugnet

424 3001 598 3070 nihil
653 3002 1009 3091 proficient
1080 3003 1126 3071 ii
1192 3002 1313 3088 qui
1378 3023 1501 3069 nos
1548 3014 2000 3091 oppugnant:
2078 3001 2281 3071 modo
2343 3002 2763 3072 ostendamus
2803 3013 2882 3062 no·

425 3103 643 3160 strum
685 3103 1075 3181 promptum
1110 3090 1326 3159 animi
1362 3090 1696 3173 studium,
1731 3103 1798 3159 et
1846 3111 2021 3176 quae
2068 3113 2108 3158 a
2160 3090 2356 3161 nobis
2397 3091 2624 3160 afferri
2666 3091 2876 3180 oportet,

425 3180 658 3248 omnia
708 3180 1099 3249 afferamus.
1168 3179 1274 3249 Sic
1341 3181 1525 3248 enim
1575 3190 1641 3247 et
1709 3178 1820 3246 Dei
1871 3178 2295 3248 attrahemus
2343 3180 2713 3256 auxilium,
2755 3187 2802 3243 et
2835 3189 2879 3267 [υ

425 3270 562 3338 vita
609 3268 841 3338 futura
901 3291 1148 3359 magna
1210 3268 1522 3337 fruemur
1569 3266 1787 3357 gloria
1827 3278 1892 3335 et
1948 3267 2188 3336 salute.
2241 3273 2457 3350 Quam
2517 3269 2706 3338 detur
2743 3260 2880 3356 nobfs

425 3358 750 3427 omnibus
783 3357 1108 3444 consequi
1139 3357 1358 3446 gratia
1384 3369 1448 3425 et
1478 3356 1899 3444 benignitate
1936 3357 2201 3426 Domini
2234 3358 2444 3426 nostri
2477 3364 2640 3427 Jesu
2668 3352 2876 3443 Christi:

424 3469 581 3516 cum
633 3469 769 3534 quo
810 3447 984 3514 Patri
1022 3447 1230 3515 simul
1280 3467 1438 3514 cum
1491 3449 1736 3514 Sancto
1785 3445 2044 3534 Spiritu
2084 3445 2325 3536 gloria,
2366 3446 2602 3527 honor,
2654 3450 2875 3535 potentia

426 3534 496 3603 in
550 3535 783 3607 secula
830 3534 1245 3616 seculorum,
1293 3539 1528 3603 Amen.

1264 3697 1329 3754 Ο·
