2993 4837
498 293 625 354 666
792 283 797 288 ’
1088 305 1164 350 m:
1210 301 1263 348 s.
1323 305 1680 351 enimam«
1733 305 1899 350 vine.
1957 306 2028 350 ET
2079 305 2267 351 nitar.
2609 286 2760 350 not.
2799 287 2855 350 225

411 395 699 462 stetisset
738 412 966 458 coram
1008 388 1393 479 impudenti
1425 395 1766 478 Tyranno.
1813 411 1970 458 cum
2011 389 2124 459 ille
2167 389 2394 459 adhuc
2429 402 2674 459 vacaret
2713 391 2868 457 sacri·

410 482 588 560 sici0‚
627 489 1016 548 constanter
1048 490 1112 546 et
1145 477 1357 547 libere
1389 478 1489 546 sic
1522 479 1580 545 ei
1617 490 1717 548 est
1758 479 1980 548 locuta
2019 502 2032 544 :

494 571 530 655 ξ
577 573 660 640 4.
716 590 750 632 «
786 567 1150 655 Oportebat
1181 566 1485 654 quidem,
1523 588 1563 635 o
1595 573 1993 654 Imperator,
2041 580 2099 635 te
2130 588 2206 635 ex
2242 568 2454 655 teipso
2484 579 2661 637 tuam
2695 566 2870 634 videre

408 657 900 745 deceptionem,
939 655 1118 742 quod
1180 656 1588 733 hominum,
1647 655 1714 722 in
1778 677 1952 741 quos
2010 656 2192 725 cadit
2241 657 2593 735 interitus,
2655 653 2882 722 simula-

406 745 565 823 cris,
615 759 961 830 tamquam
1015 743 1171 822 diis,
1212 744 1412 812 offers
1462 743 1842 812 sacrificia:
1896 759 1961 812 et
2018 744 2340 833 gentilem
2381 747 2555 813 hanc
2587 743 2883 813 stultitiam

407 846 471 901 et
520 832 817 902 dedecus
866 831 1184 919 abjicere.
1252 834 1586 914 Quoniam
1658 847 1880 900 autem
1934 834 2215 903 sinistro
2274 855 2522 922 parens
2584 832 2885 906 daemoni.

408 921 579 990 adeo
632 919 1059 990 manifestam
1112 922 1411 989 caecutis
1467 921 1863 999 veritatem,
1929 935 2267 1009 oporteret
2315 924 2597 990 omnino
2653 920 2890 1008 sapienti

409 1011 674 1089 saltem,
719 1011 837 1097 qui
876 1023 976 1078 est
1004 1008 1185 1097 apud
1222 1032 1358 1087 νος,
1402 1008 1690 1078 Diodoro
1722 1008 2134 1086 credentem,
2170 1032 2587 1100 cognoscere
2617 1009 2892 1096 quidnam

414 1100 551 1168 sint
592 1098 793 1167 vestri
828 1098 962 1177 dii;
1015 1111 1080 1166 et
1130 1120 1262 1166 non
1316 1110 1449 1166 tam
1510 1098 2031 1177 inconsiderate,
2077 1120 2254 1184 quae
2305 1121 2439 1168 non
2482 1099 2736 1172 decent,
2772 1095 2896 1164 velle

411 1187 675 1266 t‘acere;
727 1199 792 1256 et
823 1207 957 1255 non
1000 1185 1161 1255 deos
1246 1198 1435 1254 utare
1470 1186 1838 1255 simulacra
1879 1187 2264 1268 hominum,
2311 1190 2429 1274 qui
2469 1188 2669 1256 vitam
2707 1187 2898 1254 misere

411 1277 764 1346 finierunt.
803 1274 923 1342 Ille
957 1275 1139 1342 enim
1177 1210 1344 1344 dicit
1382 1286 1445 1343 et
1477 1275 1641 1344 deos
1689 1274 1901 1344 fuisse
1937 1276 2272 1354 homines,
2314 1290 2380 1344 et
2418 1289 2689 1365 propter
2719 1274 2895 1359 aliqua

412 1365 743 1434 beneficia
778 1364 1165 1432 nominatos
1194 1363 1405 1432 fuisse
1440 1363 1882 1433 immortales.
1924 1364 2171 1433 Scribit
2203 1378 2432 1434 autem
2473 1365 2660 1454 ipsos
2684 1383 2898 1449 quoque

414 1453 739 1522 habuisse
775 1451 1085 1541 proprias
1109 1453 1468 1520 nominum
1495 1452 2012 1542 appellationes,
2040 1465 2103 1520 et
2138 1453 2516 1542 imperasse
2540 1449 2896 1540 quibusdam

418 1541 814 1629 regionibus
847 1554 909 1608 et
942 1540 1355 1610 civitatibus.
1397 1541 1569 1609 Dicit
1605 1563 1757 1610 vero
1791 1542 2105 1611 homines
2144 1541 2463 1631 deceptos
2510 1540 2898 1632 ignoratione,

412 1652 526 1698 eos
578 1649 852 1697 vocasse
899 1628 1082 1707 deos,
1135 1642 1197 1698 et
1255 1628 1568 1699 retulisse
1618 1631 1684 1697 in
1750 1641 2108 1698 numerum
2177 1631 2704 1700 immortalium.
2755 1634 2901 1696 Porro

412 1731 638 1787 autem
703 1718 882 1786 alius
935 1739 1207 1804 quoque
1246 1718 1522 1806 sapiens
1561 1717 1742 1806 apud
1785 1740 1899 1787 vos
1945 1740 2021 1786 ex
2085 1719 2167 1788 iis
2224 1721 2342 1805 qui
2398 1720 2900 1806 conscripserunt

414 1807 758 1886 historias,
797 1806 967 1873 dixit
1002 1806 1196 1874 illum
1238 1812 1514 1875 Sarrum
1556 1808 1896 1875 invenisse
1928 1809 2227 1894 primum
2268 1829 2374 1876 res
2405 1807 2786 1899 gentilium.
2819 1808 2900 1870 Eos

414 1896 623 1974 enim,
660 1895 776 1981 qui
817 1896 1059 1982 priscis
1108 1895 1559 1983 temporibus,
1613 1908 1729 1964 aut
1778 1895 2219 1966 fortitudinis,
2268 1911 2389 1964 aut
2426 1897 2784 1976 amicitiae,
2826 1907 2902 1958 aut

414 1983 714 2069 alicujus
748 1982 1030 2052 alterius
1073 1985 1339 2052 virtutis
1371 2006 1410 2050 o
1466 2007 1569 2062 us,
1609 1984 1899 2073 dignum
1937 1985 2116 2070 quod
2157 1987 2532 2054 memoriae
2571 1983 2897 2053 mandetur..

415 2087 533 2141 aut
575 2073 640 2140 in
683 2073 861 2158 quod
923 2072 1228 2141 studium
1272 2094 1397 2140 con
1431 2086 1696 2151 eratur,
1746 2073 2230 2150 ostenderunt,
2277 2073 2538 2142 dicitur
2600 2076 2900 2142 honorasse

421 2164 665 2229 statuis
714 2184 791 2229 ac
853 2160 1266 2229 simulacris
1322 2163 1449 2243 Qui
1510 2175 1731 2229 autem
1798 2163 2130 2248 majorum
2195 2176 2489 2231 mentem
2563 2164 2902 2252 ignorarunt

420 2253 692 2338 posteri,
732 2250 910 2335 qnod
948 2271 1061 2317 eos
1095 2249 1317 2318 solum
1352 2251 1720 2317 memoriae
1747 2251 1987 2337 gratia,
2037 2251 2258 2335 utqui
2298 2271 2439 2320 rem
2477 2250 2774 2337 aliquam
2804 2247 2902 2312 lau·

417 2339 713 2406 dabileni
770 2338 1086 2418 fecerant,
1138 2338 1610 2417 honorassent,
1650 2341 1882 2425 eisque.
1927 2339 2260 2424 imagines
2299 2352 2362 2407 et
2398 2353 2665 2408 statuas
2704 2335 2902 2427 posuis·

420 2443 590 2505 sent,
631 2428 711 2496 ad
753 2429 1067 2497 homines
1113 2428 1413 2496 interitui
1465 2442 1531 2496 et
1569 2428 1853 2497 omnino
1895 2428 2242 2496 similibus
2288 2429 2627 2497 obnoxios
2676 2424 2900 2496 affectio·

340 2560 343 2565 -
422 2518 624 2585 nibus
658 2528 1137 2585 accesserunt:
1192 2531 1255 2584 et
1305 2530 1378 2584 ut
1424 2518 1525 2583 eis
1577 2517 1812 2584 fierent
1856 2517 2215 2593 sacrificia,
2276 2518 2709 2603 honoresque
2750 2512 2900 2583 habe

422 2618 679 2683 rentur,
711 2619 775 2673 et
813 2605 961 2674 dies
994 2604 1139 2673 festi
1184 2603 1716 2684 celebrarentur,
1764 2605 2230 2693 providerunt.
2271 2611 2399 2674 Eos
2433 2619 2655 2675 vester
2696 2618 2902 2691 quoque

421 2695 695 2782 sapiens
727 2693 1133 2761 Plutarchus
1164 2693 1594 2761 Cheronaeus
1629 2696 1877 2782 arguit,
1918 2693 2290 2763 dicenseos
2323 2694 2651 2763 inducere
2670 2707 2897 2762 errorem

422 2782 852 2869 imaginum;
907 2782 1161 2867 quibus
1208 2794 1470 2870 oportet
1522 2797 1580 2850 te
1613 2803 1886 2867 quoque
1935 2782 2234 2857 credere,
2292 2805 2331 2851 0
2368 2789 2759 2872 Imperator.
2805 2782 2897 2847 Non

419 2870 601 2937 enim
638 2869 882 2939 alienis
913 2870 1218 2949 omnino,
1274 2869 1386 2938 sed
1437 2871 1573 2939 tuis
1604 2869 1882 2948 credes;
1935 2884 2001 2939 et
2047 2894 2175 2940 non
2235 2885 2371 2940 tani
2415 2872 2667 2941 multas
2698 2869 2898 2939 animas

422 2958 748 3026 inducere
775 2959 838 3025 in
876 2972 1250 3027 extremum
1286 2959 1687 3027 barathrum
1729 2958 2064 3028 interitus.
2101 2965 2223 3027 Pro
2256 2960 2516 3046 quibus
2548 2962 2692 3049 ipse
2718 2958 2901 3024 misen·

423 3046 570 3116 lues
605 3068 879 3135 poenas,
923 3066 987 3116 et
1017 3060 1367 3116 aeternum
1405 3047 1672 3116 subibis
1704 3048 2155 3136 supplicium,
2200 3049 2613 3139 gehennam,
2652 3050 2897 3132 inquam.

422 3134 627 3225 ignis,
667 3158 843 3222 quae
894 3158 1248 3223 nunquam
1286 3135 1561 3215 desinit,
1600 3135 1714 3204 sed
1772 3137 2097 3225 majorem
2149 3158 2423 3225 semper
2455 3139 2786 3207 flammant
2827 3151 2901 3197 ac·

421 3223 672 3294 cendit.
730 3226 848 3293 His
878 3247 1040 3315 ergo
1076 3224 1578 3311 persuadearis‚
1621 3245 1661 3292 o
1704 3229 2104 3326 Imperator,
2145 3240 2210 3293 et
2253 3248 2628 3314 persuasus
2672 3236 2900 3313 agnose?

428 3336 657 3382 verum
724 3318 926 3381 Deum
988 3312 1213 3382 solum
1245 3367 1262 3392 ,
1318 3314 1435 3399 qui
1477 3312 1665 3382 dedit
1705 3313 1828 3381 tibi
1882 3315 2006 3382 hoc
2060 3314 2456 3403 imperium,
2514 3329 2574 3383 et
2625 3323 2898 3403 praetem

422 3403 641 3490 ipsam
698 3424 972 3489 quoque
1023 3403 1225 3470 vitam
1292 3402 1629 3490 praebuit.
1686 3404 1813 3484 Qui
1868 3424 2024 3470 cum
2093 3417 2268 3471 esset
2323 3408 2498 3472 Deus
2545 3417 2829 3471 aeternus
2859 3406 2900 3457 et

424 3490 856 3571 immortalis,
921 3503 1193 3580 propter
1253 3511 1375 3559 nos
1432 3491 1639 3559 homo
1695 3512 1970 3577 quoque
2013 3492 2231 3560 factus
2278 3507 2402 3565 est,
2446 3507 2824 3575 crucemque
2857 3490 2898 3546 et

428 3591 709 3648 mortem
744 3580 968 3669 elegit,
1026 3601 1148 3648 nos
1198 3578 1454 3648 faciens
1505 3602 1626 3648 sur
1676 3600 1786 3647 ere
1835 3602 1873 3647 a
1930 3594 2146 3647 morte
2184 3580 2721 3657 inobedientiae,
2766 3586 2818 3641 et
2850 3580 2898 3635 ut

425 3668 568 3754 ipse
618 3669 766 3748 scit,
818 3683 1116 3738 nostram
1162 3689 1540 3756 procurans
1574 3690 1643 3736 sa
1683 3680 1891 3736 utem.
1933 3672 1997 3735 Is
2037 3682 2101 3735 et
2139 3690 2377 3737 eorum
2423 3669 2544 3755 qui
2576 3677 2799 3741 errant,
2830 3668 2898 3724 est

423 3770 745 3834 servator,
792 3772 856 3825 et
889 3779 1002 3825 eos
1036 3778 1208 3843 quos
1247 3758 1564 3845 poenitet,
1606 3758 1901 3845 benigne
1933 3770 1996 3825 et
2030 3756 2405 3826 clementer
2434 3758 2697 3846 excipit.
2742 3775 2770 3817 ι
2861 3834 2868 3841 ,

512 3848 545 3931 ἓ
593 3852 678 3916 5.
737 3846 825 3913 Ad
866 3846 1031 3914 haec
1084 3846 1179 3913 ira
1234 3845 1563 3933 impletur
1610 3846 2010 3924 Maxentius,
2071 3859 2135 3913 et
2180 3868 2340 3914 cum
2386 3846 2648 3915 fervens
2679 3852 2894 3926 sanguss

425 3932 507 4001 ad
561 3956 679 4002 cor
726 3938 874 4020 ejus
926 3933 1271 4003 modicum
1326 3934 1722 4004 affluxisset.
1779 3956 1899 4002 vox
1949 3956 2224 4020 quoque
2259 3936 2320 4003 ei
2372 3934 2499 4005 suit
2546 3936 2815 4005 extincta,
2851 3932 2891 3983 et

427 4044 547 4091 nec
604 4024 821 4111 potuit
865 4022 1143 4109 quidem
1180 4024 1467 4091 omnino
1500 4021 1934 4111 respondere.
1990 4027 2155 4091 Cum
2193 4036 2421 4091 autem
2459 4024 2539 4091 ad
2577 4046 2644 4091 se
2677 4021 2760 4086 vix
2790 4029 2890 4105 tatt-

426 4110 578 4179 dem
620 4111 951 4191 rediisset,
1005 4125 1069 4179 et
1114 4132 1290 4198 quae
1325 4134 1360 4179 a
1400 4106 1688 4199 Martyre
1737 4110 1918 4180 dicta
1969 4110 2260 4190 fuerant,
2315 4111 2590 4182 vidisset
2621 4128 2748 4178 esse
2774 4097 2888 4201 tall·

427 4199 643 4278 diora‚
699 4222 905 4285 quam
959 4213 1299 4269 utcontra
1347 4222 1423 4269 ea
1459 4199 1598 4267 dici
1650 4215 1920 4289 posset:
1976 4224 2009 4263 «
2045 4205 2238 4268 Nunc
2278 4200 2580 4287 quidem,
2635 4200 2827 4281 inquit,
2859 4202 2885 4246 ⁰

433 4288 701 4367 mulier,
757 4290 904 4356 sine.
962 4310 1286 4377 peragere
1337 4289 1753 4358 sacrificium
1791 4312 1805 4367 ;
1861 4288 2068 4376 paulo
2110 4301 2263 4377 post
2300 4302 2526 4357 autem
2557 4288 2635 4355 de
2671 4285 2740 4352 iis
2761 4290 2884 4362 qua?

430 4372 603 4440 dicis
634 4430 648 4451 ,
711 4376 1076 4444 audiemus
1125 4378 1455 4466 apertius,
1490 4401 1525 4441 »
1568 4382 1840 4445 Peracto
1881 4399 2041 4467 ergo
2089 4377 2474 4455 sacrificio,
2525 4390 2586 4445 et
2630 4373 2763 4441 festo
2801 4379 2881 4453 pes
