2993 4837
74 363 209 427 Not.
254 363 289 426 3
715 383 795 429 nx
844 383 900 428 s.
953 382 1269 428 utacum
1318 383 1414 428 ar.
1461 380 1806 428 missumst:
2357 367 2429 430 8t

74 464 423 550 ubicumque
444 464 1033 555 deprehendisset,
1056 465 1541 556 malignitates,
1570 465 1919 535 immissas
1943 488 2062 555 per
2081 466 2363 556 angelos
2388 490 2531 538 ma-

71 551 165 621 los.
208 552 479 639 Denique
525 555 855 641 quicquid
893 555 1449 656 incompositum,
1488 554 1817 642 quicquid
1870 555 2298 635 indecorum,
2332 557 2532 643 quic-

67 639 196 727 quid
234 640 574 712 distortum
618 643 897 714 obvium
942 643 1314 724 habuisset,
1360 665 1493 713 non
1535 643 1856 732 parcebat
1889 644 2135 714 oculus
2174 645 2369 733 ejus:
2412 645 2525 715 sed

68 728 213 800 vetut
238 730 480 821 grando
513 754 789 822 grossos
836 732 1192 812 eficubuS,
1248 745 1312 801 et
1357 733 1537 802 sicut
1594 732 1939 822 pulverem
1985 746 2228 802 ventus
2275 755 2312 801 a
2362 732 2533 803 facie

71 828 275 886 terrac:
307 819 474 889 sicut
496 843 732 890 coram
770 821 940 890 facie
974 843 1100 891 sua
1125 821 1462 890 e'usmodi
1493 821 1837 890 nitebatur
1869 833 2081 891 totum
2113 843 2234 911 pro
2270 821 2533 892 viribus

72 906 381 989 exturbare,
418 932 495 978 ac
543 908 774 978 delere
828 910 912 978 de
957 932 1138 1010 popu
1173 931 1212 978 o
1260 931 1407 980 suo.
1453 915 1531 978 Et
1562 931 1683 999 pro
1719 910 1826 977 his
1863 910 2190 980 omnibus
2225 910 2534 980 tradebat

65 993 184 1081 jura
233 997 525 1067 coelestia
572 998 879 1088 optimus
928 997 1300 1088 legislator.
1356 1003 1561 1089 Leges
1609 997 1816 1067 dabat
1879 997 2115 1088 plenas
2171 998 2481 1085 justitiae
2515 1054 2530 1079 ,

70 1082 258 1172 plenas
299 1085 662 1157 modestiae
709 1099 772 1156 et
822 1086 1129 1156 honesti:
1193 1087 1306 1157 sed
1358 1100 1421 1154 et
1470 1087 1888 1176 Apostolicas
1952 1087 2334 1157 sanctiones
2365 1142 2383 1167 ,
2455 1110 2534 1157 ac

36 1169 281 1256 ,decreta
323 1188 712 1244 sanctorum
768 1181 1065 1255 Patrum,
1128 1174 1492 1265 praecipue
1525 1174 2056 1245 consuetudines
2096 1188 2369 1245 sanctae
2405 1181 2534 1246 Ro-

70 1307 71 1310 =
124 1281 259 1331 anae
297 1263 630 1333 Ecclesiae
666 1319 681 1340 ,
738 1264 804 1332 in
856 1265 1126 1334 cunctis
1172 1262 1481 1333 ecclesiis
1529 1264 1888 1333 statuebat.
1944 1264 2115 1333 Hinc
2171 1277 2294 1344 est,
2350 1265 2529 1351 quod

36 1281 306 1440 &Iudicio
334 1352 466 1422 illis
497 1353 582 1422 ad
626 1353 831 1424 horas
856 1353 1226 1422 canonicas
1251 1364 1567 1422 cantatur
1589 1365 1653 1422 et
1681 1352 2020 1442 psallitur,
2051 1353 2246 1442 juxta
2275 1374 2531 1422 morem

72 1437 361 1509 universae
386 1456 622 1511 terrae.
659 1448 823 1511 Nam
857 1443 1142 1509 minime
1173 1441 1238 1509 id
1269 1454 1424 1510 ante
1451 1442 1675 1518 fiebat,
1704 1463 1788 1510 ne
1823 1442 1888 1510 in
1924 1442 2191 1510 civitate
2220 1442 2525 1529 quidem.

70 1529 186 1614 Ipse
214 1551 350 1599 vero
406 1530 472 1600 in
516 1530 984 1600 adolescentia
1038 1542 1315 1598 cantum
1366 1530 1744 1599 didicerat:
1797 1544 1861 1599 et
1908 1530 1975 1598 in
2031 1552 2157 1601 suo
2208 1531 2533 1600 coenobio

36 1635 187 1706 {mox
226 1621 461 1688 cantari
512 1619 723 1688 fecit:
776 1641 934 1688 curn
989 1619 1281 1688 necdum
1336 1619 1403 1688 in
1459 1619 1725 1687 civitate
1759 1673 1773 1700 ,
1835 1640 1954 1687 seu
2003 1619 2068 1687 in
2122 1620 2532 1709 Episcopatu

36 1704 324 1780 {universo
354 1719 630 1777 cantare
674 1708 950 1788 scirent,
995 1707 1092 1775 vel
1140 1706 1406 1776 vellent.
1448 1707 1699 1776 Deinde
1747 1729 1949 1777 usum
1995 1707 2528 1777 saluberrimum

36 1783 470 1910 {confessionis
528 1809 1041 1866 sacramentum
1093 1796 1637 1865 confirmationis
1668 1850 1682 1874 ,
1718 1808 2140 1865 contractum
2178 1797 2534 1886 conjugio-

62 1902 213 1964 rum,
255 1905 415 1970 quae
456 1886 695 1955 omnia
727 1899 844 1954 aut
881 1885 1308 1975 ignorabant,
1353 1897 1471 1954 aut
1521 1885 1979 1974 negligebant,
2037 1885 2405 1954 Malachias
2450 1884 2535 1954 de

62 1988 199 2040 novo
236 1972 538 2043 instituit.
597 1979 678 2042 Et
711 1973 795 2042 de
846 1973 954 2043 his
990 1973 1118 2043 ista
1159 1996 1279 2063 pro
1324 1974 1638 2063 exemplo
1679 1972 2046 2041 sufficiant.
2101 1978 2264 2043 Nam
2306 1988 2370 2042 et
2419 1995 2536 2063 per

258 2061 573 2132 historiae
608 2075 890 2141 textum,
944 2061 1291 2132 brevitatis
1333 2061 1562 2133 studio
1600 2061 1897 2151 plurima
1942 2063 2414 2151 praeterimus,

136 2145 272 2233 ξὸ.
322 2156 481 2220 Cum
532 2164 717 2221 esset
780 2150 880 2219 illi
936 2150 1241 2221 studium
1291 2163 1357 2220 et
1402 2150 1590 2221 zelus
1648 2151 1990 2220 maximus
2038 2152 2216 2219 circa
2273 2150 2532 2218 cultum

76 2230 417 2322 ditinorum,
453 2252 519 2309 et
557 2240 1061 2309 venerationem
1114 2253 1744 2309 sacramentorum:
1801 2261 1883 2307 ne
1924 2238 2090 2308 sorte
2138 2239 2221 2306 de
2255 2239 2363 2308 his
2412 2237 2538 2306 ali-

36 2355 39 2406 :
77 2321 199 2407 quid
228 2330 690 2410 constitueret,
749 2327 845 2397 vel
898 2328 1166 2398 doceret
1195 2350 1417 2411 secuS,
1461 2350 1667 2415 quam
1725 2330 1892 2397 ritus
1931 2328 2219 2397 haberet
2268 2327 2555 2396 univerz

36 2408 562 2501 {salissscclesiae,
622 2417 834 2487 subiit
871 2417 1179 2487 animum
1223 2416 1411 2487 adire
1445 2420 1858 2508 Episcopum
1903 2415 2270 2497 Malchum,
2314 2415 2431 2502 qui
2469 2436 2540 2485 se

36 2499 260 2589 tptenus
303 2511 384 2575 de
430 2506 768 2577 omnibus
817 2506 1233 2576 informaret.
1288 2507 1411 2575 Hic
1450 2519 1596 2576 erat
1634 2528 1835 2576 senex
1885 2505 2129 2595 plenus
2161 2505 2426 2574 dierum
2477 2516 2542 2572 et

52 2587 335 2671 ¹virtutum
370 2620 384 2663 :
437 2610 505 2664 et
542 2596 877 2685 sapientia
914 2595 1028 2663 Dei
1068 2607 1208 2664 erat
1258 2595 1324 2663 in
1365 2595 1504 2665 illo.
1543 2595 1822 2664 Natione
1851 2593 2127 2681 quidem
2166 2595 2535 2672 Hibernae,

185 2680 241 2781 iu
272 2684 506 2784 Anglia
543 2696 988 2754 conversatus
1023 2682 1240 2752 fuerat
1275 2684 1341 2751 in
1392 2684 1631 2753 habitu
1672 2696 1737 2751 et
1772 2683 2116 2773 proposito
2152 2680 2538 2752 monachali

74 2771 539 2864 thiutontensi
605 2773 1033 2841 monasterio.
1092 2777 1180 2840 De
1226 2794 1363 2859 quo
1410 2785 1811 2862 assumptus
1857 2784 1957 2841 est
2006 2772 2072 2839 in
2127 2773 2537 2861 Episcopum

36 2868 39 2929 l
74 2859 395 2930 mtesmor
424 2863 773 2930 civitatem
831 2860 1216 2930 Mumoniae
1249 2865 1276 2887 ⁸
1308 2886 1322 2925 ι
1374 2872 1438 2928 et
1486 2862 1634 2950 ipsa
1694 2861 1987 2929 nobilior
2026 2860 2203 2928 inter
2236 2874 2541 2929 caeteras

36 2956 47 3035 l
80 2947 223 3043 regni
257 2949 462 3020 illius.
526 2949 632 3019 Ibi
666 2963 846 3018 tanta
886 2950 942 3017 ei
979 2949 1276 3038 desuper
1311 2948 1554 3018 collata
1606 2963 1706 3017 est
1748 2949 1987 3039 gratia,
2042 2963 2118 3019 ut
2154 2971 2283 3018 non
2341 2949 2543 3018 modo

54 3038 251 3105 'minet
276 3039 619 3118 doctrina,
661 3036 772 3107 sed
810 3049 874 3106 et
906 3037 1125 3127 signis
1159 3037 1524 3107 clareret...
1569 3042 1696 3106 Pro
1735 3038 1866 3117 hia,
1901 3051 2106 3124 atque
2146 3036 2544 3125 hujusmodi

253 3128 746 3206 crebrescente,
805 3147 1051 3195 nomen
1115 3125 1373 3215 grande
1421 3126 1711 3215 adeptus
1754 3139 1898 3195 est:
1954 3127 2042 3194 ita
2105 3139 2177 3196 ut
2238 3126 2319 3195 ad
2384 3146 2540 3195 eum

76 3208 227 3293 Senti,
274 3216 698 3301 Hibernique
746 3215 1192 3293 confluerent,
1249 3226 1312 3285 et
1362 3226 1707 3302 tamquam
1763 3236 1944 3284 unus
1991 3216 2302 3284 omnium
2359 3227 2547 3304 pater

66 3296 458 3398 &homnibus
508 3304 870 3373 coleretur.
924 3302 1015 3371 Ad
1070 3303 1253 3372 hunc
1292 3325 1452 3393 ergo
1509 3303 1896 3382 Malachias,
1950 3317 2228 3392 accepta
2269 3302 2544 3372 benedi·

68 3398 245 3485 ctione
288 3394 501 3481 patris
542 3392 803 3470 Imarii,
845 3405 907 3460 et
942 3392 1027 3460 ab
1069 3392 1400 3481 Episcopo
1439 3393 1715 3473 missuS,
1754 3414 1909 3460 cum
1953 3413 2271 3481 prospere
2325 3411 2546 3479 perve·

66 3493 258 3558 uisset,
312 3480 612 3571 benigne
661 3503 697 3549 a
746 3502 906 3550 sene
954 3492 1316 3569 susceptus
1361 3493 1485 3549 est.
1540 3481 1667 3563 Qui
1704 3502 1922 3549 annos
1967 3480 2228 3567 aliquot
2260 3502 2416 3548 cum
2470 3500 2548 3547 eo

69 3568 297 3647 mansit,
331 3583 405 3638 ut
458 3591 582 3660 per
614 3568 790 3637 hanc
826 3569 1151 3658 temporis
1187 3590 1445 3638 moram
1481 3570 1788 3639 hauriret
1830 3569 2101 3659 plenius
2149 3568 2233 3638 de
2285 3581 2549 3658 pectore

68 3665 356 3741 veterano,
411 3659 641 3728 sciens
674 3657 1033 3745 scriptum,
1073 3657 1245 3739 Quia
1280 3657 1346 3725 in
1383 3659 1687 3745 antiquis
1727 3670 1827 3727 est
1866 3658 2223 3748 sapientia.
2265 3655 2386 3725 Sed
2431 3677 2551 3725 nec

68 3736 167 3842 hoc
192 3765 455 3832 quoque
494 3746 580 3815 ad
617 3768 899 3815 causam
949 3743 1248 3814 defuisse
1282 3767 1471 3815 reor:
1508 3746 1688 3833 quod
1744 3769 2035 3836 magnus
2086 3745 2197 3815 ille
2249 3745 2553 3835 provisor

66 3848 528 3916 untversorum,
576 3833 785 3904 voluit
833 3854 1101 3903 servum
1141 3856 1343 3904 suum
1383 3834 1786 3904 Malachiam
1829 3836 1897 3902 in
1937 3835 2084 3904 loco
2117 3847 2251 3903 tam
2302 3833 2553 3904 celebri

68 3930 263 3989 notum
294 3923 440 3992 fieri
476 3923 824 4003 omnibuS,
864 3922 983 4010 qui
1017 3935 1160 3990 erat
1193 3923 1518 3993 omnibus
1568 3923 1989 4012 profuturus
2045 3928 2172 3992 Nec
2220 3922 2401 3990 enim
2444 3944 2558 4012 po·

36 4012 203 4077 [terat
253 4032 385 4080 non
437 4034 587 4082 esse
633 4023 907 4101 gratuS,
964 4010 1217 4097 quibus
1268 4024 1467 4080 notus
1517 4012 1777 4082 fuisset.
1834 4012 2135 4097 Denique
2175 4031 2389 4080 unum
2451 4012 2559 4081 in-

70 4095 228 4191 terim
266 4100 537 4180 accidit,
596 4122 715 4190 per
753 4098 931 4186 quod
971 4121 1048 4168 ex
1082 4098 1312 4185 aliqua
1350 4113 1560 4187 parte,
1599 4101 1776 4187 quod
1835 4112 2066 4169 notum
2125 4104 2250 4167 Deo
2299 4114 2441 4169 erat
2488 4102 2556 4170 in

70 4176 181 4265 ³1¹0,
211 4187 640 4258 manifestum
672 4188 827 4257 fecit
864 4187 1282 4257 hominibus.
1324 4192 1505 4255 Inter
1535 4193 1784 4277 Regem
1817 4188 2200 4257 Mumoniae
2230 4189 2438 4276 (quae
2462 4202 2565 4258 est

74 4268 399 4345 Hiberniae
453 4299 613 4367 pars
664 4275 1025 4365 Australis)
1067 4290 1130 4345 et
1178 4297 1584 4364 germanum
1648 4277 1797 4365 ejus
1843 4288 1990 4344 orta
2047 4275 2395 4344 simultate
2431 4332 2445 4357 ,
2499 4290 2564 4345 et

80 4353 242 4430 tratre
272 4363 449 4434 sacto
480 4364 843 4455 superiori,
900 4369 1034 4434 Rex
1077 4365 1322 4455 pulsus
1375 4384 1627 4453 regno,
1675 4363 1981 4451 confugit
2030 4363 2112 4431 ad
2149 4364 2564 4453 Episcopum

114 4485 131 4507 ⁸
154 4486 286 4539 Vulgo
308 4492 436 4531 noun
456 4494 531 4532 vel
556 4484 753 4531 Hunnor-
772 4493 822 4533 ln
842 4490 1080 4532 Hibernia.

199 4573 428 4630 Sul-ius
456 4605 477 4617 ·
518 4571 684 4633 Vitae
715 4571 817 4635 SS.
850 4606 874 4617 ·
902 4572 1036 4633 Vol.
1068 4570 1169 4632 Xl.
1286 4556 1295 4565 ’
2380 4565 2416 4623 (ἶ

36 3926 45 4007 wr—
