<?xml version="1.0" encoding="UTF-8"?>
<!DOCTYPE html PUBLIC "-//W3C//DTD XHTML 1.0 Transitional//EN"
    "http://www.w3.org/TR/xhtml1/DTD/xhtml1-transitional.dtd">
<html xmlns="http://www.w3.org/1999/xhtml" xml:lang="en" lang="en">
 <head>
  <title>
</title>
<meta http-equiv="Content-Type" content="text/html;charset=utf-8" />
  <meta name='ocr-system' content='tesseract 3.04.00' />
  <meta name='ocr-capabilities' content='ocr_page ocr_carea ocr_par ocr_line ocrx_word'/>
</head>
<body>
  <div class='ocr_page' id='page_1' title='image "./historiaeseuvit05lippgoog_0358.png"; bbox 0 0 2993 4837; ppageno 0'>
   <div class='ocr_carea' id='block_1_1' title="bbox 486 314 2876 379">
    <p class='ocr_par' dir='ltr' id='par_1_1' title="bbox 486 314 2876 379">
     <span class='ocr_line' id='line_1_1' title="bbox 486 314 2876 379; baseline 0 -3"><span class='ocrx_word' id='word_1_1' title='bbox 486 314 612 377; x_wconf 66' lang='lat'>322</span> <span class='ocrx_word' id='word_1_2' title='bbox 972 331 1049 375; x_wconf 71' lang='lat' dir='ltr'>na</span> <span class='ocrx_word' id='word_1_3' title='bbox 1098 330 1152 375; x_wconf 92' lang='lat' dir='ltr'>s.</span> <span class='ocrx_word' id='word_1_4' title='bbox 1208 328 1607 376; x_wconf 54' lang='lat' dir='ltr'>sacramanto</span> <span class='ocrx_word' id='word_1_5' title='bbox 1656 329 1949 376; x_wconf 53' lang='lat' dir='ltr'>‚taeniam</span> <span class='ocrx_word' id='word_1_6' title='bbox 2003 329 2373 377; x_wconf 61' lang='lat' dir='ltr'>cotontamsr</span> <span class='ocrx_word' id='word_1_7' title='bbox 2658 315 2809 379; x_wconf 60' lang='lat' dir='ltr'>Nor.</span> <span class='ocrx_word' id='word_1_8' title='bbox 2848 317 2876 377; x_wconf 73' lang='grc' dir='ltr'>’ἶ</span> 
     </span>
    </p>
   </div>
   <div class='ocr_carea' id='block_1_2' title="bbox 389 413 2964 4409">
    <p class='ocr_par' dir='ltr' id='par_1_2' title="bbox 392 413 2899 1479">
     <span class='ocr_line' id='line_1_2' title="bbox 398 413 2881 504; baseline 0.001 -22"><span class='ocrx_word' id='word_1_9' title='bbox 398 416 453 482; x_wconf 90' lang='lat' dir='ltr'>si</span> <span class='ocrx_word' id='word_1_10' title='bbox 506 413 683 483; x_wconf 90' lang='lat' dir='ltr'>beati</span> <span class='ocrx_word' id='word_1_11' title='bbox 735 414 1025 503; x_wconf 81' lang='lat' dir='ltr'>pacifici,</span> <span class='ocrx_word' id='word_1_12' title='bbox 1080 414 1293 483; x_wconf 91' lang='lat' dir='ltr'>immo</span> <span class='ocrx_word' id='word_1_13' title='bbox 1341 414 1504 500; x_wconf 92' lang='lat' dir='ltr'>quia</span> <span class='ocrx_word' id='word_1_14' title='bbox 1556 414 1757 493; x_wconf 90' lang='lat' dir='ltr'>beati,</span> <span class='ocrx_word' id='word_1_15' title='bbox 1812 427 1877 482; x_wconf 91' lang='lat' dir='ltr'>et</span> <span class='ocrx_word' id='word_1_16' title='bbox 1924 414 2071 504; x_wconf 90' lang='lat' dir='ltr'>ipse</span> <span class='ocrx_word' id='word_1_17' title='bbox 2121 415 2361 485; x_wconf 88' lang='lat' dir='ltr'>beatus</span> <span class='ocrx_word' id='word_1_18' title='bbox 2417 428 2540 484; x_wconf 89' lang='lat' dir='ltr'>est.</span> <span class='ocrx_word' id='word_1_19' title='bbox 2598 418 2715 498; x_wconf 87' lang='lat' dir='ltr'>Qui</span> <span class='ocrx_word' id='word_1_20' title='bbox 2757 434 2881 486; x_wconf 83' lang='lat' dir='ltr'>cum</span> 
     </span>
     <span class='ocr_line' id='line_1_3' title="bbox 397 502 2887 594; baseline 0.001 -24"><span class='ocrx_word' id='word_1_21' title='bbox 397 502 768 589; x_wconf 86' lang='lat' dir='ltr'>aliquando</span> <span class='ocrx_word' id='word_1_22' title='bbox 817 514 1217 591; x_wconf 85' lang='lat' dir='ltr'>argueretur</span> <span class='ocrx_word' id='word_1_23' title='bbox 1263 525 1298 571; x_wconf 91' lang='lat' dir='ltr'>a</span> <span class='ocrx_word' id='word_1_24' title='bbox 1338 502 1698 587; x_wconf 71' lang='lat' dir='ltr'>religiosiS,</span> <span class='ocrx_word' id='word_1_25' title='bbox 1752 524 1964 589; x_wconf 89' lang='lat' dir='ltr'>quare</span> <span class='ocrx_word' id='word_1_26' title='bbox 2002 506 2388 573; x_wconf 80' lang='lat' dir='ltr'>exactiones</span> <span class='ocrx_word' id='word_1_27' title='bbox 2424 504 2666 573; x_wconf 82' lang='lat' dir='ltr'>faceret</span> <span class='ocrx_word' id='word_1_28' title='bbox 2697 506 2754 573; x_wconf 91' lang='lat' dir='ltr'>in</span> <span class='ocrx_word' id='word_1_29' title='bbox 2792 526 2887 594; x_wconf 90' lang='lat' dir='ltr'>po-</span> 
     </span>
     <span class='ocr_line' id='line_1_4' title="bbox 402 591 2883 683; baseline 0 -23"><span class='ocrx_word' id='word_1_30' title='bbox 402 592 635 680; x_wconf 91' lang='lat' dir='ltr'>pulum</span> <span class='ocrx_word' id='word_1_31' title='bbox 676 591 809 660; x_wconf 87' lang='lat' dir='ltr'>sibi</span> <span class='ocrx_word' id='word_1_32' title='bbox 848 592 1259 681; x_wconf 86' lang='lat' dir='ltr'>subjectum,</span> <span class='ocrx_word' id='word_1_33' title='bbox 1300 591 1655 660; x_wconf 88' lang='lat' dir='ltr'>humiliter</span> <span class='ocrx_word' id='word_1_34' title='bbox 1696 613 1767 659; x_wconf 92' lang='lat' dir='ltr'>se</span> <span class='ocrx_word' id='word_1_35' title='bbox 1794 593 2161 674; x_wconf 81' lang='lat' dir='ltr'>excusavit,</span> <span class='ocrx_word' id='word_1_36' title='bbox 2208 592 2488 681; x_wconf 90' lang='lat' dir='ltr'>culpam</span> <span class='ocrx_word' id='word_1_37' title='bbox 2523 596 2883 683; x_wconf 74' lang='lat' dir='ltr'>recognovit,</span> 
     </span>
     <span class='ocr_line' id='line_1_5' title="bbox 396 679 2888 770; baseline 0 -22"><span class='ocrx_word' id='word_1_38' title='bbox 396 679 630 750; x_wconf 89' lang='lat' dir='ltr'>dicens</span> <span class='ocrx_word' id='word_1_39' title='bbox 681 682 829 749; x_wconf 90' lang='lat' dir='ltr'>sine</span> <span class='ocrx_word' id='word_1_40' title='bbox 880 680 1191 770; x_wconf 88' lang='lat' dir='ltr'>pecuniis</span> <span class='ocrx_word' id='word_1_41' title='bbox 1242 702 1477 769; x_wconf 88' lang='lat' dir='ltr'>pacem</span> <span class='ocrx_word' id='word_1_42' title='bbox 1531 701 1603 749; x_wconf 91' lang='lat' dir='ltr'>se</span> <span class='ocrx_word' id='word_1_43' title='bbox 1653 702 1784 748; x_wconf 91' lang='lat' dir='ltr'>non</span> <span class='ocrx_word' id='word_1_44' title='bbox 1840 702 2037 769; x_wconf 88' lang='lat' dir='ltr'>posse</span> <span class='ocrx_word' id='word_1_45' title='bbox 2079 680 2300 750; x_wconf 87' lang='lat' dir='ltr'>facere</span> <span class='ocrx_word' id='word_1_46' title='bbox 2350 683 2415 750; x_wconf 90' lang='lat' dir='ltr'>in</span> <span class='ocrx_word' id='word_1_47' title='bbox 2473 683 2685 751; x_wconf 86' lang='lat' dir='ltr'>terris.</span> <span class='ocrx_word' id='word_1_48' title='bbox 2734 688 2888 750; x_wconf 86' lang='lat' dir='ltr'>Tem·</span> 
     </span>
     <span class='ocr_line' id='line_1_6' title="bbox 396 767 2890 926; baseline 0 -88"><span class='ocrx_word' id='word_1_49' title='bbox 396 791 556 926; x_wconf 62' lang='lat' dir='ltr'>pore</span> <span class='ocrx_word' id='word_1_50' title='bbox 595 768 890 855; x_wconf 90' lang='lat' dir='ltr'>quodam</span> <span class='ocrx_word' id='word_1_51' title='bbox 945 768 1027 837; x_wconf 89' lang='lat' dir='ltr'>de</span> <span class='ocrx_word' id='word_1_52' title='bbox 1077 767 1193 837; x_wconf 91' lang='lat' dir='ltr'>tali</span> <span class='ocrx_word' id='word_1_53' title='bbox 1248 768 1527 837; x_wconf 89' lang='lat' dir='ltr'>materia</span> <span class='ocrx_word' id='word_1_54' title='bbox 1562 768 1921 838; x_wconf 87' lang='lat' dir='ltr'>conferens</span> <span class='ocrx_word' id='word_1_55' title='bbox 1952 791 2109 838; x_wconf 91' lang='lat' dir='ltr'>cum</span> <span class='ocrx_word' id='word_1_56' title='bbox 2152 770 2483 860; x_wconf 84' lang='lat' dir='ltr'>magistro</span> <span class='ocrx_word' id='word_1_57' title='bbox 2519 776 2767 840; x_wconf 81' lang='lat' dir='ltr'>Joanne</span> <span class='ocrx_word' id='word_1_58' title='bbox 2795 770 2890 839; x_wconf 75' lang='lat' dir='ltr'>Ab·</span> 
     </span>
     <span class='ocr_line' id='line_1_7' title="bbox 441 856 2888 947; baseline 0.001 -22"><span class='ocrx_word' id='word_1_59' title='bbox 441 872 545 926; x_wconf 88' lang='lat' dir='ltr'>ate</span> <span class='ocrx_word' id='word_1_60' title='bbox 593 858 811 926; x_wconf 88' lang='lat' dir='ltr'>sancti</span> <span class='ocrx_word' id='word_1_61' title='bbox 860 856 1224 936; x_wconf 79' lang='lat' dir='ltr'>TrudoniS,</span> <span class='ocrx_word' id='word_1_62' title='bbox 1277 857 1548 945; x_wconf 76' lang='lat' dir='ltr'>aJebat:</span> <span class='ocrx_word' id='word_1_63' title='bbox 1604 880 1639 922; x_wconf 88' lang='lat'>«</span> <span class='ocrx_word' id='word_1_64' title='bbox 1675 858 2013 947; x_wconf 76' lang='lat' dir='ltr'>Magister,</span> <span class='ocrx_word' id='word_1_65' title='bbox 2070 859 2286 927; x_wconf 90' lang='lat' dir='ltr'>nostis</span> <span class='ocrx_word' id='word_1_66' title='bbox 2333 859 2502 945; x_wconf 87' lang='lat' dir='ltr'>quid</span> <span class='ocrx_word' id='word_1_67' title='bbox 2556 859 2762 928; x_wconf 86' lang='lat' dir='ltr'>facere</span> <span class='ocrx_word' id='word_1_68' title='bbox 2801 881 2888 928; x_wconf 88' lang='lat' dir='ltr'>co·</span> 
     </span>
     <span class='ocr_line' id='line_1_8' title="bbox 392 944 2893 1036; baseline 0 -22"><span class='ocrx_word' id='word_1_69' title='bbox 392 947 744 1036; x_wconf 85' lang='lat' dir='ltr'>gitaverim</span> <span class='ocrx_word' id='word_1_70' title='bbox 773 949 804 1013; x_wconf 69' lang='lat' dir='ltr'>‘t</span> <span class='ocrx_word' id='word_1_71' title='bbox 827 968 862 1012; x_wconf 80' lang='lat'><strong>»</strong></span> <span class='ocrx_word' id='word_1_72' title='bbox 893 944 1368 1036; x_wconf 88' lang='lat' dir='ltr'>Respondente</span> <span class='ocrx_word' id='word_1_73' title='bbox 1405 946 1543 1026; x_wconf 91' lang='lat' dir='ltr'>illo,</span> <span class='ocrx_word' id='word_1_74' title='bbox 1578 969 1612 1011; x_wconf 93' lang='lat'>«</span> <span class='ocrx_word' id='word_1_75' title='bbox 1639 945 2135 1027; x_wconf 85' lang='lat' dir='ltr'>Non‚domine:</span> <span class='ocrx_word' id='word_1_76' title='bbox 2171 970 2206 1013; x_wconf 88' lang='lat'>»</span> <span class='ocrx_word' id='word_1_77' title='bbox 2235 948 2630 1035; x_wconf 84' lang='lat' dir='ltr'>subjunxit:</span> <span class='ocrx_word' id='word_1_78' title='bbox 2664 953 2893 1036; x_wconf 83' lang='lat' dir='ltr'>«Super</span> 
     </span>
     <span class='ocr_line' id='line_1_9' title="bbox 393 1033 2890 1118; baseline 0 -14"><span class='ocrx_word' id='word_1_79' title='bbox 393 1056 630 1104; x_wconf 88' lang='lat' dir='ltr'>omnes</span> <span class='ocrx_word' id='word_1_80' title='bbox 690 1033 994 1104; x_wconf 88' lang='lat' dir='ltr'>redditus</span> <span class='ocrx_word' id='word_1_81' title='bbox 1058 1056 1244 1104; x_wconf 88' lang='lat' dir='ltr'>meos</span> <span class='ocrx_word' id='word_1_82' title='bbox 1300 1033 1661 1103; x_wconf 82' lang='lat' dir='ltr'>duodecim</span> <span class='ocrx_word' id='word_1_83' title='bbox 1715 1033 2037 1104; x_wconf 80' lang='lat' dir='ltr'>scultetos</span> <span class='ocrx_word' id='word_1_84' title='bbox 2101 1036 2131 1064; x_wconf 70' lang='lat'>³¹¹</span> <span class='ocrx_word' id='word_1_85' title='bbox 2196 1036 2516 1105; x_wconf 87' lang='lat' dir='ltr'>ordinare</span> <span class='ocrx_word' id='word_1_86' title='bbox 2576 1036 2890 1118; x_wconf 73' lang='lat' dir='ltr'>disposui,</span> 
     </span>
     <span class='ocr_line' id='line_1_10' title="bbox 395 1121 2895 1203; baseline 0 -12"><span class='ocrx_word' id='word_1_87' title='bbox 395 1138 469 1191; x_wconf 88' lang='lat' dir='ltr'>ut</span> <span class='ocrx_word' id='word_1_88' title='bbox 520 1123 656 1193; x_wconf 90' lang='lat' dir='ltr'>illis</span> <span class='ocrx_word' id='word_1_89' title='bbox 704 1124 949 1193; x_wconf 87' lang='lat' dir='ltr'>caeteri</span> <span class='ocrx_word' id='word_1_90' title='bbox 998 1123 1589 1192; x_wconf 79' lang='lat' dir='ltr'>administratores</span> <span class='ocrx_word' id='word_1_91' title='bbox 1641 1123 1968 1192; x_wconf 89' lang='lat' dir='ltr'>rationem</span> <span class='ocrx_word' id='word_1_92' title='bbox 2023 1121 2334 1203; x_wconf 85' lang='lat' dir='ltr'>reddant,</span> <span class='ocrx_word' id='word_1_93' title='bbox 2379 1138 2555 1194; x_wconf 81' lang='lat' dir='ltr'>etex</span> <span class='ocrx_word' id='word_1_94' title='bbox 2599 1125 2731 1193; x_wconf 91' lang='lat' dir='ltr'>illis</span> <span class='ocrx_word' id='word_1_95' title='bbox 2760 1124 2895 1194; x_wconf 90' lang='lat' dir='ltr'>duo-</span> 
     </span>
     <span class='ocr_line' id='line_1_11' title="bbox 397 1210 2897 1301; baseline 0 -22"><span class='ocrx_word' id='word_1_96' title='bbox 397 1211 615 1281; x_wconf 86' lang='lat' dir='ltr'>decim</span> <span class='ocrx_word' id='word_1_97' title='bbox 669 1212 964 1301; x_wconf 80' lang='lat' dir='ltr'>singulis</span> <span class='ocrx_word' id='word_1_98' title='bbox 1014 1212 1371 1280; x_wconf 89' lang='lat' dir='ltr'>mensibus</span> <span class='ocrx_word' id='word_1_99' title='bbox 1420 1210 1677 1301; x_wconf 86' lang='lat' dir='ltr'>singuli</span> <span class='ocrx_word' id='word_1_100' title='bbox 1730 1212 1900 1280; x_wconf 88' lang='lat' dir='ltr'>mibi</span> <span class='ocrx_word' id='word_1_101' title='bbox 1961 1212 2267 1299; x_wconf 87' lang='lat' dir='ltr'>meisque</span> <span class='ocrx_word' id='word_1_102' title='bbox 2313 1213 2805 1293; x_wconf 83' lang='lat' dir='ltr'>administrent,</span> <span class='ocrx_word' id='word_1_103' title='bbox 2850 1228 2897 1281; x_wconf 87' lang='lat' dir='ltr'>et</span> 
     </span>
     <span class='ocr_line' id='line_1_12' title="bbox 398 1299 2899 1391; baseline 0 -24"><span class='ocrx_word' id='word_1_104' title='bbox 398 1301 489 1370; x_wconf 90' lang='lat' dir='ltr'>ita</span> <span class='ocrx_word' id='word_1_105' title='bbox 539 1322 670 1369; x_wconf 91' lang='lat' dir='ltr'>non</span> <span class='ocrx_word' id='word_1_106' title='bbox 721 1302 849 1369; x_wconf 91' lang='lat' dir='ltr'>erit</span> <span class='ocrx_word' id='word_1_107' title='bbox 898 1321 1195 1380; x_wconf 87' lang='lat' dir='ltr'>necesse,</span> <span class='ocrx_word' id='word_1_108' title='bbox 1256 1313 1331 1370; x_wconf 92' lang='lat' dir='ltr'>ut</span> <span class='ocrx_word' id='word_1_109' title='bbox 1377 1299 1601 1370; x_wconf 91' lang='lat' dir='ltr'>aliena</span> <span class='ocrx_word' id='word_1_110' title='bbox 1650 1301 1966 1389; x_wconf 88' lang='lat' dir='ltr'>rapiam,</span> <span class='ocrx_word' id='word_1_111' title='bbox 2023 1301 2162 1370; x_wconf 84' lang='lat' dir='ltr'>sive</span> <span class='ocrx_word' id='word_1_112' title='bbox 2211 1324 2333 1391; x_wconf 89' lang='lat' dir='ltr'>per</span> <span class='ocrx_word' id='word_1_113' title='bbox 2376 1303 2756 1372; x_wconf 83' lang='lat' dir='ltr'>exactiones</span> <span class='ocrx_word' id='word_1_114' title='bbox 2805 1302 2899 1370; x_wconf 88' lang='lat' dir='ltr'>ali-</span> 
     </span>
     <span class='ocr_line' id='line_1_13' title="bbox 396 1410 1007 1479; baseline -0.008 -21"><span class='ocrx_word' id='word_1_115' title='bbox 396 1411 597 1476; x_wconf 91' lang='lat' dir='ltr'>quem</span> <span class='ocrx_word' id='word_1_116' title='bbox 636 1410 937 1479; x_wconf 86' lang='lat' dir='ltr'>gravem.</span> <span class='ocrx_word' id='word_1_117' title='bbox 981 1416 1007 1453; x_wconf 64' lang='lat' dir='ltr'>u</span> 
     </span>
    </p>

    <p class='ocr_par' dir='ltr' id='par_1_3' title="bbox 389 1476 2964 4409">
     <span class='ocr_line' id='line_1_14' title="bbox 484 1476 2894 1565; baseline -0.001 -17"><span class='ocrx_word' id='word_1_118' title='bbox 484 1480 518 1565; x_wconf 65' lang='grc' dir='ltr'>ξ</span> <span class='ocrx_word' id='word_1_119' title='bbox 565 1482 641 1549; x_wconf 72' lang='grc'>’1.</span> <span class='ocrx_word' id='word_1_120' title='bbox 698 1479 1030 1546; x_wconf 88' lang='lat' dir='ltr'>Ditaverat</span> <span class='ocrx_word' id='word_1_121' title='bbox 1073 1476 1266 1546; x_wconf 90' lang='lat' dir='ltr'>illum</span> <span class='ocrx_word' id='word_1_122' title='bbox 1306 1477 1522 1565; x_wconf 83' lang='lat' dir='ltr'>gratia</span> <span class='ocrx_word' id='word_1_123' title='bbox 1550 1477 1805 1555; x_wconf 87' lang='lat' dir='ltr'>divina,</span> <span class='ocrx_word' id='word_1_124' title='bbox 1846 1476 2231 1547; x_wconf 87' lang='lat' dir='ltr'>secundum</span> <span class='ocrx_word' id='word_1_125' title='bbox 2267 1501 2470 1549; x_wconf 90' lang='lat' dir='ltr'>usum</span> <span class='ocrx_word' id='word_1_126' title='bbox 2507 1480 2894 1557; x_wconf 81' lang='lat' dir='ltr'>exteriorem,</span> 
     </span>
     <span class='ocr_line' id='line_1_15' title="bbox 399 1565 2896 1667; baseline 0.002 -30"><span class='ocrx_word' id='word_1_127' title='bbox 399 1567 649 1657; x_wconf 89' lang='lat' dir='ltr'>spiritu</span> <span class='ocrx_word' id='word_1_128' title='bbox 698 1566 1070 1667; x_wconf 78' lang='lat' dir='ltr'>sapientiae</span> <span class='ocrx_word' id='word_1_129' title='bbox 1115 1579 1180 1635; x_wconf 91' lang='lat' dir='ltr'>et</span> <span class='ocrx_word' id='word_1_130' title='bbox 1238 1565 1670 1640; x_wconf 82' lang='lat' dir='ltr'>intellectus,</span> <span class='ocrx_word' id='word_1_131' title='bbox 1727 1565 1973 1655; x_wconf 88' lang='lat' dir='ltr'>spiritu</span> <span class='ocrx_word' id='word_1_132' title='bbox 2023 1568 2292 1636; x_wconf 91' lang='lat' dir='ltr'>consilii</span> <span class='ocrx_word' id='word_1_133' title='bbox 2348 1583 2412 1637; x_wconf 93' lang='lat' dir='ltr'>et</span> <span class='ocrx_word' id='word_1_134' title='bbox 2468 1567 2896 1641; x_wconf 76' lang='lat' dir='ltr'>fortitudinis·</span> 
     </span>
     <span class='ocr_line' id='line_1_16' title="bbox 399 1654 2896 1745; baseline -0 -23"><span class='ocrx_word' id='word_1_135' title='bbox 399 1655 650 1745; x_wconf 88' lang='lat' dir='ltr'>spiritu</span> <span class='ocrx_word' id='word_1_136' title='bbox 693 1655 1014 1725; x_wconf 82' lang='lat' dir='ltr'>scientiae</span> <span class='ocrx_word' id='word_1_137' title='bbox 1046 1667 1111 1723; x_wconf 90' lang='lat' dir='ltr'>et</span> <span class='ocrx_word' id='word_1_138' title='bbox 1160 1654 1449 1743; x_wconf 89' lang='lat' dir='ltr'>pietatis,</span> <span class='ocrx_word' id='word_1_139' title='bbox 1490 1676 1612 1723; x_wconf 85' lang='lat' dir='ltr'>nec</span> <span class='ocrx_word' id='word_1_140' title='bbox 1645 1654 1875 1724; x_wconf 88' lang='lat' dir='ltr'>deerat</span> <span class='ocrx_word' id='word_1_141' title='bbox 1912 1656 1971 1723; x_wconf 91' lang='lat' dir='ltr'>ei</span> <span class='ocrx_word' id='word_1_142' title='bbox 2015 1655 2302 1744; x_wconf 90' lang='lat' dir='ltr'>spiritus</span> <span class='ocrx_word' id='word_1_143' title='bbox 2339 1656 2604 1729; x_wconf 86' lang='lat' dir='ltr'>timoris</span> <span class='ocrx_word' id='word_1_144' title='bbox 2644 1657 2896 1726; x_wconf 87' lang='lat' dir='ltr'>Domini.</span> 
     </span>
     <span class='ocr_line' id='line_1_17' title="bbox 398 1743 2900 1834; baseline -0 -21"><span class='ocrx_word' id='word_1_145' title='bbox 398 1744 786 1813; x_wconf 86' lang='lat' dir='ltr'>Secundum</span> <span class='ocrx_word' id='word_1_146' title='bbox 841 1765 1045 1814; x_wconf 91' lang='lat' dir='ltr'>usum</span> <span class='ocrx_word' id='word_1_147' title='bbox 1097 1744 1493 1811; x_wconf 82' lang='lat' dir='ltr'>exteriorem</span> <span class='ocrx_word' id='word_1_148' title='bbox 1548 1744 1711 1823; x_wconf 86' lang='lat' dir='ltr'>dixi,</span> <span class='ocrx_word' id='word_1_149' title='bbox 1767 1766 1844 1812; x_wconf 90' lang='lat' dir='ltr'>eo</span> <span class='ocrx_word' id='word_1_150' title='bbox 1878 1743 2055 1830; x_wconf 90' lang='lat' dir='ltr'>quod</span> <span class='ocrx_word' id='word_1_151' title='bbox 2111 1745 2561 1834; x_wconf 84' lang='lat' dir='ltr'>spiritualiter</span> <span class='ocrx_word' id='word_1_152' title='bbox 2596 1746 2745 1815; x_wconf 91' lang='lat' dir='ltr'>sine</span> <span class='ocrx_word' id='word_1_153' title='bbox 2775 1745 2900 1814; x_wconf 84' lang='lat' dir='ltr'>cha-</span> 
     </span>
     <span class='ocr_line' id='line_1_18' title="bbox 399 1830 2898 1921; baseline 0 -22"><span class='ocrx_word' id='word_1_154' title='bbox 399 1833 589 1901; x_wconf 83' lang='lat' dir='ltr'>ritate</span> <span class='ocrx_word' id='word_1_155' title='bbox 651 1832 884 1901; x_wconf 90' lang='lat' dir='ltr'>haberi</span> <span class='ocrx_word' id='word_1_156' title='bbox 936 1845 1296 1918; x_wconf 90' lang='lat' dir='ltr'>nequeant.</span> <span class='ocrx_word' id='word_1_157' title='bbox 1354 1837 1614 1900; x_wconf 88' lang='lat' dir='ltr'>Statum</span> <span class='ocrx_word' id='word_1_158' title='bbox 1665 1832 1816 1921; x_wconf 86' lang='lat' dir='ltr'>ejus</span> <span class='ocrx_word' id='word_1_159' title='bbox 1864 1833 2256 1902; x_wconf 86' lang='lat' dir='ltr'>interiorem</span> <span class='ocrx_word' id='word_1_160' title='bbox 2323 1839 2499 1903; x_wconf 90' lang='lat' dir='ltr'>Deus</span> <span class='ocrx_word' id='word_1_161' title='bbox 2551 1836 2758 1904; x_wconf 87' lang='lat' dir='ltr'>novit.</span> <span class='ocrx_word' id='word_1_162' title='bbox 2807 1830 2898 1902; x_wconf 80' lang='lat' dir='ltr'>Sed</span> 
     </span>
     <span class='ocr_line' id='line_1_19' title="bbox 393 1920 2905 2011; baseline -0.001 -21"><span class='ocrx_word' id='word_1_163' title='bbox 393 1934 458 1990; x_wconf 90' lang='lat' dir='ltr'>et</span> <span class='ocrx_word' id='word_1_164' title='bbox 503 1920 784 2008; x_wconf 88' lang='lat' dir='ltr'>quidam</span> <span class='ocrx_word' id='word_1_165' title='bbox 821 1944 897 1989; x_wconf 84' lang='lat' dir='ltr'>ex</span> <span class='ocrx_word' id='word_1_166' title='bbox 933 1922 1082 2010; x_wconf 85' lang='lat' dir='ltr'>ejus</span> <span class='ocrx_word' id='word_1_167' title='bbox 1132 1920 1588 2010; x_wconf 78' lang='lat' dir='ltr'>CappellaniS,</span> <span class='ocrx_word' id='word_1_168' title='bbox 1628 1921 1747 2007; x_wconf 92' lang='lat' dir='ltr'>qui</span> <span class='ocrx_word' id='word_1_169' title='bbox 1797 1922 2285 1991; x_wconf 88' lang='lat' dir='ltr'>conscientiam</span> <span class='ocrx_word' id='word_1_170' title='bbox 2329 1923 2478 2011; x_wconf 82' lang='lat' dir='ltr'>ejus</span> <span class='ocrx_word' id='word_1_171' title='bbox 2515 1938 2808 2002; x_wconf 81' lang='lat' dir='ltr'>noverat,</span> <span class='ocrx_word' id='word_1_172' title='bbox 2844 1922 2905 1988; x_wconf 78' lang='lat' dir='ltr'>de</span> 
     </span>
     <span class='ocr_line' id='line_1_20' title="bbox 398 2008 2904 2099; baseline 0 -23"><span class='ocrx_word' id='word_1_173' title='bbox 398 2010 546 2099; x_wconf 92' lang='lat' dir='ltr'>ipso</span> <span class='ocrx_word' id='word_1_174' title='bbox 598 2032 756 2079; x_wconf 91' lang='lat' dir='ltr'>cum</span> <span class='ocrx_word' id='word_1_175' title='bbox 798 2010 1050 2080; x_wconf 77' lang='lat' dir='ltr'>Abbate</span> <span class='ocrx_word' id='word_1_176' title='bbox 1099 2021 1328 2078; x_wconf 91' lang='lat' dir='ltr'>nostro</span> <span class='ocrx_word' id='word_1_177' title='bbox 1377 2008 1756 2090; x_wconf 82' lang='lat' dir='ltr'>conserenS,</span> <span class='ocrx_word' id='word_1_178' title='bbox 1782 2009 1882 2079; x_wconf 89' lang='lat' dir='ltr'>sic</span> <span class='ocrx_word' id='word_1_179' title='bbox 1914 2010 2049 2079; x_wconf 82' lang='lat' dir='ltr'>ait:</span> <span class='ocrx_word' id='word_1_180' title='bbox 2083 2033 2117 2075; x_wconf 89' lang='lat'>«</span> <span class='ocrx_word' id='word_1_181' title='bbox 2156 2011 2333 2079; x_wconf 90' lang='lat' dir='ltr'>Licet</span> <span class='ocrx_word' id='word_1_182' title='bbox 2372 2011 2705 2081; x_wconf 88' lang='lat' dir='ltr'>dominus</span> <span class='ocrx_word' id='word_1_183' title='bbox 2755 2032 2904 2079; x_wconf 75' lang='lat' dir='ltr'>meus</span> 
     </span>
     <span class='ocr_line' id='line_1_21' title="bbox 395 2098 2901 2188; baseline -0 -20"><span class='ocrx_word' id='word_1_184' title='bbox 395 2098 724 2168; x_wconf 86' lang='lat' dir='ltr'>secularis</span> <span class='ocrx_word' id='word_1_185' title='bbox 773 2098 1148 2179; x_wconf 86' lang='lat' dir='ltr'>habeatur,</span> <span class='ocrx_word' id='word_1_186' title='bbox 1208 2120 1339 2166; x_wconf 91' lang='lat' dir='ltr'>non</span> <span class='ocrx_word' id='word_1_187' title='bbox 1395 2111 1618 2166; x_wconf 90' lang='lat' dir='ltr'>tamen</span> <span class='ocrx_word' id='word_1_188' title='bbox 1672 2098 1860 2168; x_wconf 88' lang='lat' dir='ltr'>intus</span> <span class='ocrx_word' id='word_1_189' title='bbox 1920 2099 2075 2167; x_wconf 88' lang='lat' dir='ltr'>talis</span> <span class='ocrx_word' id='word_1_190' title='bbox 2120 2113 2265 2181; x_wconf 87' lang='lat' dir='ltr'>est,</span> <span class='ocrx_word' id='word_1_191' title='bbox 2328 2098 2556 2187; x_wconf 90' lang='lat' dir='ltr'>qualis</span> <span class='ocrx_word' id='word_1_192' title='bbox 2607 2101 2772 2169; x_wconf 84' lang='lat' dir='ltr'>soris</span> <span class='ocrx_word' id='word_1_193' title='bbox 2811 2122 2901 2188; x_wconf 85' lang='lat' dir='ltr'>ap-</span> 
     </span>
     <span class='ocr_line' id='line_1_22' title="bbox 401 2186 2901 2275; baseline 0 -19"><span class='ocrx_word' id='word_1_194' title='bbox 401 2203 608 2275; x_wconf 88' lang='lat' dir='ltr'>paret.</span> <span class='ocrx_word' id='word_1_195' title='bbox 666 2188 905 2257; x_wconf 87' lang='lat' dir='ltr'>Sciatis</span> <span class='ocrx_word' id='word_1_196' title='bbox 944 2209 1100 2256; x_wconf 90' lang='lat' dir='ltr'>eum</span> <span class='ocrx_word' id='word_1_197' title='bbox 1143 2186 1394 2255; x_wconf 90' lang='lat' dir='ltr'>multas</span> <span class='ocrx_word' id='word_1_198' title='bbox 1441 2186 1748 2256; x_wconf 88' lang='lat' dir='ltr'>occultas</span> <span class='ocrx_word' id='word_1_199' title='bbox 1793 2187 2294 2257; x_wconf 90' lang='lat' dir='ltr'>consolationes</span> <span class='ocrx_word' id='word_1_200' title='bbox 2330 2188 2581 2259; x_wconf 87' lang='lat' dir='ltr'>habere</span> <span class='ocrx_word' id='word_1_201' title='bbox 2621 2213 2661 2258; x_wconf 92' lang='lat' dir='ltr'>a</span> <span class='ocrx_word' id='word_1_202' title='bbox 2717 2195 2831 2258; x_wconf 83' lang='lat' dir='ltr'>Deo</span> <span class='ocrx_word' id='word_1_203' title='bbox 2879 2212 2901 2248; x_wconf 72' lang='lat'>1·</span> 
     </span>
     <span class='ocr_line' id='line_1_23' title="bbox 396 2274 2904 2366; baseline -0.001 -21"><span class='ocrx_word' id='word_1_204' title='bbox 396 2281 550 2345; x_wconf 84' lang='lat' dir='ltr'>Erat</span> <span class='ocrx_word' id='word_1_205' title='bbox 597 2278 779 2345; x_wconf 89' lang='lat' dir='ltr'>enim</span> <span class='ocrx_word' id='word_1_206' title='bbox 833 2276 1108 2366; x_wconf 88' lang='lat' dir='ltr'>sapiens</span> <span class='ocrx_word' id='word_1_207' title='bbox 1158 2274 1240 2343; x_wconf 90' lang='lat' dir='ltr'>ad</span> <span class='ocrx_word' id='word_1_208' title='bbox 1292 2276 1548 2354; x_wconf 90' lang='lat' dir='ltr'>omnia,</span> <span class='ocrx_word' id='word_1_209' title='bbox 1602 2290 1666 2343; x_wconf 91' lang='lat' dir='ltr'>et</span> <span class='ocrx_word' id='word_1_210' title='bbox 1713 2275 2127 2365; x_wconf 84' lang='lat' dir='ltr'>intelligens.</span> <span class='ocrx_word' id='word_1_211' title='bbox 2184 2279 2539 2365; x_wconf 80' lang='lat' dir='ltr'>Sapienter</span> <span class='ocrx_word' id='word_1_212' title='bbox 2586 2278 2675 2346; x_wconf 88' lang='lat' dir='ltr'>ad</span> <span class='ocrx_word' id='word_1_213' title='bbox 2714 2277 2904 2347; x_wconf 84' lang='lat' dir='ltr'>omnia</span> 
     </span>
     <span class='ocr_line' id='line_1_24' title="bbox 396 2362 2900 2455; baseline -0.001 -22"><span class='ocrx_word' id='word_1_214' title='bbox 396 2366 795 2455; x_wconf 90' lang='lat' dir='ltr'>respondit,</span> <span class='ocrx_word' id='word_1_215' title='bbox 862 2379 926 2435; x_wconf 92' lang='lat' dir='ltr'>et</span> <span class='ocrx_word' id='word_1_216' title='bbox 972 2364 1136 2452; x_wconf 91' lang='lat' dir='ltr'>quid</span> <span class='ocrx_word' id='word_1_217' title='bbox 1188 2365 1481 2451; x_wconf 89' lang='lat' dir='ltr'>quisque</span> <span class='ocrx_word' id='word_1_218' title='bbox 1531 2362 1754 2435; x_wconf 90' lang='lat' dir='ltr'>dicere</span> <span class='ocrx_word' id='word_1_219' title='bbox 1820 2363 2059 2444; x_wconf 86' lang='lat' dir='ltr'>vellet,</span> <span class='ocrx_word' id='word_1_220' title='bbox 2117 2363 2315 2434; x_wconf 90' lang='lat' dir='ltr'>facile</span> <span class='ocrx_word' id='word_1_221' title='bbox 2366 2366 2722 2437; x_wconf 84' lang='lat' dir='ltr'>intellexit.</span> <span class='ocrx_word' id='word_1_222' title='bbox 2775 2372 2900 2435; x_wconf 79' lang='lat' dir='ltr'>Cum</span> 
     </span>
     <span class='ocr_line' id='line_1_25' title="bbox 397 2452 2901 2537; baseline 0 -17"><span class='ocrx_word' id='word_1_223' title='bbox 397 2456 735 2524; x_wconf 87' lang='lat' dir='ltr'>venissent</span> <span class='ocrx_word' id='word_1_224' title='bbox 770 2455 1113 2524; x_wconf 84' lang='lat' dir='ltr'>Coloniam</span> <span class='ocrx_word' id='word_1_225' title='bbox 1154 2453 1392 2522; x_wconf 85' lang='lat' dir='ltr'>fratres</span> <span class='ocrx_word' id='word_1_226' title='bbox 1425 2452 1510 2522; x_wconf 94' lang='lat' dir='ltr'>de</span> <span class='ocrx_word' id='word_1_227' title='bbox 1547 2475 1718 2521; x_wconf 92' lang='lat' dir='ltr'>novo</span> <span class='ocrx_word' id='word_1_228' title='bbox 1758 2454 2011 2522; x_wconf 89' lang='lat' dir='ltr'>Ordine</span> <span class='ocrx_word' id='word_1_229' title='bbox 2043 2454 2621 2537; x_wconf 84' lang='lat' dir='ltr'>Praedicatorum,</span> <span class='ocrx_word' id='word_1_230' title='bbox 2676 2474 2901 2525; x_wconf 81' lang='lat' dir='ltr'>necnon</span> 
     </span>
     <span class='ocr_line' id='line_1_26' title="bbox 392 2542 2902 2631; baseline -0.001 -20"><span class='ocrx_word' id='word_1_231' title='bbox 392 2556 455 2612; x_wconf 92' lang='lat' dir='ltr'>et</span> <span class='ocrx_word' id='word_1_232' title='bbox 502 2542 776 2623; x_wconf 85' lang='lat' dir='ltr'>fratres,</span> <span class='ocrx_word' id='word_1_233' title='bbox 833 2544 950 2629; x_wconf 92' lang='lat' dir='ltr'>qui</span> <span class='ocrx_word' id='word_1_234' title='bbox 1000 2542 1328 2610; x_wconf 90' lang='lat' dir='ltr'>dicuntur</span> <span class='ocrx_word' id='word_1_235' title='bbox 1378 2542 1713 2621; x_wconf 77' lang='lat' dir='ltr'>Minore5‚</span> <span class='ocrx_word' id='word_1_236' title='bbox 1767 2556 1830 2610; x_wconf 85' lang='lat' dir='ltr'>et</span> <span class='ocrx_word' id='word_1_237' title='bbox 1880 2565 2117 2631; x_wconf 82' lang='lat' dir='ltr'>graves</span> <span class='ocrx_word' id='word_1_238' title='bbox 2189 2543 2471 2630; x_wconf 89' lang='lat' dir='ltr'>quidam</span> <span class='ocrx_word' id='word_1_239' title='bbox 2552 2546 2655 2615; x_wconf 90' lang='lat' dir='ltr'>eis</span> <span class='ocrx_word' id='word_1_240' title='bbox 2718 2557 2902 2614; x_wconf 73' lang='lat' dir='ltr'>essent</span> 
     </span>
     <span class='ocr_line' id='line_1_27' title="bbox 391 2630 2902 2722; baseline -0.001 -22"><span class='ocrx_word' id='word_1_241' title='bbox 391 2654 469 2700; x_wconf 82' lang='lat' dir='ltr'>ex</span> <span class='ocrx_word' id='word_1_242' title='bbox 510 2630 720 2710; x_wconf 81' lang='lat' dir='ltr'>Clero.</span> <span class='ocrx_word' id='word_1_243' title='bbox 776 2631 1009 2718; x_wconf 91' lang='lat' dir='ltr'>eisque</span> <span class='ocrx_word' id='word_1_244' title='bbox 1057 2653 1285 2700; x_wconf 87' lang='lat' dir='ltr'>coram</span> <span class='ocrx_word' id='word_1_245' title='bbox 1339 2631 1863 2719; x_wconf 77' lang='lat' dir='ltr'>Arcliiepiscopo</span> <span class='ocrx_word' id='word_1_246' title='bbox 1905 2630 2310 2722; x_wconf 85' lang='lat' dir='ltr'>Engelberto</span> <span class='ocrx_word' id='word_1_247' title='bbox 2358 2632 2628 2704; x_wconf 89' lang='lat' dir='ltr'>diversa</span> <span class='ocrx_word' id='word_1_248' title='bbox 2684 2634 2902 2720; x_wconf 80' lang='lat' dir='ltr'>objice·</span> 
     </span>
     <span class='ocr_line' id='line_1_28' title="bbox 394 2718 2902 2808; baseline -0.002 -20"><span class='ocrx_word' id='word_1_249' title='bbox 394 2731 584 2798; x_wconf 81' lang='lat' dir='ltr'>rent,</span> <span class='ocrx_word' id='word_1_250' title='bbox 645 2719 796 2787; x_wconf 92' lang='lat' dir='ltr'>illos</span> <span class='ocrx_word' id='word_1_251' title='bbox 844 2718 1277 2798; x_wconf 88' lang='lat' dir='ltr'>accusando,</span> <span class='ocrx_word' id='word_1_252' title='bbox 1335 2719 1731 2808; x_wconf 85' lang='lat' dir='ltr'>respondit:</span> <span class='ocrx_word' id='word_1_253' title='bbox 1787 2719 2187 2798; x_wconf 85' lang='lat' dir='ltr'>«Quamdiu</span> <span class='ocrx_word' id='word_1_254' title='bbox 2240 2742 2346 2788; x_wconf 90' lang='lat' dir='ltr'>res</span> <span class='ocrx_word' id='word_1_255' title='bbox 2394 2721 2462 2789; x_wconf 91' lang='lat' dir='ltr'>in</span> <span class='ocrx_word' id='word_1_256' title='bbox 2527 2721 2713 2792; x_wconf 91' lang='lat' dir='ltr'>bono</span> <span class='ocrx_word' id='word_1_257' title='bbox 2761 2735 2902 2790; x_wconf 87' lang='lat' dir='ltr'>statu</span> 
     </span>
     <span class='ocr_line' id='line_1_29' title="bbox 392 2808 2906 2898; baseline -0.001 -22"><span class='ocrx_word' id='word_1_258' title='bbox 392 2823 537 2886; x_wconf 89' lang='lat' dir='ltr'>est,</span> <span class='ocrx_word' id='word_1_259' title='bbox 594 2821 767 2878; x_wconf 90' lang='lat' dir='ltr'>stare</span> <span class='ocrx_word' id='word_1_260' title='bbox 818 2808 1042 2878; x_wconf 83' lang='lat' dir='ltr'>sinite.</span> <span class='ocrx_word' id='word_1_261' title='bbox 1084 2832 1119 2874; x_wconf 84' lang='lat'>»</span> <span class='ocrx_word' id='word_1_262' title='bbox 1171 2814 1477 2894; x_wconf 82' lang='lat' dir='ltr'>Cumque</span> <span class='ocrx_word' id='word_1_263' title='bbox 1528 2809 1859 2876; x_wconf 89' lang='lat' dir='ltr'>instarent</span> <span class='ocrx_word' id='word_1_264' title='bbox 1908 2821 2041 2877; x_wconf 89' lang='lat' dir='ltr'>tam</span> <span class='ocrx_word' id='word_1_265' title='bbox 2096 2808 2431 2897; x_wconf 88' lang='lat' dir='ltr'>primores</span> <span class='ocrx_word' id='word_1_266' title='bbox 2464 2864 2479 2886; x_wconf 86' lang='lat'><strong>‚</strong></span> <span class='ocrx_word' id='word_1_267' title='bbox 2533 2833 2744 2897; x_wconf 85' lang='lat' dir='ltr'>quam</span> <span class='ocrx_word' id='word_1_268' title='bbox 2802 2810 2906 2898; x_wconf 82' lang='lat' dir='ltr'>ple-</span> 
     </span>
     <span class='ocr_line' id='line_1_30' title="bbox 394 2896 2906 2989; baseline -0.001 -24"><span class='ocrx_word' id='word_1_269' title='bbox 394 2897 579 2975; x_wconf 88' lang='lat' dir='ltr'>bani,</span> <span class='ocrx_word' id='word_1_270' title='bbox 619 2910 680 2965; x_wconf 91' lang='lat' dir='ltr'>et</span> <span class='ocrx_word' id='word_1_271' title='bbox 716 2896 1057 2966; x_wconf 89' lang='lat' dir='ltr'>dicerent:</span> <span class='ocrx_word' id='word_1_272' title='bbox 1114 2919 1150 2962; x_wconf 89' lang='lat'>«</span> <span class='ocrx_word' id='word_1_273' title='bbox 1181 2896 1531 2965; x_wconf 83' lang='lat' dir='ltr'>&#39;rimemus</span> <span class='ocrx_word' id='word_1_274' title='bbox 1580 2918 1663 2964; x_wconf 91' lang='lat' dir='ltr'>ne</span> <span class='ocrx_word' id='word_1_275' title='bbox 1716 2897 1821 2965; x_wconf 89' lang='lat' dir='ltr'>isti</span> <span class='ocrx_word' id='word_1_276' title='bbox 1873 2896 2008 2966; x_wconf 87' lang='lat' dir='ltr'>sint</span> <span class='ocrx_word' id='word_1_277' title='bbox 2059 2897 2182 2974; x_wconf 90' lang='lat' dir='ltr'>illi,</span> <span class='ocrx_word' id='word_1_278' title='bbox 2238 2899 2320 2966; x_wconf 90' lang='lat' dir='ltr'>de</span> <span class='ocrx_word' id='word_1_279' title='bbox 2353 2898 2615 2985; x_wconf 92' lang='lat' dir='ltr'>quibus</span> <span class='ocrx_word' id='word_1_280' title='bbox 2649 2901 2906 2989; x_wconf 82' lang='lat' dir='ltr'>Spiritus</span> 
     </span>
     <span class='ocr_line' id='line_1_31' title="bbox 396 2984 2904 3075; baseline -0.001 -22"><span class='ocrx_word' id='word_1_281' title='bbox 396 2989 682 3054; x_wconf 88' lang='lat' dir='ltr'>Sanctus</span> <span class='ocrx_word' id='word_1_282' title='bbox 735 3007 853 3074; x_wconf 89' lang='lat' dir='ltr'>per</span> <span class='ocrx_word' id='word_1_283' title='bbox 900 3008 974 3056; x_wconf 93' lang='lat' dir='ltr'>os</span> <span class='ocrx_word' id='word_1_284' title='bbox 1025 2985 1256 3054; x_wconf 86' lang='lat' dir='ltr'>beatae</span> <span class='ocrx_word' id='word_1_285' title='bbox 1305 2984 1742 3072; x_wconf 83' lang='lat' dir='ltr'>Hildegardis</span> <span class='ocrx_word' id='word_1_286' title='bbox 1795 2985 2264 3075; x_wconf 82' lang='lat' dir='ltr'>prophetavit,</span> <span class='ocrx_word' id='word_1_287' title='bbox 2315 3008 2434 3075; x_wconf 88' lang='lat' dir='ltr'>per</span> <span class='ocrx_word' id='word_1_288' title='bbox 2481 3009 2660 3074; x_wconf 90' lang='lat' dir='ltr'>quos</span> <span class='ocrx_word' id='word_1_289' title='bbox 2710 2988 2904 3057; x_wconf 65' lang='lat' dir='ltr'>clerus</span> 
     </span>
     <span class='ocr_line' id='line_1_32' title="bbox 391 3072 2898 3167; baseline -0.002 -25"><span class='ocrx_word' id='word_1_290' title='bbox 391 3073 768 3164; x_wconf 81' lang='lat' dir='ltr'>affligetur,</span> <span class='ocrx_word' id='word_1_291' title='bbox 827 3088 890 3143; x_wconf 91' lang='lat' dir='ltr'>et</span> <span class='ocrx_word' id='word_1_292' title='bbox 953 3073 1190 3143; x_wconf 89' lang='lat' dir='ltr'>civitas</span> <span class='ocrx_word' id='word_1_293' title='bbox 1235 3072 1769 3160; x_wconf 89' lang='lat' dir='ltr'>periclitabitur;</span> <span class='ocrx_word' id='word_1_294' title='bbox 1806 3097 1840 3140; x_wconf 84' lang='lat'>»</span> <span class='ocrx_word' id='word_1_295' title='bbox 1882 3075 2159 3143; x_wconf 86' lang='lat' dir='ltr'>verbum</span> <span class='ocrx_word' id='word_1_296' title='bbox 2210 3074 2507 3144; x_wconf 87' lang='lat' dir='ltr'>notabile</span> <span class='ocrx_word' id='word_1_297' title='bbox 2540 3075 2898 3167; x_wconf 77' lang='lat' dir='ltr'>respondit:</span> 
     </span>
     <span class='ocr_line' id='line_1_33' title="bbox 395 3162 2903 3253; baseline 0.001 -26"><span class='ocrx_word' id='word_1_298' title='bbox 395 3187 427 3228; x_wconf 90' lang='lat'>«</span> <span class='ocrx_word' id='word_1_299' title='bbox 470 3165 532 3231; x_wconf 92' lang='lat' dir='ltr'>Si</span> <span class='ocrx_word' id='word_1_300' title='bbox 570 3163 901 3232; x_wconf 87' lang='lat' dir='ltr'>divinitus</span> <span class='ocrx_word' id='word_1_301' title='bbox 952 3162 1429 3252; x_wconf 83' lang='lat' dir='ltr'>prophetatum</span> <span class='ocrx_word' id='word_1_302' title='bbox 1482 3176 1607 3243; x_wconf 90' lang='lat' dir='ltr'>est,</span> <span class='ocrx_word' id='word_1_303' title='bbox 1661 3183 1936 3230; x_wconf 88' lang='lat' dir='ltr'>necesse</span> <span class='ocrx_word' id='word_1_304' title='bbox 1984 3177 2086 3232; x_wconf 89' lang='lat' dir='ltr'>est</span> <span class='ocrx_word' id='word_1_305' title='bbox 2131 3176 2207 3231; x_wconf 89' lang='lat' dir='ltr'>ut</span> <span class='ocrx_word' id='word_1_306' title='bbox 2256 3163 2669 3253; x_wconf 85' lang='lat' dir='ltr'>impleatur:</span> <span class='ocrx_word' id='word_1_307' title='bbox 2718 3190 2749 3230; x_wconf 89' lang='lat'>»</span> <span class='ocrx_word' id='word_1_308' title='bbox 2795 3183 2903 3250; x_wconf 87' lang='lat' dir='ltr'>quo</span> 
     </span>
     <span class='ocr_line' id='line_1_34' title="bbox 394 3250 2904 3339; baseline 0 -20"><span class='ocrx_word' id='word_1_309' title='bbox 394 3254 596 3320; x_wconf 85' lang='lat' dir='ltr'>verbo</span> <span class='ocrx_word' id='word_1_310' title='bbox 627 3274 773 3321; x_wconf 91' lang='lat' dir='ltr'>com</span> <span class='ocrx_word' id='word_1_311' title='bbox 831 3253 1049 3321; x_wconf 90' lang='lat' dir='ltr'>escuit</span> <span class='ocrx_word' id='word_1_312' title='bbox 1081 3272 1343 3319; x_wconf 89' lang='lat' dir='ltr'>omnes.</span> <span class='ocrx_word' id='word_1_313' title='bbox 1382 3250 1640 3339; x_wconf 90' lang='lat' dir='ltr'>Spiritu</span> <span class='ocrx_word' id='word_1_314' title='bbox 1688 3251 1955 3320; x_wconf 89' lang='lat' dir='ltr'>consilii</span> <span class='ocrx_word' id='word_1_315' title='bbox 1985 3252 2082 3320; x_wconf 90' lang='lat' dir='ltr'>sic</span> <span class='ocrx_word' id='word_1_316' title='bbox 2109 3252 2531 3334; x_wconf 87' lang='lat' dir='ltr'>abundabat,</span> <span class='ocrx_word' id='word_1_317' title='bbox 2567 3265 2645 3323; x_wconf 89' lang='lat' dir='ltr'>ut</span> <span class='ocrx_word' id='word_1_318' title='bbox 2679 3255 2745 3321; x_wconf 89' lang='lat' dir='ltr'>in</span> <span class='ocrx_word' id='word_1_319' title='bbox 2777 3273 2904 3321; x_wconf 87' lang='lat' dir='ltr'>con·</span> 
     </span>
     <span class='ocr_line' id='line_1_35' title="bbox 396 3340 2904 3431; baseline 0.002 -21"><span class='ocrx_word' id='word_1_320' title='bbox 396 3341 569 3410; x_wconf 86' lang='lat' dir='ltr'>siliis</span> <span class='ocrx_word' id='word_1_321' title='bbox 620 3341 750 3408; x_wconf 81' lang='lat' dir='ltr'>dan</span> <span class='ocrx_word' id='word_1_322' title='bbox 813 3342 868 3409; x_wconf 90' lang='lat' dir='ltr'>is</span> <span class='ocrx_word' id='word_1_323' title='bbox 916 3354 1090 3409; x_wconf 84' lang='lat' dir='ltr'>esset</span> <span class='ocrx_word' id='word_1_324' title='bbox 1142 3340 1490 3427; x_wconf 81' lang='lat' dir='ltr'>providuS,</span> <span class='ocrx_word' id='word_1_325' title='bbox 1536 3353 1600 3407; x_wconf 91' lang='lat' dir='ltr'>et</span> <span class='ocrx_word' id='word_1_326' title='bbox 1635 3340 1701 3406; x_wconf 90' lang='lat' dir='ltr'>in</span> <span class='ocrx_word' id='word_1_327' title='bbox 1740 3340 2307 3429; x_wconf 87' lang='lat' dir='ltr'>responsionibus</span> <span class='ocrx_word' id='word_1_328' title='bbox 2358 3354 2492 3410; x_wconf 90' lang='lat' dir='ltr'>tam</span> <span class='ocrx_word' id='word_1_329' title='bbox 2532 3356 2904 3431; x_wconf 76' lang='lat' dir='ltr'>promptus,</span> 
     </span>
     <span class='ocr_line' id='line_1_36' title="bbox 400 3427 2904 3517; baseline -0.002 -20"><span class='ocrx_word' id='word_1_330' title='bbox 400 3444 470 3499; x_wconf 90' lang='lat' dir='ltr'>ut</span> <span class='ocrx_word' id='word_1_331' title='bbox 511 3430 883 3498; x_wconf 87' lang='lat' dir='ltr'>consiliarii</span> <span class='ocrx_word' id='word_1_332' title='bbox 927 3431 1076 3514; x_wconf 83' lang='lat' dir='ltr'>ejus</span> <span class='ocrx_word' id='word_1_333' title='bbox 1126 3451 1249 3497; x_wconf 90' lang='lat' dir='ltr'>sua</span> <span class='ocrx_word' id='word_1_334' title='bbox 1308 3427 1877 3517; x_wconf 85' lang='lat' dir='ltr'>parvipendentes</span> <span class='ocrx_word' id='word_1_335' title='bbox 1925 3429 2237 3509; x_wconf 87' lang='lat' dir='ltr'>consilia,</span> <span class='ocrx_word' id='word_1_336' title='bbox 2297 3445 2536 3499; x_wconf 90' lang='lat' dir='ltr'>mutuo</span> <span class='ocrx_word' id='word_1_337' title='bbox 2586 3431 2904 3500; x_wconf 85' lang='lat' dir='ltr'>dicerent:</span> 
     </span>
     <span class='ocr_line' id='line_1_37' title="bbox 395 3517 2905 3609; baseline 0 -26"><span class='ocrx_word' id='word_1_338' title='bbox 395 3541 431 3583; x_wconf 83' lang='lat'>«</span> <span class='ocrx_word' id='word_1_339' title='bbox 466 3520 796 3588; x_wconf 91' lang='lat' dir='ltr'>Dominus</span> <span class='ocrx_word' id='word_1_340' title='bbox 841 3531 1067 3587; x_wconf 88' lang='lat' dir='ltr'>noster</span> <span class='ocrx_word' id='word_1_341' title='bbox 1098 3517 1463 3587; x_wconf 88' lang='lat' dir='ltr'>consilium</span> <span class='ocrx_word' id='word_1_342' title='bbox 1507 3517 1811 3586; x_wconf 90' lang='lat' dir='ltr'>suumin</span> <span class='ocrx_word' id='word_1_343' title='bbox 1848 3539 2176 3587; x_wconf 86' lang='lat' dir='ltr'>crumena</span> <span class='ocrx_word' id='word_1_344' title='bbox 2219 3541 2343 3589; x_wconf 90' lang='lat' dir='ltr'>sua</span> <span class='ocrx_word' id='word_1_345' title='bbox 2389 3531 2630 3609; x_wconf 88' lang='lat' dir='ltr'>portat.</span> <span class='ocrx_word' id='word_1_346' title='bbox 2680 3519 2905 3608; x_wconf 83' lang='lat' dir='ltr'>Spiritu</span> 
     </span>
     <span class='ocr_line' id='line_1_38' title="bbox 392 3605 2906 3697; baseline -0.002 -23"><span class='ocrx_word' id='word_1_347' title='bbox 392 3607 813 3677; x_wconf 85' lang='lat' dir='ltr'>fortitudinis</span> <span class='ocrx_word' id='word_1_348' title='bbox 862 3607 952 3675; x_wconf 88' lang='lat' dir='ltr'>ita</span> <span class='ocrx_word' id='word_1_349' title='bbox 1002 3605 1321 3696; x_wconf 90' lang='lat' dir='ltr'>pollebat,</span> <span class='ocrx_word' id='word_1_350' title='bbox 1377 3618 1452 3674; x_wconf 90' lang='lat' dir='ltr'>ut</span> <span class='ocrx_word' id='word_1_351' title='bbox 1493 3626 1712 3692; x_wconf 92' lang='lat' dir='ltr'>neque</span> <span class='ocrx_word' id='word_1_352' title='bbox 1762 3605 1969 3674; x_wconf 89' lang='lat' dir='ltr'>minis</span> <span class='ocrx_word' id='word_1_353' title='bbox 2018 3605 2265 3697; x_wconf 85' lang='lat' dir='ltr'>frangi,</span> <span class='ocrx_word' id='word_1_354' title='bbox 2322 3629 2542 3694; x_wconf 88' lang='lat' dir='ltr'>neque</span> <span class='ocrx_word' id='word_1_355' title='bbox 2585 3607 2906 3677; x_wconf 84' lang='lat' dir='ltr'>blanditiis</span> 
     </span>
     <span class='ocr_line' id='line_1_39' title="bbox 391 3694 2904 3785; baseline -0.001 -22"><span class='ocrx_word' id='word_1_356' title='bbox 391 3695 588 3765; x_wconf 90' lang='lat' dir='ltr'>facilc</span> <span class='ocrx_word' id='word_1_357' title='bbox 636 3696 814 3765; x_wconf 89' lang='lat' dir='ltr'>ssecti</span> <span class='ocrx_word' id='word_1_358' title='bbox 871 3707 1137 3785; x_wconf 87' lang='lat' dir='ltr'>posset,</span> <span class='ocrx_word' id='word_1_359' title='bbox 1191 3716 1265 3764; x_wconf 91' lang='lat' dir='ltr'>os</span> <span class='ocrx_word' id='word_1_360' title='bbox 1316 3694 1577 3762; x_wconf 90' lang='lat' dir='ltr'>habens</span> <span class='ocrx_word' id='word_1_361' title='bbox 1624 3694 1987 3784; x_wconf 78' lang='lat' dir='ltr'>agninum,</span> <span class='ocrx_word' id='word_1_362' title='bbox 2046 3708 2110 3764; x_wconf 92' lang='lat' dir='ltr'>et</span> <span class='ocrx_word' id='word_1_363' title='bbox 2157 3719 2276 3765; x_wconf 91' lang='lat' dir='ltr'>cor</span> <span class='ocrx_word' id='word_1_364' title='bbox 2329 3695 2708 3766; x_wconf 86' lang='lat' dir='ltr'>leoninum.</span> <span class='ocrx_word' id='word_1_365' title='bbox 2758 3696 2904 3764; x_wconf 88' lang='lat' dir='ltr'>Hinc</span> 
     </span>
     <span class='ocr_line' id='line_1_40' title="bbox 390 3781 2964 3873; baseline -0 -20"><span class='ocrx_word' id='word_1_366' title='bbox 390 3797 510 3866; x_wconf 90' lang='lat' dir='ltr'>est,</span> <span class='ocrx_word' id='word_1_367' title='bbox 567 3784 745 3871; x_wconf 91' lang='lat' dir='ltr'>quod</span> <span class='ocrx_word' id='word_1_368' title='bbox 788 3807 946 3853; x_wconf 86' lang='lat' dir='ltr'>cum</span> <span class='ocrx_word' id='word_1_369' title='bbox 1005 3783 1333 3854; x_wconf 87' lang='lat' dir='ltr'>dominus</span> <span class='ocrx_word' id='word_1_370' title='bbox 1386 3781 1738 3852; x_wconf 88' lang='lat' dir='ltr'>Conradus</span> <span class='ocrx_word' id='word_1_371' title='bbox 1787 3784 2163 3873; x_wconf 84' lang='lat' dir='ltr'>Episcopus</span> <span class='ocrx_word' id='word_1_372' title='bbox 2198 3786 2614 3866; x_wconf 90' lang='lat' dir='ltr'>Portuensis‚</span> <span class='ocrx_word' id='word_1_373' title='bbox 2659 3799 2724 3853; x_wconf 88' lang='lat' dir='ltr'>et</span> <span class='ocrx_word' id='word_1_374' title='bbox 2768 3797 2903 3853; x_wconf 82' lang='lat' dir='ltr'>tunc.</span> <span class='ocrx_word' id='word_1_375' title='bbox 2963 3791 2964 3852; x_wconf 77' lang='grc' dir='ltr'>ζ</span> 
     </span>
     <span class='ocr_line' id='line_1_41' title="bbox 392 3871 2898 3962; baseline -0.003 -21"><span class='ocrx_word' id='word_1_376' title='bbox 392 3874 714 3962; x_wconf 89' lang='lat' dir='ltr'>temporis</span> <span class='ocrx_word' id='word_1_377' title='bbox 756 3873 825 3941; x_wconf 90' lang='lat' dir='ltr'>in</span> <span class='ocrx_word' id='word_1_378' title='bbox 874 3872 1273 3942; x_wconf 84' lang='lat' dir='ltr'>Alemannia</span> <span class='ocrx_word' id='word_1_379' title='bbox 1325 3872 1612 3961; x_wconf 85' lang='lat' dir='ltr'>legatus,</span> <span class='ocrx_word' id='word_1_380' title='bbox 1666 3871 1922 3940; x_wconf 89' lang='lat' dir='ltr'>diceret</span> <span class='ocrx_word' id='word_1_381' title='bbox 1973 3873 2317 3956; x_wconf 85' lang='lat' dir='ltr'>praedicto</span> <span class='ocrx_word' id='word_1_382' title='bbox 2351 3874 2588 3944; x_wconf 80' lang='lat' dir='ltr'>Abbati</span> <span class='ocrx_word' id='word_1_383' title='bbox 2636 3872 2898 3943; x_wconf 85' lang='lat' dir='ltr'>Joanni:</span> 
     </span>
     <span class='ocr_line' id='line_1_42' title="bbox 395 3957 2900 4063; baseline -0.001 -36"><span class='ocrx_word' id='word_1_384' title='bbox 395 3985 429 4027; x_wconf 70' lang='lat'>«</span> <span class='ocrx_word' id='word_1_385' title='bbox 463 3964 652 4032; x_wconf 91' lang='lat' dir='ltr'>Unde</span> <span class='ocrx_word' id='word_1_386' title='bbox 699 3974 835 4044; x_wconf 89' lang='lat' dir='ltr'>est,</span> <span class='ocrx_word' id='word_1_387' title='bbox 890 3962 1071 4048; x_wconf 86' lang='lat' dir='ltr'>quod</span> <span class='ocrx_word' id='word_1_388' title='bbox 1122 3960 1446 4030; x_wconf 90' lang='lat' dir='ltr'>dominus</span> <span class='ocrx_word' id='word_1_389' title='bbox 1504 3959 1925 4030; x_wconf 90' lang='lat' dir='ltr'>Coloniensis</span> <span class='ocrx_word' id='word_1_390' title='bbox 1973 3962 2065 4030; x_wconf 89' lang='lat' dir='ltr'>ita</span> <span class='ocrx_word' id='word_1_391' title='bbox 2114 3962 2435 4032; x_wconf 73' lang='lat' dir='ltr'>timetur?</span> <span class='ocrx_word' id='word_1_392' title='bbox 2473 3987 2508 4030; x_wconf 82' lang='lat'>›&gt;</span> <span class='ocrx_word' id='word_1_393' title='bbox 2557 3957 2900 4063; x_wconf 79' lang='lat' dir='ltr'>Respondit</span> 
     </span>
     <span class='ocr_line' id='line_1_43' title="bbox 389 4047 2894 4140; baseline -0.002 -24"><span class='ocrx_word' id='word_1_394' title='bbox 389 4049 545 4119; x_wconf 87' lang='lat' dir='ltr'>ille:</span> <span class='ocrx_word' id='word_1_395' title='bbox 601 4075 634 4117; x_wconf 88' lang='lat'>«</span> <span class='ocrx_word' id='word_1_396' title='bbox 669 4056 761 4120; x_wconf 83' lang='lat' dir='ltr'>Ex</span> <span class='ocrx_word' id='word_1_397' title='bbox 791 4050 1089 4138; x_wconf 89' lang='lat' dir='ltr'>quadam</span> <span class='ocrx_word' id='word_1_398' title='bbox 1142 4050 1362 4138; x_wconf 85' lang='lat' dir='ltr'>gratia</span> <span class='ocrx_word' id='word_1_399' title='bbox 1409 4049 1690 4138; x_wconf 90' lang='lat' dir='ltr'>speciali</span> <span class='ocrx_word' id='word_1_400' title='bbox 1739 4049 1852 4118; x_wconf 92' lang='lat' dir='ltr'>Dei</span> <span class='ocrx_word' id='word_1_401' title='bbox 1893 4062 2015 4121; x_wconf 89' lang='lat' dir='ltr'>est.</span> <span class='ocrx_word' id='word_1_402' title='bbox 2055 4073 2090 4117; x_wconf 89' lang='lat'>»</span> <span class='ocrx_word' id='word_1_403' title='bbox 2143 4051 2439 4140; x_wconf 89' lang='lat' dir='ltr'>Spiritus</span> <span class='ocrx_word' id='word_1_404' title='bbox 2472 4052 2787 4120; x_wconf 79' lang='lat' dir='ltr'>scientiae</span> <span class='ocrx_word' id='word_1_405' title='bbox 2814 4047 2894 4115; x_wconf 77' lang='lat' dir='ltr'>illi</span> 
     </span>
     <span class='ocr_line' id='line_1_44' title="bbox 389 4138 2895 4229; baseline -0.002 -23"><span class='ocrx_word' id='word_1_406' title='bbox 389 4159 523 4207; x_wconf 89' lang='lat' dir='ltr'>non</span> <span class='ocrx_word' id='word_1_407' title='bbox 579 4141 851 4209; x_wconf 89' lang='lat' dir='ltr'>deerat:</span> <span class='ocrx_word' id='word_1_408' title='bbox 905 4140 1067 4226; x_wconf 91' lang='lat' dir='ltr'>quia</span> <span class='ocrx_word' id='word_1_409' title='bbox 1118 4153 1301 4208; x_wconf 89' lang='lat' dir='ltr'>tanto</span> <span class='ocrx_word' id='word_1_410' title='bbox 1365 4138 1649 4208; x_wconf 86' lang='lat' dir='ltr'>rationis</span> <span class='ocrx_word' id='word_1_411' title='bbox 1709 4138 1974 4228; x_wconf 86' lang='lat' dir='ltr'>vigebat</span> <span class='ocrx_word' id='word_1_412' title='bbox 2021 4140 2388 4222; x_wconf 89' lang='lat' dir='ltr'>acumine,</span> <span class='ocrx_word' id='word_1_413' title='bbox 2438 4154 2514 4210; x_wconf 93' lang='lat' dir='ltr'>ut</span> <span class='ocrx_word' id='word_1_414' title='bbox 2555 4140 2895 4229; x_wconf 82' lang='lat' dir='ltr'>prudenter</span> 
     </span>
     <span class='ocr_line' id='line_1_45' title="bbox 392 4226 2891 4315; baseline -0 -23"><span class='ocrx_word' id='word_1_415' title='bbox 392 4226 737 4297; x_wconf 90' lang='lat' dir='ltr'>inauditas</span> <span class='ocrx_word' id='word_1_416' title='bbox 792 4241 856 4297; x_wconf 88' lang='lat' dir='ltr'>et</span> <span class='ocrx_word' id='word_1_417' title='bbox 904 4227 1220 4297; x_wconf 86' lang='lat' dir='ltr'>difficiles</span> <span class='ocrx_word' id='word_1_418' title='bbox 1268 4227 1554 4296; x_wconf 90' lang='lat' dir='ltr'>solveret</span> <span class='ocrx_word' id='word_1_419' title='bbox 1599 4228 2077 4314; x_wconf 87' lang='lat' dir='ltr'>quaestiones:</span> <span class='ocrx_word' id='word_1_420' title='bbox 2131 4228 2340 4315; x_wconf 91' lang='lat' dir='ltr'>quod,</span> <span class='ocrx_word' id='word_1_421' title='bbox 2402 4228 2615 4299; x_wconf 88' lang='lat' dir='ltr'>multo</span> <span class='ocrx_word' id='word_1_422' title='bbox 2674 4227 2891 4296; x_wconf 81' lang='lat' dir='ltr'>littera-</span> 
     </span>
     <span class='ocr_line' id='line_1_46' title="bbox 391 4316 2889 4409; baseline -0.001 -29"><span class='ocrx_word' id='word_1_423' title='bbox 391 4316 593 4384; x_wconf 89' lang='lat' dir='ltr'>tiores</span> <span class='ocrx_word' id='word_1_424' title='bbox 640 4337 741 4395; x_wconf 91' lang='lat' dir='ltr'>e0,</span> <span class='ocrx_word' id='word_1_425' title='bbox 780 4316 1000 4386; x_wconf 84' lang='lat' dir='ltr'>facere</span> <span class='ocrx_word' id='word_1_426' title='bbox 1041 4339 1175 4385; x_wconf 91' lang='lat' dir='ltr'>non</span> <span class='ocrx_word' id='word_1_427' title='bbox 1230 4327 1561 4405; x_wconf 88' lang='lat' dir='ltr'>poterant.</span> <span class='ocrx_word' id='word_1_428' title='bbox 1617 4317 1733 4384; x_wconf 85' lang='lat' dir='ltr'>Cui</span> <span class='ocrx_word' id='word_1_429' title='bbox 1786 4317 1990 4386; x_wconf 90' lang='lat' dir='ltr'>etiam</span> <span class='ocrx_word' id='word_1_430' title='bbox 2042 4318 2327 4406; x_wconf 86' lang='lat' dir='ltr'>spiritus</span> <span class='ocrx_word' id='word_1_431' title='bbox 2381 4317 2642 4409; x_wconf 88' lang='lat' dir='ltr'>pietatis</span> <span class='ocrx_word' id='word_1_432' title='bbox 2691 4325 2889 4384; x_wconf 80' lang='lat' dir='ltr'>tantus</span> 
     </span>
    </p>
   </div>
   <div class='ocr_carea' id='block_1_3' title="bbox 442 4420 1785 4492">
    <p class='ocr_par' dir='ltr' id='par_1_4' title="bbox 442 4420 1785 4492">
     <span class='ocr_line' id='line_1_47' title="bbox 442 4420 1785 4492; baseline 0.004 -15"><span class='ocrx_word' id='word_1_433' title='bbox 442 4439 466 4465; x_wconf 73' lang='lat'>¹·</span> <span class='ocrx_word' id='word_1_434' title='bbox 497 4439 569 4478; x_wconf 64' lang='lat' dir='ltr'>Sel:</span> <span class='ocrx_word' id='word_1_435' title='bbox 578 4420 728 4480; x_wconf 62' lang='lat' dir='ltr'>ulteria</span> <span class='ocrx_word' id='word_1_436' title='bbox 746 4441 871 4481; x_wconf 81' lang='lat' dir='ltr'>idem</span> <span class='ocrx_word' id='word_1_437' title='bbox 890 4443 989 4482; x_wconf 68' lang='lat' dir='ltr'>erat</span> <span class='ocrx_word' id='word_1_438' title='bbox 1011 4451 1062 4482; x_wconf 76' lang='lat' dir='ltr'>ac</span> <span class='ocrx_word' id='word_1_439' title='bbox 1082 4444 1270 4491; x_wconf 73' lang='lat' dir='ltr'>praetor</span> <span class='ocrx_word' id='word_1_440' title='bbox 1290 4442 1518 4489; x_wconf 67' lang='lat' dir='ltr'>urbanus.</span> <span class='ocrx_word' id='word_1_441' title='bbox 1537 4443 1612 4483; x_wconf 75' lang='lat' dir='ltr'>vel</span> <span class='ocrx_word' id='word_1_442' title='bbox 1627 4443 1785 4492; x_wconf 78' lang='lat' dir='ltr'>judex.</span> 
     </span>
    </p>
   </div>
  </div>
 </body>
</html>
