<?xml version="1.0" encoding="UTF-8"?>
<!DOCTYPE html PUBLIC "-//W3C//DTD XHTML 1.0 Transitional//EN"
    "http://www.w3.org/TR/xhtml1/DTD/xhtml1-transitional.dtd">
<html xmlns="http://www.w3.org/1999/xhtml" xml:lang="en" lang="en">
 <head>
  <title>
</title>
<meta http-equiv="Content-Type" content="text/html;charset=utf-8" />
  <meta name='ocr-system' content='tesseract 3.04.00' />
  <meta name='ocr-capabilities' content='ocr_page ocr_carea ocr_par ocr_line ocrx_word'/>
</head>
<body>
  <div class='ocr_page' id='page_1' title='image "./historiaeseuvit05lippgoog_0763.png"; bbox 0 0 2993 4837; ppageno 0'>
   <div class='ocr_carea' id='block_1_1' title="bbox 93 373 2521 440">
    <p class='ocr_par' dir='ltr' id='par_1_1' title="bbox 93 373 2521 440">
     <span class='ocr_line' id='line_1_1' title="bbox 93 373 2521 440; baseline 0.001 -2"><span class='ocrx_word' id='word_1_1' title='bbox 93 373 252 438; x_wconf 73' lang='lat' dir='ltr'>NOV.</span> <span class='ocrx_word' id='word_1_2' title='bbox 304 374 385 438; x_wconf 72' lang='lat'>‘28</span> <span class='ocrx_word' id='word_1_3' title='bbox 770 393 848 437; x_wconf 76' lang='lat' dir='ltr'>ns</span> <span class='ocrx_word' id='word_1_4' title='bbox 898 393 953 438; x_wconf 80' lang='lat' dir='ltr'>s,</span> <span class='ocrx_word' id='word_1_5' title='bbox 1009 389 1335 438; x_wconf 56' lang='lat' dir='ltr'>s&#39;rspnsuo</span> <span class='ocrx_word' id='word_1_6' title='bbox 1383 391 1653 439; x_wconf 72' lang='lat' dir='ltr'>sumomz</span> <span class='ocrx_word' id='word_1_7' title='bbox 1701 390 1894 440; x_wconf 69' lang='lat' dir='ltr'>MART.</span> <span class='ocrx_word' id='word_1_8' title='bbox 2396 377 2521 440; x_wconf 80' lang='lat'>707</span> 
     </span>
    </p>
   </div>
   <div class='ocr_carea' id='block_1_2' title="bbox 62 475 2618 4558">
    <p class='ocr_par' dir='ltr' id='par_1_2' title="bbox 87 475 2610 723">
     <span class='ocr_line' id='line_1_2' title="bbox 88 475 2604 566; baseline 0.002 -22"><span class='ocrx_word' id='word_1_9' title='bbox 88 497 314 564; x_wconf 88' lang='lat' dir='ltr'>corpus</span> <span class='ocrx_word' id='word_1_10' title='bbox 372 489 814 566; x_wconf 88' lang='lat' dir='ltr'>conspectum</span> <span class='ocrx_word' id='word_1_11' title='bbox 884 475 1006 544; x_wconf 87' lang='lat' dir='ltr'>reli</span> <span class='ocrx_word' id='word_1_12' title='bbox 1063 476 1201 545; x_wconf 89' lang='lat' dir='ltr'>iose</span> <span class='ocrx_word' id='word_1_13' title='bbox 1266 497 1345 545; x_wconf 89' lang='lat' dir='ltr'>ac</span> <span class='ocrx_word' id='word_1_14' title='bbox 1440 491 1822 546; x_wconf 81' lang='lat' dir='ltr'>reverenter</span> <span class='ocrx_word' id='word_1_15' title='bbox 1892 476 2266 547; x_wconf 84' lang='lat' dir='ltr'>exosculati</span> <span class='ocrx_word' id='word_1_16' title='bbox 2337 492 2604 560; x_wconf 90' lang='lat' dir='ltr'>essent,</span> 
     </span>
     <span class='ocr_line' id='line_1_3' title="bbox 89 565 2610 656; baseline 0.001 -23"><span class='ocrx_word' id='word_1_17' title='bbox 89 565 554 651; x_wconf 87' lang='lat' dir='ltr'>orbitatemque</span> <span class='ocrx_word' id='word_1_18' title='bbox 611 586 806 633; x_wconf 89' lang='lat' dir='ltr'>suam</span> <span class='ocrx_word' id='word_1_19' title='bbox 876 565 1007 654; x_wconf 91' lang='lat' dir='ltr'>dep</span> <span class='ocrx_word' id='word_1_20' title='bbox 1041 577 1373 645; x_wconf 81' lang='lat' dir='ltr'>orassent,</span> <span class='ocrx_word' id='word_1_21' title='bbox 1438 565 1506 633; x_wconf 93' lang='lat' dir='ltr'>in</span> <span class='ocrx_word' id='word_1_22' title='bbox 1567 565 2017 652; x_wconf 87' lang='lat' dir='ltr'>reliquiarum</span> <span class='ocrx_word' id='word_1_23' title='bbox 2089 565 2312 635; x_wconf 91' lang='lat' dir='ltr'>loculo</span> <span class='ocrx_word' id='word_1_24' title='bbox 2381 567 2610 656; x_wconf 90' lang='lat' dir='ltr'>ipsum</span> 
     </span>
     <span class='ocr_line' id='line_1_4' title="bbox 87 652 539 723; baseline -0.009 -1"><span class='ocrx_word' id='word_1_25' title='bbox 87 652 539 723; x_wconf 89' lang='lat' dir='ltr'>condiderunt.</span> 
     </span>
    </p>

    <p class='ocr_par' dir='ltr' id='par_1_3' title="bbox 69 741 2617 3938">
     <span class='ocr_line' id='line_1_5' title="bbox 158 741 2612 832; baseline 0.001 -22"><span class='ocrx_word' id='word_1_26' title='bbox 158 744 325 828; x_wconf 60' lang='lat' dir='ltr'>§st</span> <span class='ocrx_word' id='word_1_27' title='bbox 376 749 451 811; x_wconf 83' lang='lat' dir='ltr'>At</span> <span class='ocrx_word' id='word_1_28' title='bbox 497 742 845 811; x_wconf 88' lang='lat' dir='ltr'>enimvero</span> <span class='ocrx_word' id='word_1_29' title='bbox 908 762 1030 811; x_wconf 90' lang='lat' dir='ltr'>nec</span> <span class='ocrx_word' id='word_1_30' title='bbox 1098 741 1545 831; x_wconf 83' lang='lat' dir='ltr'>imperfectus</span> <span class='ocrx_word' id='word_1_31' title='bbox 1605 763 1866 822; x_wconf 88' lang='lat' dir='ltr'>eorum,</span> <span class='ocrx_word' id='word_1_32' title='bbox 1930 744 2049 828; x_wconf 87' lang='lat' dir='ltr'>qui</span> <span class='ocrx_word' id='word_1_33' title='bbox 2116 757 2612 832; x_wconf 79' lang='lat' dir='ltr'>congruentem</span> 
     </span>
     <span class='ocr_line' id='line_1_6' title="bbox 84 829 2607 920; baseline 0.001 -23"><span class='ocrx_word' id='word_1_34' title='bbox 84 829 333 900; x_wconf 84' lang='lat' dir='ltr'>divinae</span> <span class='ocrx_word' id='word_1_35' title='bbox 366 831 498 919; x_wconf 85' lang='lat' dir='ltr'>legi</span> <span class='ocrx_word' id='word_1_36' title='bbox 531 831 734 900; x_wconf 86' lang='lat' dir='ltr'>vitam</span> <span class='ocrx_word' id='word_1_37' title='bbox 774 830 1063 908; x_wconf 88' lang='lat' dir='ltr'>ducunt,</span> <span class='ocrx_word' id='word_1_38' title='bbox 1100 852 1226 899; x_wconf 91' lang='lat' dir='ltr'>nec</span> <span class='ocrx_word' id='word_1_39' title='bbox 1276 852 1757 902; x_wconf 88' lang='lat' dir='ltr'>successorum</span> <span class='ocrx_word' id='word_1_40' title='bbox 1809 853 2050 920; x_wconf 86' lang='lat' dir='ltr'>expers</span> <span class='ocrx_word' id='word_1_41' title='bbox 2098 845 2199 901; x_wconf 89' lang='lat' dir='ltr'>est</span> <span class='ocrx_word' id='word_1_42' title='bbox 2248 854 2607 902; x_wconf 90' lang='lat' dir='ltr'>numerus.</span> 
     </span>
     <span class='ocr_line' id='line_1_7' title="bbox 83 919 2615 1010; baseline 0.001 -23"><span class='ocrx_word' id='word_1_43' title='bbox 83 924 226 987; x_wconf 77' lang='lat' dir='ltr'>Nam</span> <span class='ocrx_word' id='word_1_44' title='bbox 268 934 330 989; x_wconf 90' lang='lat' dir='ltr'>et</span> <span class='ocrx_word' id='word_1_45' title='bbox 364 921 495 989; x_wconf 90' lang='lat' dir='ltr'>vita</span> <span class='ocrx_word' id='word_1_46' title='bbox 537 920 771 988; x_wconf 88' lang='lat' dir='ltr'>functo</span> <span class='ocrx_word' id='word_1_47' title='bbox 821 925 1001 988; x_wconf 83' lang='lat' dir='ltr'>Mose</span> <span class='ocrx_word' id='word_1_48' title='bbox 1051 919 1279 989; x_wconf 90' lang='lat' dir='ltr'>locum</span> <span class='ocrx_word' id='word_1_49' title='bbox 1318 920 1542 1010; x_wconf 89' lang='lat' dir='ltr'>ipsius</span> <span class='ocrx_word' id='word_1_50' title='bbox 1589 919 1876 1009; x_wconf 84' lang='lat' dir='ltr'>explevit</span> <span class='ocrx_word' id='word_1_51' title='bbox 1937 925 2144 988; x_wconf 78' lang='lat' dir='ltr'>Josue</span> <span class='ocrx_word' id='word_1_52' title='bbox 2173 931 2204 987; x_wconf 83' lang='lat'>:&#39;</span> <span class='ocrx_word' id='word_1_53' title='bbox 2241 944 2319 990; x_wconf 92' lang='lat' dir='ltr'>ac</span> <span class='ocrx_word' id='word_1_54' title='bbox 2373 944 2615 991; x_wconf 89' lang='lat' dir='ltr'>rursus</span> 
     </span>
     <span class='ocr_line' id='line_1_8' title="bbox 86 1007 2610 1098; baseline 0.001 -23"><span class='ocrx_word' id='word_1_55' title='bbox 86 1022 406 1097; x_wconf 84' lang='lat' dir='ltr'>receptum</span> <span class='ocrx_word' id='word_1_56' title='bbox 461 1009 526 1076; x_wconf 94' lang='lat' dir='ltr'>in</span> <span class='ocrx_word' id='word_1_57' title='bbox 580 1007 794 1077; x_wconf 90' lang='lat' dir='ltr'>altum</span> <span class='ocrx_word' id='word_1_58' title='bbox 844 1007 990 1076; x_wconf 91' lang='lat' dir='ltr'>Elia</span> <span class='ocrx_word' id='word_1_59' title='bbox 1024 1029 1379 1079; x_wconf 80' lang='lat' dir='ltr'>successor</span> <span class='ocrx_word' id='word_1_60' title='bbox 1428 1008 1715 1088; x_wconf 90' lang='lat' dir='ltr'>Eliseus,</span> <span class='ocrx_word' id='word_1_61' title='bbox 1771 1020 1974 1095; x_wconf 86' lang='lat' dir='ltr'>atque</span> <span class='ocrx_word' id='word_1_62' title='bbox 2025 1021 2168 1078; x_wconf 88' lang='lat' dir='ltr'>tum</span> <span class='ocrx_word' id='word_1_63' title='bbox 2216 1009 2438 1098; x_wconf 89' lang='lat' dir='ltr'>ipsius</span> <span class='ocrx_word' id='word_1_64' title='bbox 2473 1032 2610 1078; x_wconf 87' lang='lat' dir='ltr'>me-</span> 
     </span>
     <span class='ocr_line' id='line_1_9' title="bbox 84 1095 2612 1186; baseline 0.001 -22"><span class='ocrx_word' id='word_1_65' title='bbox 84 1095 260 1177; x_wconf 82' lang='lat' dir='ltr'>lotae,</span> <span class='ocrx_word' id='word_1_66' title='bbox 314 1111 454 1167; x_wconf 85' lang='lat' dir='ltr'>tum</span> <span class='ocrx_word' id='word_1_67' title='bbox 497 1096 594 1166; x_wconf 92' lang='lat' dir='ltr'>du</span> <span class='ocrx_word' id='word_1_68' title='bbox 650 1097 801 1165; x_wconf 91' lang='lat' dir='ltr'>licis</span> <span class='ocrx_word' id='word_1_69' title='bbox 849 1097 1109 1186; x_wconf 87' lang='lat' dir='ltr'>gratiae</span> <span class='ocrx_word' id='word_1_70' title='bbox 1159 1097 1397 1166; x_wconf 82' lang='lat' dir='ltr'>haeres</span> <span class='ocrx_word' id='word_1_71' title='bbox 1433 1098 1577 1167; x_wconf 89' lang='lat' dir='ltr'>desi</span> <span class='ocrx_word' id='word_1_72' title='bbox 1634 1109 1834 1166; x_wconf 87' lang='lat' dir='ltr'>natus</span> <span class='ocrx_word' id='word_1_73' title='bbox 1867 1109 1988 1166; x_wconf 90' lang='lat' dir='ltr'>est.</span> <span class='ocrx_word' id='word_1_74' title='bbox 2043 1097 2136 1165; x_wconf 73' lang='lat' dir='ltr'>Ad</span> <span class='ocrx_word' id='word_1_75' title='bbox 2174 1099 2612 1186; x_wconf 89' lang='lat' dir='ltr'>eundemque</span> 
     </span>
     <span class='ocr_line' id='line_1_10' title="bbox 86 1185 2606 1274; baseline 0.002 -22"><span class='ocrx_word' id='word_1_76' title='bbox 86 1185 336 1253; x_wconf 89' lang='lat' dir='ltr'>modum</span> <span class='ocrx_word' id='word_1_77' title='bbox 374 1186 568 1255; x_wconf 89' lang='lat' dir='ltr'>beato</span> <span class='ocrx_word' id='word_1_78' title='bbox 651 1208 730 1255; x_wconf 90' lang='lat' dir='ltr'>oc</span> <span class='ocrx_word' id='word_1_79' title='bbox 776 1186 1036 1255; x_wconf 84' lang='lat' dir='ltr'>Joanne</span> <span class='ocrx_word' id='word_1_80' title='bbox 1070 1186 1155 1254; x_wconf 90' lang='lat' dir='ltr'>ad</span> <span class='ocrx_word' id='word_1_81' title='bbox 1203 1191 1413 1255; x_wconf 90' lang='lat' dir='ltr'>Deum</span> <span class='ocrx_word' id='word_1_82' title='bbox 1454 1208 1575 1274; x_wconf 95' lang='lat' dir='ltr'>pro</span> <span class='ocrx_word' id='word_1_83' title='bbox 1607 1200 1774 1264; x_wconf 86' lang='lat' dir='ltr'>ect0,</span> <span class='ocrx_word' id='word_1_84' title='bbox 1830 1185 2056 1255; x_wconf 88' lang='lat' dir='ltr'>statim</span> <span class='ocrx_word' id='word_1_85' title='bbox 2096 1198 2161 1254; x_wconf 93' lang='lat' dir='ltr'>et</span> <span class='ocrx_word' id='word_1_86' title='bbox 2210 1187 2606 1274; x_wconf 84' lang='lat' dir='ltr'>speluncae,</span> 
     </span>
     <span class='ocr_line' id='line_1_11' title="bbox 85 1274 2610 1364; baseline 0.001 -23"><span class='ocrx_word' id='word_1_87' title='bbox 85 1285 139 1341; x_wconf 87' lang='lat' dir='ltr'>et</span> <span class='ocrx_word' id='word_1_88' title='bbox 167 1275 435 1362; x_wconf 84' lang='lat' dir='ltr'>gratiae,</span> <span class='ocrx_word' id='word_1_89' title='bbox 492 1297 623 1344; x_wconf 92' lang='lat' dir='ltr'>non</span> <span class='ocrx_word' id='word_1_90' title='bbox 662 1274 965 1364; x_wconf 89' lang='lat' dir='ltr'>duplicis</span> <span class='ocrx_word' id='word_1_91' title='bbox 1006 1274 1259 1355; x_wconf 87' lang='lat' dir='ltr'>solum,</span> <span class='ocrx_word' id='word_1_92' title='bbox 1293 1274 1409 1343; x_wconf 93' lang='lat' dir='ltr'>sed</span> <span class='ocrx_word' id='word_1_93' title='bbox 1447 1274 1662 1344; x_wconf 92' lang='lat' dir='ltr'>multo</span> <span class='ocrx_word' id='word_1_94' title='bbox 1711 1274 1915 1343; x_wconf 90' lang='lat' dir='ltr'>etiam</span> <span class='ocrx_word' id='word_1_95' title='bbox 1950 1274 2334 1362; x_wconf 77' lang='lat' dir='ltr'>amplioriS,</span> <span class='ocrx_word' id='word_1_96' title='bbox 2373 1276 2610 1345; x_wconf 87' lang='lat' dir='ltr'>haeres</span> 
     </span>
     <span class='ocr_line' id='line_1_12' title="bbox 87 1363 2609 1453; baseline 0.001 -23"><span class='ocrx_word' id='word_1_97' title='bbox 87 1363 442 1448; x_wconf 86' lang='lat' dir='ltr'>spiritualis</span> <span class='ocrx_word' id='word_1_98' title='bbox 508 1363 729 1453; x_wconf 91' lang='lat' dir='ltr'>ipsius</span> <span class='ocrx_word' id='word_1_99' title='bbox 790 1363 976 1432; x_wconf 85' lang='lat' dir='ltr'>filius</span> <span class='ocrx_word' id='word_1_100' title='bbox 1026 1363 1416 1452; x_wconf 88' lang='lat' dir='ltr'>Stephanus</span> <span class='ocrx_word' id='word_1_101' title='bbox 1482 1364 1722 1433; x_wconf 89' lang='lat' dir='ltr'>extitit.</span> <span class='ocrx_word' id='word_1_102' title='bbox 1796 1368 1969 1452; x_wconf 87' lang='lat' dir='ltr'>Ergo</span> <span class='ocrx_word' id='word_1_103' title='bbox 2042 1364 2609 1452; x_wconf 82' lang='lat' dir='ltr'>angustissimam</span> 
     </span>
     <span class='ocr_line' id='line_1_13' title="bbox 86 1451 2608 1543; baseline 0.002 -27"><span class='ocrx_word' id='word_1_104' title='bbox 86 1451 248 1519; x_wconf 90' lang='lat' dir='ltr'>illam</span> <span class='ocrx_word' id='word_1_105' title='bbox 300 1451 702 1543; x_wconf 87' lang='lat' dir='ltr'>speluncam</span> <span class='ocrx_word' id='word_1_106' title='bbox 756 1451 1188 1543; x_wconf 83' lang='lat' dir='ltr'>ingreditur,</span> <span class='ocrx_word' id='word_1_107' title='bbox 1244 1474 1465 1521; x_wconf 92' lang='lat' dir='ltr'>annos</span> <span class='ocrx_word' id='word_1_108' title='bbox 1525 1466 1728 1522; x_wconf 87' lang='lat' dir='ltr'>natus</span> <span class='ocrx_word' id='word_1_109' title='bbox 1776 1452 2129 1538; x_wconf 86' lang='lat' dir='ltr'>aliquanto</span> <span class='ocrx_word' id='word_1_110' title='bbox 2197 1452 2350 1538; x_wconf 87' lang='lat' dir='ltr'>plus</span> <span class='ocrx_word' id='word_1_111' title='bbox 2385 1476 2608 1540; x_wconf 67' lang='lat' dir='ltr'>quam</span> 
     </span>
     <span class='ocr_line' id='line_1_14' title="bbox 83 1541 2611 1630; baseline 0.002 -25"><span class='ocrx_word' id='word_1_112' title='bbox 83 1541 353 1630; x_wconf 84' lang='lat' dir='ltr'>triginta.</span> <span class='ocrx_word' id='word_1_113' title='bbox 399 1547 616 1628; x_wconf 82' lang='lat' dir='ltr'>Atque</span> <span class='ocrx_word' id='word_1_114' title='bbox 649 1541 964 1629; x_wconf 86' lang='lat' dir='ltr'>apiculae</span> <span class='ocrx_word' id='word_1_115' title='bbox 1008 1563 1193 1609; x_wconf 89' lang='lat' dir='ltr'>more</span> <span class='ocrx_word' id='word_1_116' title='bbox 1234 1542 1301 1608; x_wconf 92' lang='lat' dir='ltr'>in</span> <span class='ocrx_word' id='word_1_117' title='bbox 1332 1556 1608 1610; x_wconf 90' lang='lat' dir='ltr'>antrum</span> <span class='ocrx_word' id='word_1_118' title='bbox 1642 1543 1946 1630; x_wconf 89' lang='lat' dir='ltr'>seipsum</span> <span class='ocrx_word' id='word_1_119' title='bbox 1978 1541 2367 1620; x_wconf 88' lang='lat' dir='ltr'>includens,</span> <span class='ocrx_word' id='word_1_120' title='bbox 2408 1542 2611 1610; x_wconf 89' lang='lat' dir='ltr'>dulce</span> 
     </span>
     <span class='ocr_line' id='line_1_15' title="bbox 83 1629 2614 1715; baseline 0.003 -23"><span class='ocrx_word' id='word_1_121' title='bbox 83 1629 325 1700; x_wconf 79' lang='lat' dir='ltr'>virtutis</span> <span class='ocrx_word' id='word_1_122' title='bbox 352 1631 488 1699; x_wconf 89' lang='lat' dir='ltr'>mel</span> <span class='ocrx_word' id='word_1_123' title='bbox 524 1631 967 1699; x_wconf 86' lang='lat' dir='ltr'>conficiebat:</span> <span class='ocrx_word' id='word_1_124' title='bbox 1004 1629 1112 1708; x_wconf 78' lang='lat' dir='ltr'>sic,</span> <span class='ocrx_word' id='word_1_125' title='bbox 1141 1630 1469 1698; x_wconf 90' lang='lat' dir='ltr'>nimirum</span> <span class='ocrx_word' id='word_1_126' title='bbox 1499 1652 1569 1699; x_wconf 92' lang='lat' dir='ltr'>se</span> <span class='ocrx_word' id='word_1_127' title='bbox 1595 1652 2033 1715; x_wconf 88' lang='lat' dir='ltr'>comparans,</span> <span class='ocrx_word' id='word_1_128' title='bbox 2065 1643 2140 1698; x_wconf 90' lang='lat' dir='ltr'>ut</span> <span class='ocrx_word' id='word_1_129' title='bbox 2169 1642 2232 1699; x_wconf 93' lang='lat' dir='ltr'>et</span> <span class='ocrx_word' id='word_1_130' title='bbox 2261 1630 2614 1700; x_wconf 89' lang='lat' dir='ltr'>laboribus</span> 
     </span>
     <span class='ocr_line' id='line_1_16' title="bbox 87 1718 2613 1807; baseline 0.002 -23"><span class='ocrx_word' id='word_1_131' title='bbox 87 1738 145 1785; x_wconf 89' lang='lat' dir='ltr'>se</span> <span class='ocrx_word' id='word_1_132' title='bbox 181 1731 534 1800; x_wconf 83' lang='lat' dir='ltr'>exerceret,</span> <span class='ocrx_word' id='word_1_133' title='bbox 589 1741 668 1787; x_wconf 87' lang='lat' dir='ltr'>ac</span> <span class='ocrx_word' id='word_1_134' title='bbox 706 1740 825 1807; x_wconf 89' lang='lat' dir='ltr'>per</span> <span class='ocrx_word' id='word_1_135' title='bbox 855 1719 1204 1787; x_wconf 90' lang='lat' dir='ltr'>actionum</span> <span class='ocrx_word' id='word_1_136' title='bbox 1257 1718 1688 1788; x_wconf 88' lang='lat' dir='ltr'>sedulitatem</span> <span class='ocrx_word' id='word_1_137' title='bbox 1749 1719 1936 1787; x_wconf 88' lang='lat' dir='ltr'>favos</span> <span class='ocrx_word' id='word_1_138' title='bbox 1983 1732 2168 1788; x_wconf 89' lang='lat' dir='ltr'>certo</span> <span class='ocrx_word' id='word_1_139' title='bbox 2217 1720 2480 1798; x_wconf 91' lang='lat' dir='ltr'>ordine,</span> <span class='ocrx_word' id='word_1_140' title='bbox 2534 1742 2613 1788; x_wconf 92' lang='lat' dir='ltr'>ac</span> 
     </span>
     <span class='ocr_line' id='line_1_17' title="bbox 84 1807 2615 1896; baseline 0.001 -23"><span class='ocrx_word' id='word_1_141' title='bbox 84 1809 467 1896; x_wconf 85' lang='lat' dir='ltr'>congruenti</span> <span class='ocrx_word' id='word_1_142' title='bbox 507 1829 832 1877; x_wconf 89' lang='lat' dir='ltr'>mensura</span> <span class='ocrx_word' id='word_1_143' title='bbox 879 1820 1343 1895; x_wconf 84' lang='lat' dir='ltr'>componeret,</span> <span class='ocrx_word' id='word_1_144' title='bbox 1398 1819 1462 1876; x_wconf 91' lang='lat' dir='ltr'>et</span> <span class='ocrx_word' id='word_1_145' title='bbox 1512 1808 1619 1887; x_wconf 90' lang='lat' dir='ltr'>iis,</span> <span class='ocrx_word' id='word_1_146' title='bbox 1674 1830 1712 1876; x_wconf 90' lang='lat' dir='ltr'>a</span> <span class='ocrx_word' id='word_1_147' title='bbox 1751 1807 2008 1894; x_wconf 86' lang='lat' dir='ltr'>quibus</span> <span class='ocrx_word' id='word_1_148' title='bbox 2057 1807 2400 1887; x_wconf 88' lang='lat' dir='ltr'>adibatur,</span> <span class='ocrx_word' id='word_1_149' title='bbox 2459 1807 2615 1876; x_wconf 89' lang='lat' dir='ltr'>illu-</span> 
     </span>
     <span class='ocr_line' id='line_1_18' title="bbox 87 1895 2617 1984; baseline 0.001 -24"><span class='ocrx_word' id='word_1_150' title='bbox 87 1896 508 1965; x_wconf 86' lang='lat' dir='ltr'>minationem</span> <span class='ocrx_word' id='word_1_151' title='bbox 549 1896 758 1965; x_wconf 90' lang='lat' dir='ltr'>simul</span> <span class='ocrx_word' id='word_1_152' title='bbox 800 1918 878 1965; x_wconf 89' lang='lat' dir='ltr'>ac</span> <span class='ocrx_word' id='word_1_153' title='bbox 926 1895 1364 1965; x_wconf 89' lang='lat' dir='ltr'>dulcedinem</span> <span class='ocrx_word' id='word_1_154' title='bbox 1416 1896 1818 1984; x_wconf 90' lang='lat' dir='ltr'>impertiret.</span> <span class='ocrx_word' id='word_1_155' title='bbox 1872 1901 2083 1982; x_wconf 78' lang='lat' dir='ltr'>Atque</span> <span class='ocrx_word' id='word_1_156' title='bbox 2115 1911 2431 1966; x_wconf 89' lang='lat' dir='ltr'>actuosas</span> <span class='ocrx_word' id='word_1_157' title='bbox 2464 1897 2617 1982; x_wconf 89' lang='lat' dir='ltr'>qui-</span> 
     </span>
     <span class='ocr_line' id='line_1_19' title="bbox 83 1982 2610 2074; baseline 0.001 -25"><span class='ocrx_word' id='word_1_158' title='bbox 83 1982 213 2052; x_wconf 89' lang='lat' dir='ltr'>dem</span> <span class='ocrx_word' id='word_1_159' title='bbox 257 1986 401 2074; x_wconf 92' lang='lat' dir='ltr'>ipse</span> <span class='ocrx_word' id='word_1_160' title='bbox 453 2006 750 2072; x_wconf 83' lang='lat' dir='ltr'>quoque,</span> <span class='ocrx_word' id='word_1_161' title='bbox 805 1989 851 2053; x_wconf 86' lang='lat' dir='ltr'><strong>A</strong></span> <span class='ocrx_word' id='word_1_162' title='bbox 905 1985 1100 2056; x_wconf 90' lang='lat' dir='ltr'>ostoli</span> <span class='ocrx_word' id='word_1_163' title='bbox 1153 1986 1312 2065; x_wconf 91' lang='lat' dir='ltr'>ritu,</span> <span class='ocrx_word' id='word_1_164' title='bbox 1370 2007 1622 2055; x_wconf 91' lang='lat' dir='ltr'>manus</span> <span class='ocrx_word' id='word_1_165' title='bbox 1655 1985 1967 2064; x_wconf 86' lang='lat' dir='ltr'>habebat,</span> <span class='ocrx_word' id='word_1_166' title='bbox 2022 1985 2610 2054; x_wconf 80' lang='lat' dir='ltr'>conficiendorum</span> 
     </span>
     <span class='ocr_line' id='line_1_20' title="bbox 84 2072 2614 2162; baseline 0.002 -26"><span class='ocrx_word' id='word_1_167' title='bbox 84 2072 315 2143; x_wconf 87' lang='lat' dir='ltr'>scilicet</span> <span class='ocrx_word' id='word_1_168' title='bbox 344 2075 628 2156; x_wconf 87' lang='lat' dir='ltr'>retium,</span> <span class='ocrx_word' id='word_1_169' title='bbox 680 2085 756 2142; x_wconf 92' lang='lat' dir='ltr'>ut</span> <span class='ocrx_word' id='word_1_170' title='bbox 803 2073 941 2155; x_wconf 90' lang='lat' dir='ltr'>ile,</span> <span class='ocrx_word' id='word_1_171' title='bbox 996 2087 1207 2142; x_wconf 90' lang='lat' dir='ltr'>artem</span> <span class='ocrx_word' id='word_1_172' title='bbox 1240 2073 1495 2144; x_wconf 90' lang='lat' dir='ltr'>colens.</span> <span class='ocrx_word' id='word_1_173' title='bbox 1551 2079 1764 2159; x_wconf 75' lang='lat' dir='ltr'>Atque</span> <span class='ocrx_word' id='word_1_174' title='bbox 1812 2075 2098 2160; x_wconf 90' lang='lat' dir='ltr'>insuper</span> <span class='ocrx_word' id='word_1_175' title='bbox 2145 2075 2416 2162; x_wconf 87' lang='lat' dir='ltr'>egregie</span> <span class='ocrx_word' id='word_1_176' title='bbox 2448 2074 2614 2142; x_wconf 89' lang='lat' dir='ltr'>scri-</span> 
     </span>
     <span class='ocr_line' id='line_1_21' title="bbox 84 2158 2608 2251; baseline -0.001 -24"><span class='ocrx_word' id='word_1_177' title='bbox 84 2158 259 2231; x_wconf 81' lang='lat' dir='ltr'>bendi</span> <span class='ocrx_word' id='word_1_178' title='bbox 292 2163 608 2251; x_wconf 86' lang='lat' dir='ltr'>peritiam</span> <span class='ocrx_word' id='word_1_179' title='bbox 640 2175 1075 2242; x_wconf 80' lang='lat' dir='ltr'>consecutuS,</span> <span class='ocrx_word' id='word_1_180' title='bbox 1109 2162 1583 2233; x_wconf 88' lang='lat' dir='ltr'>describendis</span> <span class='ocrx_word' id='word_1_181' title='bbox 1612 2162 1806 2231; x_wconf 89' lang='lat' dir='ltr'>libris</span> <span class='ocrx_word' id='word_1_182' title='bbox 1832 2184 2106 2251; x_wconf 88' lang='lat' dir='ltr'>operam</span> <span class='ocrx_word' id='word_1_183' title='bbox 2141 2162 2608 2250; x_wconf 85' lang='lat' dir='ltr'>impendebat:</span> 
     </span>
     <span class='ocr_line' id='line_1_22' title="bbox 87 2251 2611 2338; baseline 0.002 -23"><span class='ocrx_word' id='word_1_184' title='bbox 87 2263 148 2316; x_wconf 89' lang='lat' dir='ltr'>ut</span> <span class='ocrx_word' id='word_1_185' title='bbox 200 2253 316 2338; x_wconf 85' lang='lat' dir='ltr'>qui</span> <span class='ocrx_word' id='word_1_186' title='bbox 372 2274 514 2320; x_wconf 77' lang='lat' dir='ltr'>non</span> <span class='ocrx_word' id='word_1_187' title='bbox 583 2251 785 2320; x_wconf 90' lang='lat' dir='ltr'>modo</span> <span class='ocrx_word' id='word_1_188' title='bbox 858 2252 1116 2319; x_wconf 90' lang='lat' dir='ltr'>nemini</span> <span class='ocrx_word' id='word_1_189' title='bbox 1179 2252 1369 2320; x_wconf 89' lang='lat' dir='ltr'>oneri</span> <span class='ocrx_word' id='word_1_190' title='bbox 1417 2273 1566 2320; x_wconf 88' lang='lat' dir='ltr'>esse</span> <span class='ocrx_word' id='word_1_191' title='bbox 1616 2251 1864 2331; x_wconf 86' lang='lat' dir='ltr'>vellet,</span> <span class='ocrx_word' id='word_1_192' title='bbox 1923 2251 2038 2320; x_wconf 89' lang='lat' dir='ltr'>sed</span> <span class='ocrx_word' id='word_1_193' title='bbox 2090 2251 2292 2319; x_wconf 90' lang='lat' dir='ltr'>etiam</span> <span class='ocrx_word' id='word_1_194' title='bbox 2361 2251 2611 2320; x_wconf 89' lang='lat' dir='ltr'>habere</span> 
     </span>
     <span class='ocr_line' id='line_1_23' title="bbox 90 2339 2615 2430; baseline 0.002 -28"><span class='ocrx_word' id='word_1_195' title='bbox 90 2353 354 2428; x_wconf 86' lang='lat' dir='ltr'>cuperet,</span> <span class='ocrx_word' id='word_1_196' title='bbox 408 2340 593 2409; x_wconf 89' lang='lat' dir='ltr'>unde</span> <span class='ocrx_word' id='word_1_197' title='bbox 628 2340 851 2429; x_wconf 89' lang='lat' dir='ltr'>egenti</span> <span class='ocrx_word' id='word_1_198' title='bbox 879 2340 1272 2408; x_wconf 89' lang='lat' dir='ltr'>subsidium</span> <span class='ocrx_word' id='word_1_199' title='bbox 1326 2341 1568 2408; x_wconf 83' lang='lat' dir='ltr'>afferre</span> <span class='ocrx_word' id='word_1_200' title='bbox 1620 2353 1867 2430; x_wconf 90' lang='lat' dir='ltr'>posset.</span> <span class='ocrx_word' id='word_1_201' title='bbox 1902 2345 1990 2407; x_wconf 82' lang='lat' dir='ltr'>Ac</span> <span class='ocrx_word' id='word_1_202' title='bbox 2027 2339 2312 2429; x_wconf 90' lang='lat' dir='ltr'>spiritus</span> <span class='ocrx_word' id='word_1_203' title='bbox 2347 2340 2615 2407; x_wconf 87' lang='lat' dir='ltr'>fructus</span> 
     </span>
     <span class='ocr_line' id='line_1_24' title="bbox 85 2429 2607 2518; baseline 0.002 -26"><span class='ocrx_word' id='word_1_204' title='bbox 85 2449 327 2499; x_wconf 81' lang='lat' dir='ltr'>cernere</span> <span class='ocrx_word' id='word_1_205' title='bbox 353 2444 503 2500; x_wconf 88' lang='lat' dir='ltr'>erat</span> <span class='ocrx_word' id='word_1_206' title='bbox 529 2430 592 2497; x_wconf 95' lang='lat' dir='ltr'>in</span> <span class='ocrx_word' id='word_1_207' title='bbox 634 2430 854 2518; x_wconf 91' lang='lat' dir='ltr'>ipsius</span> <span class='ocrx_word' id='word_1_208' title='bbox 894 2430 1150 2509; x_wconf 91' lang='lat' dir='ltr'>anim0‚</span> <span class='ocrx_word' id='word_1_209' title='bbox 1187 2442 1534 2515; x_wconf 85' lang='lat' dir='ltr'>tamquam</span> <span class='ocrx_word' id='word_1_210' title='bbox 1576 2429 1642 2498; x_wconf 91' lang='lat' dir='ltr'>in</span> <span class='ocrx_word' id='word_1_211' title='bbox 1687 2429 2026 2498; x_wconf 86' lang='lat' dir='ltr'>foecunda</span> <span class='ocrx_word' id='word_1_212' title='bbox 2059 2442 2235 2497; x_wconf 86' lang='lat' dir='ltr'>terra</span> <span class='ocrx_word' id='word_1_213' title='bbox 2264 2430 2607 2507; x_wconf 88' lang='lat' dir='ltr'>florentes,</span> 
     </span>
     <span class='ocr_line' id='line_1_25' title="bbox 85 2514 2612 2607; baseline 0.002 -28"><span class='ocrx_word' id='word_1_214' title='bbox 85 2514 189 2586; x_wconf 86' lang='lat' dir='ltr'>hoc</span> <span class='ocrx_word' id='word_1_215' title='bbox 218 2533 314 2588; x_wconf 93' lang='lat' dir='ltr'>est</span> <span class='ocrx_word' id='word_1_216' title='bbox 362 2519 795 2598; x_wconf 90' lang='lat' dir='ltr'>charitatem,</span> <span class='ocrx_word' id='word_1_217' title='bbox 844 2518 1206 2607; x_wconf 87' lang='lat' dir='ltr'>gaudium,</span> <span class='ocrx_word' id='word_1_218' title='bbox 1265 2540 1529 2606; x_wconf 89' lang='lat' dir='ltr'>pacem,</span> <span class='ocrx_word' id='word_1_219' title='bbox 1609 2517 2237 2595; x_wconf 84' lang='lat' dir='ltr'>mansuetudinem,</span> <span class='ocrx_word' id='word_1_220' title='bbox 2294 2517 2612 2607; x_wconf 88' lang='lat' dir='ltr'>longani-</span> 
     </span>
     <span class='ocr_line' id='line_1_26' title="bbox 84 2606 2604 2696; baseline 0.002 -26"><span class='ocrx_word' id='word_1_221' title='bbox 84 2606 386 2689; x_wconf 86' lang='lat' dir='ltr'>mitatem,</span> <span class='ocrx_word' id='word_1_222' title='bbox 444 2607 974 2696; x_wconf 86' lang='lat' dir='ltr'>benignitatem:</span> <span class='ocrx_word' id='word_1_223' title='bbox 1029 2629 1202 2693; x_wconf 89' lang='lat' dir='ltr'>quos</span> <span class='ocrx_word' id='word_1_224' title='bbox 1258 2607 1540 2693; x_wconf 90' lang='lat' dir='ltr'>quidem</span> <span class='ocrx_word' id='word_1_225' title='bbox 1579 2606 1844 2676; x_wconf 88' lang='lat' dir='ltr'>fructus</span> <span class='ocrx_word' id='word_1_226' title='bbox 1911 2606 2258 2696; x_wconf 87' lang='lat' dir='ltr'>plerisque</span> <span class='ocrx_word' id='word_1_227' title='bbox 2307 2629 2542 2676; x_wconf 92' lang='lat' dir='ltr'>eorum</span> <span class='ocrx_word' id='word_1_228' title='bbox 2589 2662 2604 2686; x_wconf 91' lang='lat'>‚</span> 
     </span>
     <span class='ocr_line' id='line_1_27' title="bbox 80 2694 2608 2789; baseline 0 -27"><span class='ocrx_word' id='word_1_229' title='bbox 80 2694 180 2789; x_wconf 76' lang='lat' dir='ltr'>qui</span> <span class='ocrx_word' id='word_1_230' title='bbox 239 2698 318 2765; x_wconf 91' lang='lat' dir='ltr'>ad</span> <span class='ocrx_word' id='word_1_231' title='bbox 387 2718 549 2766; x_wconf 91' lang='lat' dir='ltr'>eum</span> <span class='ocrx_word' id='word_1_232' title='bbox 625 2694 1088 2775; x_wconf 84' lang='lat' dir='ltr'>ventitabant,</span> <span class='ocrx_word' id='word_1_233' title='bbox 1144 2696 1401 2784; x_wconf 90' lang='lat' dir='ltr'>optime</span> <span class='ocrx_word' id='word_1_234' title='bbox 1465 2696 1922 2785; x_wconf 91' lang='lat' dir='ltr'>impertiebat.</span> <span class='ocrx_word' id='word_1_235' title='bbox 1971 2695 2298 2764; x_wconf 88' lang='lat' dir='ltr'>Permulti</span> <span class='ocrx_word' id='word_1_236' title='bbox 2349 2696 2608 2784; x_wconf 89' lang='lat' dir='ltr'>quippe</span> 
     </span>
     <span class='ocr_line' id='line_1_28' title="bbox 79 2783 2603 2873; baseline 0.002 -27"><span class='ocrx_word' id='word_1_237' title='bbox 79 2783 282 2869; x_wconf 76' lang='lat' dir='ltr'>ipsius</span> <span class='ocrx_word' id='word_1_238' title='bbox 340 2787 628 2854; x_wconf 87' lang='lat' dir='ltr'>virtutes</span> <span class='ocrx_word' id='word_1_239' title='bbox 672 2784 924 2852; x_wconf 87' lang='lat' dir='ltr'>imitari</span> <span class='ocrx_word' id='word_1_240' title='bbox 974 2784 1354 2873; x_wconf 85' lang='lat' dir='ltr'>cupientes,</span> <span class='ocrx_word' id='word_1_241' title='bbox 1408 2784 1939 2853; x_wconf 88' lang='lat' dir='ltr'>contubernium</span> <span class='ocrx_word' id='word_1_242' title='bbox 1991 2805 2149 2853; x_wconf 90' lang='lat' dir='ltr'>cum</span> <span class='ocrx_word' id='word_1_243' title='bbox 2200 2806 2277 2855; x_wconf 91' lang='lat' dir='ltr'>eo</span> <span class='ocrx_word' id='word_1_244' title='bbox 2330 2784 2603 2862; x_wconf 87' lang='lat' dir='ltr'>habere,</span> 
     </span>
     <span class='ocr_line' id='line_1_29' title="bbox 79 2871 2605 2963; baseline 0.003 -27"><span class='ocrx_word' id='word_1_245' title='bbox 79 2891 143 2938; x_wconf 86' lang='lat' dir='ltr'>ac</span> <span class='ocrx_word' id='word_1_246' title='bbox 173 2874 299 2942; x_wconf 90' lang='lat' dir='ltr'>sub</span> <span class='ocrx_word' id='word_1_247' title='bbox 346 2896 427 2943; x_wconf 88' lang='lat' dir='ltr'>eo</span> <span class='ocrx_word' id='word_1_248' title='bbox 466 2885 903 2963; x_wconf 90' lang='lat' dir='ltr'>praeceptore</span> <span class='ocrx_word' id='word_1_249' title='bbox 954 2874 1129 2940; x_wconf 89' lang='lat' dir='ltr'>viam</span> <span class='ocrx_word' id='word_1_250' title='bbox 1168 2874 1233 2939; x_wconf 90' lang='lat' dir='ltr'>in</span> <span class='ocrx_word' id='word_1_251' title='bbox 1264 2873 1531 2941; x_wconf 90' lang='lat' dir='ltr'>coelum</span> <span class='ocrx_word' id='word_1_252' title='bbox 1586 2871 1910 2941; x_wconf 88' lang='lat' dir='ltr'>ferentem</span> <span class='ocrx_word' id='word_1_253' title='bbox 1951 2886 2174 2942; x_wconf 89' lang='lat' dir='ltr'>tenere</span> <span class='ocrx_word' id='word_1_254' title='bbox 2217 2872 2605 2943; x_wconf 88' lang='lat' dir='ltr'>voluerunt.</span> 
     </span>
     <span class='ocr_line' id='line_1_30' title="bbox 77 2960 2613 3052; baseline 0.002 -26"><span class='ocrx_word' id='word_1_255' title='bbox 77 2960 319 3039; x_wconf 78' lang='lat' dir='ltr'>Quibus</span> <span class='ocrx_word' id='word_1_256' title='bbox 360 2962 664 3052; x_wconf 91' lang='lat' dir='ltr'>primum</span> <span class='ocrx_word' id='word_1_257' title='bbox 700 2961 978 3048; x_wconf 89' lang='lat' dir='ltr'>quidem</span> <span class='ocrx_word' id='word_1_258' title='bbox 1035 2962 1484 3050; x_wconf 87' lang='lat' dir='ltr'>repugnabat,</span> <span class='ocrx_word' id='word_1_259' title='bbox 1528 2983 1779 3049; x_wconf 88' lang='lat' dir='ltr'>eosque</span> <span class='ocrx_word' id='word_1_260' title='bbox 1806 2962 2334 3031; x_wconf 89' lang='lat' dir='ltr'>contubernales</span> <span class='ocrx_word' id='word_1_261' title='bbox 2364 2963 2613 3032; x_wconf 88' lang='lat' dir='ltr'>habere</span> 
     </span>
     <span class='ocr_line' id='line_1_31' title="bbox 80 3047 2609 3138; baseline 0.002 -25"><span class='ocrx_word' id='word_1_262' title='bbox 80 3054 411 3131; x_wconf 85' lang='lat' dir='ltr'>renuebat,</span> <span class='ocrx_word' id='word_1_263' title='bbox 473 3064 546 3118; x_wconf 93' lang='lat' dir='ltr'>ut</span> <span class='ocrx_word' id='word_1_264' title='bbox 592 3050 713 3137; x_wconf 89' lang='lat' dir='ltr'>qui</span> <span class='ocrx_word' id='word_1_265' title='bbox 762 3064 825 3120; x_wconf 93' lang='lat' dir='ltr'>et</span> <span class='ocrx_word' id='word_1_266' title='bbox 875 3049 1255 3119; x_wconf 86' lang='lat' dir='ltr'>molestiam</span> <span class='ocrx_word' id='word_1_267' title='bbox 1313 3050 1442 3138; x_wconf 89' lang='lat' dir='ltr'>ipsi</span> <span class='ocrx_word' id='word_1_268' title='bbox 1495 3047 1852 3129; x_wconf 84' lang='lat' dir='ltr'>facessere,</span> <span class='ocrx_word' id='word_1_269' title='bbox 1906 3063 1972 3118; x_wconf 92' lang='lat' dir='ltr'>et</span> <span class='ocrx_word' id='word_1_270' title='bbox 2022 3051 2242 3138; x_wconf 89' lang='lat' dir='ltr'>ipsius</span> <span class='ocrx_word' id='word_1_271' title='bbox 2295 3051 2609 3119; x_wconf 87' lang='lat' dir='ltr'>animum</span> 
     </span>
     <span class='ocr_line' id='line_1_32' title="bbox 76 3135 2614 3227; baseline 0.002 -25"><span class='ocrx_word' id='word_1_272' title='bbox 76 3135 440 3208; x_wconf 81' lang='lat' dir='ltr'>distrahere</span> <span class='ocrx_word' id='word_1_273' title='bbox 495 3152 796 3227; x_wconf 86' lang='lat' dir='ltr'>possent.</span> <span class='ocrx_word' id='word_1_274' title='bbox 852 3138 1150 3207; x_wconf 89' lang='lat' dir='ltr'>Tandem</span> <span class='ocrx_word' id='word_1_275' title='bbox 1199 3153 1421 3207; x_wconf 90' lang='lat' dir='ltr'>tamen</span> <span class='ocrx_word' id='word_1_276' title='bbox 1474 3160 1588 3207; x_wconf 88' lang='lat' dir='ltr'>eos</span> <span class='ocrx_word' id='word_1_277' title='bbox 1640 3139 2079 3219; x_wconf 91' lang='lat' dir='ltr'>admittebat;</span> <span class='ocrx_word' id='word_1_278' title='bbox 2136 3151 2211 3207; x_wconf 91' lang='lat' dir='ltr'>ut</span> <span class='ocrx_word' id='word_1_279' title='bbox 2259 3141 2377 3224; x_wconf 82' lang='lat' dir='ltr'>qui</span> <span class='ocrx_word' id='word_1_280' title='bbox 2429 3139 2614 3208; x_wconf 89' lang='lat' dir='ltr'>foras</span> 
     </span>
     <span class='ocr_line' id='line_1_33' title="bbox 75 3227 2604 3317; baseline 0.001 -26"><span class='ocrx_word' id='word_1_281' title='bbox 75 3248 242 3308; x_wconf 84' lang='lat' dir='ltr'>eum,</span> <span class='ocrx_word' id='word_1_282' title='bbox 281 3230 402 3315; x_wconf 89' lang='lat' dir='ltr'>qui</span> <span class='ocrx_word' id='word_1_283' title='bbox 438 3228 524 3296; x_wconf 87' lang='lat' dir='ltr'>ad</span> <span class='ocrx_word' id='word_1_284' title='bbox 563 3250 634 3297; x_wconf 90' lang='lat' dir='ltr'>se</span> <span class='ocrx_word' id='word_1_285' title='bbox 672 3228 947 3307; x_wconf 89' lang='lat' dir='ltr'>veniret,</span> <span class='ocrx_word' id='word_1_286' title='bbox 986 3227 1401 3317; x_wconf 85' lang='lat' dir='ltr'>ejiciendum</span> <span class='ocrx_word' id='word_1_287' title='bbox 1455 3249 1590 3296; x_wconf 93' lang='lat' dir='ltr'>non</span> <span class='ocrx_word' id='word_1_288' title='bbox 1628 3249 1798 3307; x_wconf 90' lang='lat' dir='ltr'>esse,</span> <span class='ocrx_word' id='word_1_289' title='bbox 1853 3250 1892 3295; x_wconf 88' lang='lat' dir='ltr'>a</span> <span class='ocrx_word' id='word_1_290' title='bbox 1935 3228 2198 3297; x_wconf 90' lang='lat' dir='ltr'>Christo</span> <span class='ocrx_word' id='word_1_291' title='bbox 2224 3228 2604 3298; x_wconf 88' lang='lat' dir='ltr'>didicisset.</span> 
     </span>
     <span class='ocr_line' id='line_1_34' title="bbox 71 3316 2610 3405; baseline 0.002 -25"><span class='ocrx_word' id='word_1_292' title='bbox 71 3316 360 3387; x_wconf 89' lang='lat' dir='ltr'>Primum</span> <span class='ocrx_word' id='word_1_293' title='bbox 419 3317 632 3405; x_wconf 87' lang='lat' dir='ltr'>igitur</span> <span class='ocrx_word' id='word_1_294' title='bbox 680 3317 1016 3385; x_wconf 86' lang='lat' dir='ltr'>Marinum</span> <span class='ocrx_word' id='word_1_295' title='bbox 1061 3372 1075 3396; x_wconf 92' lang='lat'>,</span> <span class='ocrx_word' id='word_1_296' title='bbox 1134 3317 1424 3405; x_wconf 90' lang='lat' dir='ltr'>probum</span> <span class='ocrx_word' id='word_1_297' title='bbox 1478 3317 1756 3395; x_wconf 86' lang='lat' dir='ltr'>virum,</span> <span class='ocrx_word' id='word_1_298' title='bbox 1828 3339 1907 3384; x_wconf 85' lang='lat' dir='ltr'>ac</span> <span class='ocrx_word' id='word_1_299' title='bbox 1972 3317 2405 3385; x_wconf 88' lang='lat' dir='ltr'>suavissimis</span> <span class='ocrx_word' id='word_1_300' title='bbox 2466 3340 2610 3385; x_wconf 88' lang='lat' dir='ltr'>mo-</span> 
     </span>
     <span class='ocr_line' id='line_1_35' title="bbox 75 3403 2602 3495; baseline 0.002 -28"><span class='ocrx_word' id='word_1_301' title='bbox 75 3403 251 3476; x_wconf 91' lang='lat' dir='ltr'>ribus</span> <span class='ocrx_word' id='word_1_302' title='bbox 303 3405 690 3495; x_wconf 87' lang='lat' dir='ltr'>praeditum</span> <span class='ocrx_word' id='word_1_303' title='bbox 770 3405 1121 3494; x_wconf 87' lang='lat' dir='ltr'>suscepit,</span> <span class='ocrx_word' id='word_1_304' title='bbox 1177 3405 1426 3473; x_wconf 84' lang='lat' dir='ltr'>deinde</span> <span class='ocrx_word' id='word_1_305' title='bbox 1484 3412 1821 3474; x_wconf 62' lang='lat' dir='ltr'>,loannem</span> <span class='ocrx_word' id='word_1_306' title='bbox 1875 3418 1939 3474; x_wconf 90' lang='lat' dir='ltr'>et</span> <span class='ocrx_word' id='word_1_307' title='bbox 1988 3405 2551 3493; x_wconf 88' lang='lat' dir='ltr'>Christophorum</span> <span class='ocrx_word' id='word_1_308' title='bbox 2583 3461 2602 3485; x_wconf 92' lang='lat'>,</span> 
     </span>
     <span class='ocr_line' id='line_1_36' title="bbox 75 3493 2612 3584; baseline 0.002 -26"><span class='ocrx_word' id='word_1_309' title='bbox 75 3505 290 3577; x_wconf 87' lang='lat' dir='ltr'>postea</span> <span class='ocrx_word' id='word_1_310' title='bbox 347 3493 741 3563; x_wconf 85' lang='lat' dir='ltr'>Zachariam</span> <span class='ocrx_word' id='word_1_311' title='bbox 781 3545 795 3574; x_wconf 88' lang='lat'>‚</span> <span class='ocrx_word' id='word_1_312' title='bbox 902 3494 1041 3562; x_wconf 86' lang='lat' dir='ltr'>ium</span> <span class='ocrx_word' id='word_1_313' title='bbox 1097 3493 1473 3574; x_wconf 90' lang='lat' dir='ltr'>hominem,</span> <span class='ocrx_word' id='word_1_314' title='bbox 1531 3494 1984 3580; x_wconf 90' lang='lat' dir='ltr'>divinumque</span> <span class='ocrx_word' id='word_1_315' title='bbox 2036 3494 2207 3563; x_wconf 89' lang='lat' dir='ltr'>vitae</span> <span class='ocrx_word' id='word_1_316' title='bbox 2257 3515 2475 3584; x_wconf 87' lang='lat' dir='ltr'>genus</span> <span class='ocrx_word' id='word_1_317' title='bbox 2525 3495 2612 3563; x_wconf 89' lang='lat' dir='ltr'>ad</span> 
     </span>
     <span class='ocr_line' id='line_1_37' title="bbox 71 3582 2612 3672; baseline 0.002 -25"><span class='ocrx_word' id='word_1_318' title='bbox 71 3601 414 3652; x_wconf 86' lang='lat' dir='ltr'>summum</span> <span class='ocrx_word' id='word_1_319' title='bbox 453 3604 673 3669; x_wconf 89' lang='lat' dir='ltr'>usque</span> <span class='ocrx_word' id='word_1_320' title='bbox 702 3604 823 3672; x_wconf 88' lang='lat' dir='ltr'>gra</span> <span class='ocrx_word' id='word_1_321' title='bbox 881 3604 1000 3651; x_wconf 91' lang='lat' dir='ltr'>um</span> <span class='ocrx_word' id='word_1_322' title='bbox 1052 3595 1582 3662; x_wconf 89' lang='lat' dir='ltr'>consectantem,</span> <span class='ocrx_word' id='word_1_323' title='bbox 1624 3598 1766 3653; x_wconf 90' lang='lat' dir='ltr'>tum</span> <span class='ocrx_word' id='word_1_324' title='bbox 1809 3582 1963 3651; x_wconf 91' lang='lat' dir='ltr'>item</span> <span class='ocrx_word' id='word_1_325' title='bbox 1997 3582 2088 3651; x_wconf 90' lang='lat' dir='ltr'>im</span> <span class='ocrx_word' id='word_1_326' title='bbox 2149 3584 2392 3671; x_wconf 78' lang='lat' dir='ltr'>robum</span> <span class='ocrx_word' id='word_1_327' title='bbox 2438 3582 2612 3651; x_wconf 91' lang='lat' dir='ltr'>illud</span> 
     </span>
     <span class='ocr_line' id='line_1_38' title="bbox 74 3670 2607 3772; baseline 0.002 -36"><span class='ocrx_word' id='word_1_328' title='bbox 74 3689 185 3754; x_wconf 88' lang='lat' dir='ltr'>par</span> <span class='ocrx_word' id='word_1_329' title='bbox 219 3671 533 3772; x_wconf 83' lang='lat' dir='ltr'>Sergium</span> <span class='ocrx_word' id='word_1_330' title='bbox 585 3684 650 3740; x_wconf 90' lang='lat' dir='ltr'>et</span> <span class='ocrx_word' id='word_1_331' title='bbox 699 3670 1124 3761; x_wconf 88' lang='lat' dir='ltr'>Stephanum</span> <span class='ocrx_word' id='word_1_332' title='bbox 1173 3671 1289 3761; x_wconf 88' lang='lat' dir='ltr'>(de</span> <span class='ocrx_word' id='word_1_333' title='bbox 1337 3672 1594 3758; x_wconf 88' lang='lat' dir='ltr'>quibus</span> <span class='ocrx_word' id='word_1_334' title='bbox 1646 3671 1934 3740; x_wconf 89' lang='lat' dir='ltr'>inferius</span> <span class='ocrx_word' id='word_1_335' title='bbox 1986 3693 2099 3740; x_wconf 89' lang='lat' dir='ltr'>ver</span> <span class='ocrx_word' id='word_1_336' title='bbox 2150 3695 2188 3740; x_wconf 90' lang='lat' dir='ltr'>a</span> <span class='ocrx_word' id='word_1_337' title='bbox 2220 3671 2607 3759; x_wconf 83' lang='lat' dir='ltr'>faciemus),</span> 
     </span>
     <span class='ocr_line' id='line_1_39' title="bbox 69 3759 2615 3848; baseline 0.002 -26"><span class='ocrx_word' id='word_1_338' title='bbox 69 3778 140 3825; x_wconf 91' lang='lat' dir='ltr'>ac</span> <span class='ocrx_word' id='word_1_339' title='bbox 170 3781 281 3828; x_wconf 82' lang='lat' dir='ltr'>sex</span> <span class='ocrx_word' id='word_1_340' title='bbox 338 3782 629 3848; x_wconf 78' lang='lat' dir='ltr'>insuper</span> <span class='ocrx_word' id='word_1_341' title='bbox 675 3759 870 3840; x_wconf 83' lang='lat' dir='ltr'>alioS‚</span> <span class='ocrx_word' id='word_1_342' title='bbox 924 3782 1218 3846; x_wconf 89' lang='lat' dir='ltr'>quorum</span> <span class='ocrx_word' id='word_1_343' title='bbox 1280 3760 1561 3829; x_wconf 89' lang='lat' dir='ltr'>nomina</span> <span class='ocrx_word' id='word_1_344' title='bbox 1612 3760 1678 3829; x_wconf 92' lang='lat' dir='ltr'>in</span> <span class='ocrx_word' id='word_1_345' title='bbox 1732 3783 1996 3841; x_wconf 90' lang='lat' dir='ltr'>eorum,</span> <span class='ocrx_word' id='word_1_346' title='bbox 2058 3761 2175 3846; x_wconf 83' lang='lat' dir='ltr'>qui</span> <span class='ocrx_word' id='word_1_347' title='bbox 2228 3762 2296 3828; x_wconf 88' lang='lat' dir='ltr'>in</span> <span class='ocrx_word' id='word_1_348' title='bbox 2350 3760 2615 3829; x_wconf 82' lang='lat' dir='ltr'>Christo</span> 
     </span>
     <span class='ocr_line' id='line_1_40' title="bbox 72 3847 1454 3938; baseline 0.006 -29"><span class='ocrx_word' id='word_1_349' title='bbox 72 3847 318 3929; x_wconf 71' lang='lat' dir='ltr'>vivunt,</span> <span class='ocrx_word' id='word_1_350' title='bbox 366 3850 542 3919; x_wconf 91' lang='lat' dir='ltr'>libro</span> <span class='ocrx_word' id='word_1_351' title='bbox 580 3850 956 3938; x_wconf 88' lang='lat' dir='ltr'>perscripta</span> <span class='ocrx_word' id='word_1_352' title='bbox 991 3849 1454 3918; x_wconf 89' lang='lat' dir='ltr'>continentur.</span> 
     </span>
    </p>

    <p class='ocr_par' dir='ltr' id='par_1_4' title="bbox 62 3937 2618 4558">
     <span class='ocr_line' id='line_1_41' title="bbox 75 3937 2618 4030; baseline -0.001 -22"><span class='ocrx_word' id='word_1_353' title='bbox 75 4020 82 4030; x_wconf 33' lang='grc'><strong><em>,</em></strong></span> <span class='ocrx_word' id='word_1_354' title='bbox 148 3937 182 4021; x_wconf 69' lang='grc' dir='ltr'>ξ</span> <span class='ocrx_word' id='word_1_355' title='bbox 231 3943 388 4009; x_wconf 77' lang='lat'>1⁰.</span> <span class='ocrx_word' id='word_1_356' title='bbox 438 3939 530 4006; x_wconf 84' lang='lat' dir='ltr'>Ad</span> <span class='ocrx_word' id='word_1_357' title='bbox 573 3939 757 4007; x_wconf 88' lang='lat' dir='ltr'>hunc</span> <span class='ocrx_word' id='word_1_358' title='bbox 785 3938 1014 4023; x_wconf 87' lang='lat' dir='ltr'>itaque</span> <span class='ocrx_word' id='word_1_359' title='bbox 1059 3937 1338 4006; x_wconf 90' lang='lat' dir='ltr'>modum</span> <span class='ocrx_word' id='word_1_360' title='bbox 1392 3939 1819 4024; x_wconf 84' lang='lat' dir='ltr'>asperrimus</span> <span class='ocrx_word' id='word_1_361' title='bbox 1872 3937 1984 4006; x_wconf 91' lang='lat' dir='ltr'>ille</span> <span class='ocrx_word' id='word_1_362' title='bbox 2023 3958 2221 4006; x_wconf 88' lang='lat' dir='ltr'>mons</span> <span class='ocrx_word' id='word_1_363' title='bbox 2257 3938 2451 4007; x_wconf 90' lang='lat' dir='ltr'>urbis</span> <span class='ocrx_word' id='word_1_364' title='bbox 2500 3961 2618 4006; x_wconf 91' lang='lat' dir='ltr'>cu·</span> 
     </span>
     <span class='ocr_line' id='line_1_42' title="bbox 62 4024 2613 4115; baseline 0.002 -26"><span class='ocrx_word' id='word_1_365' title='bbox 62 4024 330 4106; x_wconf 71' lang='lat' dir='ltr'>jusdam</span> <span class='ocrx_word' id='word_1_366' title='bbox 377 4027 592 4095; x_wconf 91' lang='lat' dir='ltr'>instar</span> <span class='ocrx_word' id='word_1_367' title='bbox 620 4039 970 4096; x_wconf 85' lang='lat' dir='ltr'>extructus</span> <span class='ocrx_word' id='word_1_368' title='bbox 998 4039 1122 4107; x_wconf 90' lang='lat' dir='ltr'>est,</span> <span class='ocrx_word' id='word_1_369' title='bbox 1154 4049 1233 4095; x_wconf 90' lang='lat' dir='ltr'>ac</span> <span class='ocrx_word' id='word_1_370' title='bbox 1270 4025 1604 4115; x_wconf 90' lang='lat' dir='ltr'>praeclari</span> <span class='ocrx_word' id='word_1_371' title='bbox 1639 4026 2002 4115; x_wconf 84' lang='lat' dir='ltr'>cujusdam</span> <span class='ocrx_word' id='word_1_372' title='bbox 2042 4027 2352 4095; x_wconf 90' lang='lat' dir='ltr'>coenobii</span> <span class='ocrx_word' id='word_1_373' title='bbox 2384 4026 2613 4095; x_wconf 89' lang='lat' dir='ltr'>locum</span> 
     </span>
     <span class='ocr_line' id='line_1_43' title="bbox 74 4114 2616 4207; baseline 0.002 -29"><span class='ocrx_word' id='word_1_374' title='bbox 74 4114 381 4207; x_wconf 71' lang='lat' dir='ltr'>tenebat:</span> <span class='ocrx_word' id='word_1_375' title='bbox 461 4116 867 4184; x_wconf 88' lang='lat' dir='ltr'>necessariis</span> <span class='ocrx_word' id='word_1_376' title='bbox 939 4115 1269 4184; x_wconf 89' lang='lat' dir='ltr'>nimirum</span> <span class='ocrx_word' id='word_1_377' title='bbox 1344 4114 1670 4184; x_wconf 90' lang='lat' dir='ltr'>omnibus</span> <span class='ocrx_word' id='word_1_378' title='bbox 1723 4116 1926 4185; x_wconf 88' lang='lat' dir='ltr'>rebus</span> <span class='ocrx_word' id='word_1_379' title='bbox 2002 4116 2111 4183; x_wconf 89' lang='lat' dir='ltr'>Dei</span> <span class='ocrx_word' id='word_1_380' title='bbox 2181 4115 2616 4204; x_wconf 67' lang='lat' dir='ltr'>providentia.</span> 
     </span>
     <span class='ocr_line' id='line_1_44' title="bbox 70 4201 2609 4289; baseline 0 -20"><span class='ocrx_word' id='word_1_381' title='bbox 70 4202 254 4285; x_wconf 85' lang='lat' dir='ltr'>lpsis‚</span> <span class='ocrx_word' id='word_1_382' title='bbox 289 4216 625 4289; x_wconf 89' lang='lat' dir='ltr'>quantum</span> <span class='ocrx_word' id='word_1_383' title='bbox 662 4217 765 4273; x_wconf 90' lang='lat' dir='ltr'>sat</span> <span class='ocrx_word' id='word_1_384' title='bbox 793 4218 959 4285; x_wconf 88' lang='lat' dir='ltr'>erat,</span> <span class='ocrx_word' id='word_1_385' title='bbox 1000 4204 1570 4273; x_wconf 89' lang='lat' dir='ltr'>subministratis.</span> <span class='ocrx_word' id='word_1_386' title='bbox 1608 4204 1996 4286; x_wconf 87' lang='lat' dir='ltr'>Quinetiam</span> <span class='ocrx_word' id='word_1_387' title='bbox 2034 4204 2366 4272; x_wconf 89' lang='lat' dir='ltr'>divinitus</span> <span class='ocrx_word' id='word_1_388' title='bbox 2400 4201 2609 4270; x_wconf 86' lang='lat' dir='ltr'>afflati</span> 
     </span>
     <span class='ocr_line' id='line_1_45' title="bbox 69 4290 2612 4381; baseline 0.002 -27"><span class='ocrx_word' id='word_1_389' title='bbox 69 4290 276 4358; x_wconf 84' lang='lat' dir='ltr'>Patris</span> <span class='ocrx_word' id='word_1_390' title='bbox 314 4308 809 4381; x_wconf 87' lang='lat' dir='ltr'>cognomento,</span> <span class='ocrx_word' id='word_1_391' title='bbox 858 4306 1227 4379; x_wconf 86' lang='lat' dir='ltr'>tamquam·</span> <span class='ocrx_word' id='word_1_392' title='bbox 1258 4292 1509 4381; x_wconf 91' lang='lat' dir='ltr'>opibus</span> <span class='ocrx_word' id='word_1_393' title='bbox 1558 4293 2002 4379; x_wconf 89' lang='lat' dir='ltr'>quibusdam,</span> <span class='ocrx_word' id='word_1_394' title='bbox 2060 4291 2478 4360; x_wconf 89' lang='lat' dir='ltr'>ornabatur:</span> <span class='ocrx_word' id='word_1_395' title='bbox 2537 4303 2612 4358; x_wconf 91' lang='lat' dir='ltr'>ut</span> 
     </span>
     <span class='ocr_line' id='line_1_46' title="bbox 69 4378 2602 4469; baseline -0.001 -25"><span class='ocrx_word' id='word_1_396' title='bbox 69 4378 179 4460; x_wconf 87' lang='lat' dir='ltr'>qui</span> <span class='ocrx_word' id='word_1_397' title='bbox 214 4378 297 4447; x_wconf 90' lang='lat' dir='ltr'>ad</span> <span class='ocrx_word' id='word_1_398' title='bbox 336 4380 522 4450; x_wconf 89' lang='lat' dir='ltr'>hunc</span> <span class='ocrx_word' id='word_1_399' title='bbox 563 4382 766 4451; x_wconf 90' lang='lat' dir='ltr'>etiam</span> <span class='ocrx_word' id='word_1_400' title='bbox 810 4404 1027 4469; x_wconf 80' lang='lat' dir='ltr'>usquc</span> <span class='ocrx_word' id='word_1_401' title='bbox 1058 4381 1237 4449; x_wconf 92' lang='lat' dir='ltr'>diem</span> <span class='ocrx_word' id='word_1_402' title='bbox 1274 4381 1588 4449; x_wconf 73' lang='lat' dir='ltr'>Auxentii</span> <span class='ocrx_word' id='word_1_403' title='bbox 1639 4404 1836 4450; x_wconf 90' lang='lat' dir='ltr'>mons</span> <span class='ocrx_word' id='word_1_404' title='bbox 1888 4392 2350 4466; x_wconf 88' lang='lat' dir='ltr'>nuncupetur.</span> <span class='ocrx_word' id='word_1_405' title='bbox 2390 4386 2602 4457; x_wconf 70' lang='lat' dir='ltr'>Quem</span> 
     </span>
     <span class='ocr_line' id='line_1_47' title="bbox 69 4464 2610 4558; baseline -0.001 -25"><span class='ocrx_word' id='word_1_406' title='bbox 69 4465 341 4549; x_wconf 87' lang='lat' dir='ltr'>quidem</span> <span class='ocrx_word' id='word_1_407' title='bbox 406 4474 534 4538; x_wconf 93' lang='lat' dir='ltr'>Deo</span> <span class='ocrx_word' id='word_1_408' title='bbox 596 4471 860 4540; x_wconf 87' lang='lat' dir='ltr'>invisus</span> <span class='ocrx_word' id='word_1_409' title='bbox 928 4484 1308 4558; x_wconf 78' lang='lat' dir='ltr'>tyrannus,</span> <span class='ocrx_word' id='word_1_410' title='bbox 1366 4470 1583 4539; x_wconf 84' lang='lat' dir='ltr'>sancti</span> <span class='ocrx_word' id='word_1_411' title='bbox 1654 4470 1778 4537; x_wconf 86' lang='lat' dir='ltr'>viri</span> <span class='ocrx_word' id='word_1_412' title='bbox 1842 4469 1997 4537; x_wconf 84' lang='lat' dir='ltr'>odio</span> <span class='ocrx_word' id='word_1_413' title='bbox 2059 4469 2406 4557; x_wconf 79' lang='lat' dir='ltr'>percitus,</span> <span class='ocrx_word' id='word_1_414' title='bbox 2464 4464 2610 4531; x_wconf 72' lang='lat' dir='ltr'>solo</span> 
     </span>
    </p>
   </div>
  </div>
 </body>
</html>
