2993 4837
74 329 239 395 Nov.
295 331 336 392 8
731 348 809 393 na
857 347 915 393 s.
967 345 1317 394 cont-„amno
1363 347 1461 393 Er.
1516 342 1899 394 annuntium
2371 330 2496 394 359

79 432 383 512 diximuS‚
424 430 725 521 psalmos
777 432 1048 500 interim
1085 432 1369 500 Domino
1418 454 1545 500 suo
1597 453 1782 500 more
1817 430 2115 500 suaviter
2147 430 2578 520 depromens.

74 519 353 589 Tandem
417 519 596 588 venit
642 519 726 589 ad
779 520 1324 601 Vicedominum,
1379 519 1632 609 capitio
1682 520 1947 589 vultum
1997 520 2184 607 tegit,
2242 541 2324 588 ne
2375 521 2588 609 possit

73 608 378 695 agnosci:
458 630 688 677 coram
763 608 927 690 illo,
986 608 1054 677 in
1109 607 1331 699 platea
1377 610 1745 695 utriusque
1793 630 1995 677 sexus
2042 607 2405 677 hominum
2457 608 2587 677 fre-

72 698 331 783 quentia
379 698 647 786 stipato,
695 719 766 765 se
815 698 1012 767 humi
1064 697 1452 787 prosternit,
1507 696 1962 787 apprehendit
2009 697 2160 785 ejus
2211 696 2438 787 pedes,
2484 697 2589 765 in-

72 786 283 855 fundit
329 807 439 855 eos
489 786 817 874 lacrymis
865 786 1034 854 suis.
1074 792 1241 854 Tum
1294 785 1409 854 ille
1458 798 1669 865 torvo,
1710 798 1785 854 ut
1832 797 1997 866 erat,
2035 784 2274 854 vultu:
2330 809 2365 851 «
2420 786 2588 868 Quis

71 876 175 951 sis,
220 876 335 954 ait,
387 886 449 944 et
497 874 680 942 unde
734 875 1024 958 veneris,
1053 873 1332 949 edicito.
1398 897 1433 941 »
1489 879 1568 943 Et
1614 876 1717 943 vir
1767 874 2027 953 beatus,
2069 885 2452 943 rarescente
2499 876 2586 944 ob

69 963 327 1052 frigoris
364 964 797 1052 asperitatem
849 962 1181 1041 anhelitu,
1222 964 1315 1032 ita
1362 973 1437 1031 ut
1476 963 1885 1052 sanguinem
1925 984 2171 1050 spuere
2205 962 2580 1033 videretur:

72 1074 101 1115 ⁴<
147 1057 277 1143 Ego
324 1074 510 1132 sum,
578 1052 848 1137 inquit,
904 1050 1311 1121 Godefridus
1379 1053 1871 1121 Ambianorum
1944 1052 2321 1152 Episcopus
2354 1106 2368 1133 ,
2426 1065 2584 1122 tuus

73 1141 256 1208 etiam
306 1140 461 1227 jure
509 1140 1040 1227 qualiscumque
1109 1139 1506 1230 temporalis
1577 1140 1924 1210 dominus.
1989 1145 2118 1222 Ut,
2192 1140 2584 1228 impellente

76 1229 401 1310 charitate,
444 1230 749 1300 Christus
797 1234 1076 1298 Crucem
1118 1227 1540 1310 conscendit,
1582 1241 1655 1297 ut
1694 1228 2027 1298 Adamum
2083 1228 2579 1319 protoplastum

77 1316 397 1386 liberaret:
453 1319 542 1386 ita
592 1340 717 1408 ego
767 1318 903 1387 huc
943 1317 1210 1398 adveni,
1248 1330 1324 1387 ut
1364 1339 1591 1386 meum
1628 1317 1988 1399 Adamum,
2036 1339 2238 1404 quem
2277 1318 2577 1387 vinctum

80 1405 339 1487 detines,
382 1407 551 1475 mihi
601 1405 870 1475 reddaS.
927 1430 962 1473 ›>
1012 1408 1235 1495 Hujus
1284 1405 1660 1495 spectaculi
1708 1406 2002 1475 novitate
2062 1406 2230 1475 adeo
2282 1406 2582 1497 perculsi

79 1508 216 1564 sunt
260 1496 378 1583 qui
426 1495 568 1564 illic
602 1495 907 1576 aderant,
960 1507 1038 1564 ut
1087 1507 1435 1580 tamquam
1487 1494 1780 1563 fulmine
1829 1495 1967 1575 icti,
2010 1495 2263 1584 pariter
2308 1515 2587 1564 corrue-

75 1596 226 1661 rent,
273 1606 392 1652 nec
439 1584 812 1671 quicquam
867 1584 1053 1671 loqui
1086 1595 1386 1674 possent.
1429 1589 1791 1669 Postquam
1835 1596 2060 1652 autem
2096 1585 2313 1653 laxata
2350 1583 2585 1652 dolore

75 1693 181 1739 vox
227 1672 481 1742 invenit
541 1673 689 1753 iter,
728 1674 1163 1773 gemitusque
1201 1674 1269 1740 in
1321 1672 1527 1741 verba
1577 1672 1779 1742 soluti
1831 1686 2014 1754 sunt,
2056 1671 2585 1762 lacrymabundi

76 1760 479 1829 exclamant:
536 1784 571 1827 «
633 1761 806 1844 Quid
861 1762 997 1843 ita,
1051 1761 1485 1830 sanctissime
1537 1761 1858 1849 praesul,
1918 1762 2000 1830 ad
2055 1762 2264 1850 hujus
2317 1760 2585 1850 tyranni

80 1849 261 1936 pedes
302 1863 362 1919 te
399 1850 811 1939 prosternis?
858 1850 1125 1919 Adeone
1179 1849 1363 1939 apud
1418 1862 1477 1919 te
1526 1850 1594 1916 in
1648 1848 1824 1917 feras
1871 1849 2137 1919 belluas
2190 1850 2431 1919 mutati
2474 1872 2587 1919 su-

81 1959 233 2018 mus,
257 1950 330 2006 ut
356 1951 705 2025 tamquam
789 1940 1146 2029 eregrinus
1171 1939 1254 2007 ad
1287 1960 1409 2007 nos
1435 1936 1759 2007 accedere
1784 1938 2123 2007 volueris?
2148 1961 2182 2003 »
2212 1944 2389 2007 Haec
2421 1937 2587 2006 alia-

81 2046 192 2109 que
219 2026 543 2108 dicente5‚
580 2048 615 2096 e
665 2048 736 2096 so
768 2050 808 2095 o
855 2050 1011 2095 eum
1055 2027 1435 2096 sublevant.
1477 2029 1553 2094 At
1587 2025 1913 2095 scelestus
1951 2026 2062 2094 ille
2096 2027 2585 2097 vicedominus

85 2113 227 2182 nihil
279 2128 528 2195 motus,
567 2114 682 2184 sed
737 2126 811 2184 ut
858 2138 1100 2206 aspera
1147 2138 1452 2204 serpenS‚
1484 2114 1669 2204 jacto
1719 2115 2036 2184 cominus
2079 2136 2238 2183 saxo
2271 2115 2580 2205 erigitur,

91 2213 360 2290 totosque
410 2206 660 2294 agitata
711 2225 832 2293 per
877 2219 1090 2284 artuS‚
1132 2216 1457 2274 convocat
1509 2205 1577 2271 in
1630 2202 1860 2273 fauces
1911 2225 1989 2271 ac
2038 2225 2361 2289 squamea
2411 2202 2588 2271 colla

90 2310 440 2362 venenum:
496 2293 594 2361 sic
643 2291 759 2360 ille
807 2292 1194 2362 bumilitate
1250 2306 1312 2362 et
1384 2313 1698 2360 sermone
1756 2292 1928 2360 beati
1986 2292 2110 2360 viri
2174 2313 2299 2361 ceu
2353 2290 2588 2380 jaculo

86 2382 389 2461 confixus,
430 2380 821 2451 terribiliter
865 2382 1221 2451 exclamat:
1277 2405 1313 2449 «
1367 2386 1513 2464 Qua
1562 2381 1780 2450 fronte
1819 2403 2032 2452 ausus
2079 2402 2175 2462 es,
2222 2379 2580 2461 monache,

83 2467 137 2535 in
184 2492 404 2540 meum
457 2472 685 2539 venire
733 2475 1225 2561 conspectum?
1273 2470 1541 2539 Adeone
1579 2471 2046 2539 effeminatum
2100 2492 2209 2538 me
2246 2482 2470 2559 putaS,
2513 2481 2587 2540 ut

82 2560 250 2642 quasi
303 2581 550 2648 pavore
597 2559 877 2640 fractus,
920 2561 1106 2630 hunc
1147 2582 1186 2628 a
1218 2582 1324 2628 me
1373 2559 1707 2628 Adamum
1745 2559 2132 2629 dimittam?
2180 2564 2315 2648 Ego
2358 2558 2582 2638 illum,

80 2667 254 2730 quem
304 2649 579 2718 fortuna
629 2648 838 2729 dedit,
880 2650 1184 2718 vinctum
1238 2661 1453 2728 teneo,
1493 2648 1936 2735 vinctumque
1978 2648 2254 2717 tenebo:
2297 2647 2587 2737 perferet

84 2750 410 2806 aeternum
486 2739 806 2815 meritas,
871 2736 1261 2806 miserabile
1296 2792 1310 2818 ,
1375 2758 1651 2825 poenas.
1700 2738 1970 2805 Utinam
2025 2759 2178 2806 vero
2253 2745 2313 2804 te
2369 2737 2467 2804 sic
2516 2735 2585 2803 in

81 2827 377 2894 omnibus
425 2826 744 2895 exaudiat
779 2831 978 2907 Deus,
1021 2826 1120 2895 uti
1169 2847 1294 2914 ego
1343 2825 1528 2894 hunc
1579 2846 1613 2892 a
1655 2844 1759 2892 me
1808 2826 1996 2894 abire
2028 2826 2274 2893 sinam.
2310 2830 2589 2893 Facesse

83 2911 266 3007 igitur
312 2915 476 2983 hinc
525 2937 764 3003 ocyuS,
807 2937 889 2983 ne
936 2937 1095 2984 cum
1142 2914 1526 3003 ignominia
1576 2913 1950 3001 repellaris.
1997 2938 2030 2979 »
2067 2915 2187 2983 His
2222 2915 2587 2984 verborum

86 3000 330 3084 injuriis
378 3004 664 3073 affectus
713 3004 1115 3093 Episcopus,
1162 3003 1447 3071 comiter
1501 3015 1564 3070 et
1614 3001 1841 3070 sedate
1886 3002 2152 3090 perfert,
2184 3003 2462 3088 abitque
2519 3002 2587 3069 in

89 3089 290 3159 aedem
347 3096 410 3160 S.
448 3093 744 3170 Martini,
783 3106 846 3160 et
901 3114 1130 3161 coram
1184 3091 1381 3160 altari
1433 3091 1501 3159 in
1555 3103 1833 3159 mattam
1900 3091 2088 3158 flexis
2145 3091 2437 3179 genibus
2490 3091 2592 3158 in-

86 3180 414 3262 cumbens,
451 3193 656 3250 totam
694 3180 884 3249 illam
921 3194 1183 3249 noctem
1226 3181 1290 3248 in
1333 3180 1653 3270 precibus
1688 3180 2073 3247 insomnem
2108 3179 2319 3246 ducit.
2644 3249 2651 3256 ‚

155 3267 186 3352 ξ
231 3274 383 3339 «Ιῗ.
438 3275 634 3338 Mane
694 3270 891 3358 jubet
943 3269 1275 3358 populum
1326 3289 1707 3356 campanae
1777 3268 1974 3355 signo
2026 3268 2406 3336 convocari.
2474 3272 2592 3334 Ac-

82 3356 272 3425 currit
321 3380 471 3426 mox
512 3357 875 3427 hominum
929 3357 1195 3426 infinita
1251 3356 1643 3437 multitudo,
1686 3377 1820 3423 non
1867 3355 2089 3423 solum
2151 3376 2226 3423 ex
2268 3378 2344 3424 ea
2393 3355 2587 3434 urbe,

83 3462 294 3512 verum
343 3447 548 3515 etiam
599 3468 677 3514 ex
729 3447 1042 3515 finitimis
1077 3446 1261 3535 agris
1318 3458 1383 3515 et
1436 3446 1635 3513 vicis:
1692 3444 2061 3533 sperabant
2107 3444 2290 3512 enim
2354 3464 2592 3599 pacem

83 3533 396 3603 Ecclesiae
437 3535 799 3604 redditam.
836 3535 925 3603 Ad
980 3557 1094 3604 eos
1132 3535 1232 3603 vir
1269 3534 1380 3603 Dei
1417 3533 1888 3615 concionatur,
1924 3555 2001 3601 ex
2050 3531 2303 3600 divinis
2383 3533 2594 3600 itteris

83 3617 258 3689 docet
289 3644 423 3704 eos,
478 3624 735 3692 damna
783 3637 846 3692 et
896 3623 1237 3711 jacturam
1292 3622 1669 3692 labentium
1733 3645 1989 3702 rerum,
2028 3620 2293 3711 placide
2341 3635 2403 3689 et
2454 3641 2595 3688 mo-

83 3705 290 3778 derate
341 3712 742 3780 serendam:
808 3717 1017 3780 Deum
1092 3712 1406 3780 homines
1485 3712 1633 3799 pios
1686 3710 1921 3779 multis
1969 3732 2279 3779 exercere
2340 3708 2591 3789 modiS,

82 3799 398 3889 corripere
438 3822 712 3869 omnem
767 3801 987 3869 filium
1027 3822 1228 3887 quem
1283 3800 1551 3889 recipit.
1593 3799 1683 3868 Ad
1736 3810 2112 3868 extremum
2158 3798 2346 3882 dicit,
2402 3819 2471 3865 se
2520 3818 2596 3865 ea

83 3905 270 3956 causa
313 3888 470 3957 illuc
504 3890 770 3957 venisse
825 3889 1033 3958 nudis
1083 3888 1399 3978 pedibuS,
1447 3887 1769 3958 indutum
1821 3888 2047 3956 cilicio
2095 3899 2160 3955 et
2204 3909 2418 4043 prope
2469 3908 2598 3953 nu-

84 3971 255 4055 dum,
308 3978 638 4066 abjecisse
686 4000 757 4047 se
796 3979 876 4046 ad
935 3978 1140 4068 pedes
1198 3977 1648 4058 Vicedomini,
1703 3987 1778 4045 ut
1827 3998 1954 4045 sua
2001 3976 2192 4043 humi
2235 3976 2388 4043 itate
2436 3996 2596 4042 eum

89 4080 482 4146 permoveret
528 4077 593 4135 et
641 4067 934 4135 flecteret
982 4066 1065 4135 ad
1120 4065 1608 4136 dimittendum
1652 4065 1987 4133 Adamum
2047 4064 2421 4153 captivum.
2470 4061 2597 4131 Sed

88 4168 146 4214 se
181 4164 394 4221 tamen
439 4155 841 4243 impetrasse
892 4155 1089 4223 nihil:
1147 4156 1358 4224 immo
1411 4176 1568 4223 vero
1615 4153 1886 4253 egregie
1935 4153 2215 4222 irrisum
2262 4174 2432 4221 esse.
2474 4152 2599 4220 Hic

89 4258 225 4306 cum
261 4243 710 4311 exclamarent
748 4243 1055 4330 quidam,
1097 4256 1170 4312 ut
1221 4243 1455 4313 mitius
1489 4243 1746 4312 diceret
1793 4264 1860 4309 in
1904 4242 2451 4323 vicedominum,
2485 4240 2600 4309 ille

91 4345 316 4415 magna
362 4332 577 4399 animi
633 4332 879 4401 fiducia
928 4344 1257 4421 concepta
1290 4386 1304 4411 ‚
1371 4332 1440 4399 in
1511 4330 2034 4400 vicedominum
2095 4343 2447 4399 et·omnes
2499 4329 2601 4398 illi

94 4419 537 4499 assentientes,
595 4421 812 4508 palam
865 4420 1597 4490 excommunicationis
1637 4418 1896 4489 fulmen
1953 4418 2260 4488 vibravit.
2295 4419 2601 4489 'Advertit
