2993 4837
443 346 606 415 964⁸
1135 366 1663 415 mnrrnoLoomu
1719 365 2150 413 ttmsmutm
2649 347 2773 414 oct.
2809 350 2873 413 30

353 450 479 511 lum
512 466 582 510 ex
633 446 1107 510 centurionibus
1142 457 1522 527 praesentem
1550 448 1622 510 ad
1681 464 1820 509 rum
1880 448 2166 508 tredecim
2223 447 2608 528 Martyrum,
2658 450 2724 526 qai
2756 465 2864 510 cam
2941 494 2942 525 ι

360 538 519 589 tuam
572 533 928 604 potestatem
974 530 1351 590 transmittit.
1384 528 1624 590 Praesto
1679 528 1900 588 sanctis
1949 525 2230 599 lunam,
2281 528 2467 590 Euxo
2519 537 2589 588 et
2636 528 2862 588 mmo
2941 538 2942 593 1

351 618 443 669 est
491 612 735 685 epistola
773 608 954 685 super
985 623 1207 670 nomen
1237 610 1388 686 ejus,
1419 623 1623 685 quam,
1681 609 1831 685 passi
1859 614 2004 668 sunt
2031 606 2145 668 sub
2173 607 2358 670 Decio
2389 606 2730 687 Imperatee,

351 691 402 749 si
455 687 786 765 praecipiS,
838 690 1050 750 recito,
1083 712 1107 743 υ
1149 688 1508 764 Agricolaus
1536 688 1623 748 di-

349 769 471 828 xit:
528 789 553 822 α
586 767 919 829 Recitetur.
953 792 977 823 υ
1020 768 1108 828 Ex
1139 768 1341 829 officio
1391 768 1623 829 dictum
1759 765 2124 830 Murrum..
2151 801 2228 811 —
2271 766 2515 829 Ibidem
2565 767 2838 829 saudan:-

348 852 473 908 est:
520 869 545 901 «ι
572 846 743 908 Miles
769 847 895 919 hic,
926 848 1148 924 rejecto
1175 846 1425 925 cingulo
1464 846 1624 908 mili·
1680 862 1942 907 ‘morum
1971 847 2124 907 Mart
2169 849 2275 921 risi,
2307 864 2471 926 quae
2503 847 2836 926 Martyresvsi·

353 928 509 999 tari,
566 925 982 989 Christianum
1039 943 1103 988 se
1157 942 1286 987 esse
1346 934 1622 999 testatus,
1682 933 1839 999 tanS,
1895 942 2037 988 cum
2089 927 2208 987 ilis
2255 928 2622 990 saevissime
2668 929 2840 991 cru-ria.

350 1021 553 1069 coram
581 1008 750 1067 omni
782 1005 999 1086 populo
1030 1007 1093 1067 in
1121 1005 1265 1067 deos
1292 1014 1351 1067 et
1379 1006 1444 1067 in
1473 1004 1622 1068 Cae·
1681 1005 1947 1067 reddidit
1973 1006 2283 1083 spiritum.

349 1101 547 1148 sarem
600 1085 789 1147 multa
838 1086 1181 1162 blasphema
1221 1085 1457 1148 locutus
1484 1092 1616 1147 est:
1760 1085 2069 1148 Videntur
2095 1101 2305 1147 omnes
2335 1086 2399 1147 hi
2447 1086 2732 1166 Martyres
2752 1086 2848 1144 vita.

353 1166 488 1228 ideo
516 1180 659 1227 eum
687 1167 759 1228 ad
790 1172 846 1227 te
871 1166 1230 1237 direximus,
1254 1173 1343 1238 ut,
1363 1165 1524 1243 quod
1546 1182 1618 1228 ex
1680 1179 1791 1242 pro
1842 1164 2067 1226 Christi
2119 1165 2236 1226 fide
2270 1165 2605 1242 projecisse
2632 1182 2769 1227 anno
2787 1164 2858 1223 ξι.

351 1247 564 1308 eodem
615 1244 855 1308 claritas
906 1251 1003 1307 tua
1050 1244 1362 1316 sanxerit,
1410 1244 1623 1320 jubeas
1683 1243 2109 1306 AitBaronius
2138 1242 2397 1307 Graecos
2432 1245 2516 1307 de
2565 1247 2702 1326 ipsis
2727 1247 2774 1305 in
2797 1243 2864 1303 tl:-

349 1325 686 1387 observari.
724 1345 754 1385 ›
783 1324 1114 1387 Recensitis
1147 1325 1347 1400 itaque
1377 1323 1619 1394 litteris,
1680 1324 1925 1401 nologio
1951 1328 2171 1401 egisse.

349 1407 703 1483 Agricolaus
753 1404 952 1465 dixit:
1011 1405 1278 1466 Locutus
1344 1420 1404 1464 es
1475 1403 1623 1464 haec

350 1485 513 1561 apud
564 1487 724 1546 Acta
776 1483 1185 1545 Praesidialia
1219 1488 1250 1543 8
1307 1483 1622 1546 Marcellus
1860 1481 1921 1547 S.
1953 1480 2444 1544 SATURNINUS
2479 1484 2754 1546 Murra.

349 1566 530 1628 dixit:
565 1566 831 1627 Locutus
857 1581 1017 1625 sum.
1052 1563 1406 1640 Agricolaus
1429 1565 1615 1624 dixit:
1933 1592 2166 1652 pawn-3
2207 1596 2293 1651 est
2335 1606 2509 1653 amm
2555 1590 2673 1653 303

356 1644 484 1719 Quo
510 1642 730 1720 furore
757 1659 1048 1705 accensus
1077 1660 1164 1712 es,
1191 1648 1258 1704 ut
1296 1643 1621 1722 projiceres
1689 1677 1697 1683 -
2681 1638 2694 1651 ’

350 1730 766 1793 sacramenta,
797 1728 854 1786 et
884 1724 1036 1786 talia
1066 1721 1441 1801 loquereris?
1468 1722 1620 1785 Mar·
1755 1722 2119 1784 MAn'rrnoL.
2160 1755 2239 1767 —
2282 1720 2516 1784 Caralis
2566 1724 2630 1785 in
2679 1722 2884 1786 Sardinia

350 1804 534 1866 celius
577 1804 924 1881 respondit:
959 1804 1167 1865 Furor
1188 1801 1400 1864 nullus
1440 1808 1525 1865 est
1557 1803 1620 1863 in
1675 1803 1864 1862 sancti
1895 1801 2232 1864 Snunmm
2255 1801 2562 1878 Martyris,
2583 1805 2686 1880 qui
2716 1805 2768 1863 in
2793 1802 2880 1863 Pes·

349 1886 431 1946 eis
482 1884 588 1964 qui
632 1885 845 1945 timent
880 1883 1229 1946 Dominum.
1263 1880 1623 1960 Agricolaus
1677 1881 2481 1944 secutioneDiocletianisub
2499 1882 2878 1960 Barbaroprae-

351 1965 544 2026 dixit:
599 1963 855 2044 Sinqula
900 1960 1045 2023 haec
1098 1961 1337 2024 locutus
1379 1980 1439 2023 es
1469 1978 1624 2041 quae
1678 1961 1805 2023 side
1836 1961 2031 2040 capite
2068 1968 2388 2024 truncatus
2413 1970 2530 2023 est.

350 2045 417 2105 in
446 2043 616 2106 Actis
666 2039 1144 2104 Praesidialibus
1173 2043 1623 2103 continentur?
1758 2039 1951 2118 Hujus
1997 2041 2302 2120 MartyriS,
2354 2044 2456 2121 qui
2512 2038 2880 2115 Galaristulga
2941 2070 2942 2073 =

354 2123 668 2185 Marcellus
716 2123 905 2184 dixit:
939 2122 1209 2183 Locutus
1236 2139 1396 2182 sum.
1440 2121 1619 2198 Agri·
1685 2120 1979 2200 Caqliart)
2003 2122 2281 2199 martyrii
2347 2122 2562 2183 almam
2587 2120 2883 2198 promeruit.
2941 2146 2942 2151 ι

352 2203 557 2265 colaus
603 2202 791 2264 dixit:
845 2201 1173 2280 Projecisti
1207 2206 1431 2262 arma?
1461 2203 1616 2263 Mar·
1682 2201 1824 2261 Acta
1856 2201 2265 2278 manuscripta
2363 2203 2604 2263 aronius
2630 2216 2690 2260 se
2716 2199 2882 2258 vidis:

352 2282 543 2344 celius
592 2283 930 2358 respondit:
985 2281 1250 2359 Projeci:
1289 2297 1408 2341 non
1463 2281 1622 2343 enim
1681 2287 1957 2342 testatur.
2017 2279 2158 2355 Ejus
2212 2288 2422 2343 autem
2481 2281 2797 2358 passionem.
2836 2280 2882 2334 in

350 2371 577 2442 oportet
630 2361 1052 2425 Christianum
1108 2361 1401 2423 hominem
1447 2361 1621 2423 mole·
1681 2359 1876 2421 tribus
1906 2358 2303 2422 Lectionibus
2323 2361 2675 2434 distinctam,
2697 2357 2811 2418 vide
2829 2354 2878 2412 1‘11

350 2444 483 2504 stiis
502 2440 923 2506 saecularibus
943 2440 1228 2511 militare,
1255 2441 1360 2520 qui
1384 2441 1623 2503 Christo
1678 2440 1978 2502 Breviarii
2030 2441 2290 2502 Romani
2338 2439 2747 2506 additamentis,
2779 2433 2872 2494 sub

352 2523 593 2586 militat.
651 2521 1007 2596 Agricolaus
1055 2522 1244 2583 dixit:
1303 2521 1510 2598 Itaque
1563 2538 1624 2581 se
1677 2522 1776 2582 die
1803 2535 1959 2582 xxix
1990 2518 2195 2595 hujus

352 2601 573 2665 liabent
619 2602 799 2679 sacta
839 2600 1141 2670 Marcelli,
1174 2607 1247 2662 ut
1274 2598 1419 2661 llaec
1445 2600 1618 2661 disci·

340 2681 520 2761 plina
580 2679 827 2743 debeant
888 2678 1211 2742 vindicari.
1274 2678 1472 2757 Atque
1541 2682 1616 2742 ita
1928 2677 1991 2741 S.
2025 2676 2378 2739 MAXIMUS
2406 2679 2676 2741 Mamm.

350 2761 783 2837 Agricolausin
805 2759 1154 2823 Marcellum
1177 2758 1616 2824 Centurionem
1992 2785 2172 2848 Circa
2213 2801 2452 2846 “mmm
2496 2785 2629 2848 303·

348 2842 593 2903 dictavit
647 2842 799 2902 lianc
842 2842 1246 2902 sententiam:
1292 2862 1317 2892 α
1356 2838 1420 2899 ln
1461 2839 1618 2900 Mar-

346 2922 595 2996 cellum,
619 2922 720 3012 qui
757 2919 1044 2981 Centurio
1070 2921 1419 2982 ordinarius
1455 2919 1619 2979 mili·
1754 2918 2114 2981 Marmor..
2147 2954 2223 2964 -—
2254 2920 2554 2999 Apameae
2584 2923 2641 2981 in
2675 2912 2870 2989 Plirsgia
2941 2961 2942 3002 ι

347 2999 918 3078 tabat;qut‚abjecto
946 2999 1186 3078 publice
1216 3006 1617 3070 sacramentO,
1675 3001 1869 3060 sancti
1928 2999 2166 3060 Maxim
2223 2999 2507 3079 Martyris
2561 3000 2662 3061 sub
2715 2993 2872 3053 eodem
2941 3011 2942 3058 l

347 3080 631 3158 polluisse
688 3097 750 3140 se
797 3080 984 3152 dixit,
1036 3086 1097 3141 et
1149 3081 1408 3156 insuper
1461 3078 1617 3155 apud
1675 3078 2070 3141 Diocletiano,
2809 3152 2818 3160 ,
2941 3067 2942 3092 ’

345 3162 493 3221 Acta
546 3157 929 3222 Praesidialia
983 3159 1094 3221 alia
1154 3157 1335 3220 verba
1406 3157 1619 3219 surore
1754 3159 1969 3234 Agunt
2010 3158 2086 3220 de
2113 3174 2186 3220 eo
2217 3157 2430 3220 Graeci
2465 3161 2532 3221 iu
2575 3153 2868 3230 Menologto.

344 3240 521 3317 plena
575 3240 896 3317 deposuit,
962 3239 1160 3316 gladio
1212 3236 1615 3299 animadverti
1674 3238 1759 3298 ait
1789 3238 2108 3300 Baronius.
2941 3273 2942 3304 l

343 3320 611 3398 placet.»
654 3318 806 3380 Cum
834 3320 907 3380 ad
953 3318 1317 3397 supplicium
1361 3317 1613 3379 ducere·
2941 3309 2942 3344 ¹

348 3406 472 3471 tur,
521 3400 677 3460 dixit
731 3397 1114 3477 Agricolaus:
1169 3397 1290 3460 Nec
1319 3392 1430 3457 tibi
1456 3399 1619 3460 Deus
1885 3396 1988 3459 SS.
2035 3395 2363 3472 CLAUDII,
2412 3392 2715 3458 LUPEssct

346 3476 704 3558 benefaciat.
739 3476 837 3539 Sic
882 3481 1051 3539 enim
1100 3476 1351 3540 decebat
1382 3484 1614 3555 marty·
2004 3521 2077 3565 m.
2104 3502 2434 3568 VICTOR„
2466 3504 2581 3564 ΜΜ

344 3573 475 3620 rem
507 3575 583 3621 ex
618 3560 727 3620 lioc
762 3559 996 3620 mundo
1026 3557 1355 3619 discedere.
1395 3554 1618 3617 Caesus
2585 3552 2599 3565 “
2833 3629 2838 3634 .

346 3640 537 3716 capite
583 3637 870 3700 occubuit
923 3652 1033 3715 pro
1073 3641 1325 3699 nomine
1375 3635 1616 3697 Domini
1751 3638 2115 3700 MARTrnot..
2146 3672 2226 3684 —
2255 3638 2520 3714 Legione
2559 3640 2619 3698 in
2648 3633 2862 3710 Hispania

344 3720 533 3780 nostri
566 3717 707 3779 Jesu
739 3716 989 3788 Christi,
1017 3718 1121 3796 qui
1147 3724 1239 3778 est
1261 3715 1619 3777 benedictus
1672 3724 2028 3779 sanctorum
2088 3717 2422 3792 Martyrum
2477 3717 2743 3784 Chauon,
2786 3706 2868 3792 ij
2941 3779 2942 3786 χ

348 3797 411 3858 in
445 3797 698 3866 saecula,
730 3797 949 3859 Amen.
982 3820 1007 3852 »ι
1674 3813 1847 3858 paam
1913 3806 1977 3858 et
2030 3796 2359 3872 Vtcronu,
2418 3797 2674 3858 filiorum
2726 3793 2862 3848 sancti

426 3877 609 3939 Multa
657 3877 733 3938 de
786 3876 1004 3938 illustri
1062 3877 1173 3937 hoe
1204 3876 1466 3953 Martyre
1501 3881 1618 3935 tra·
1674 3875 1934 3938 Marcelli
1981 3874 2412 3949 Centurionis,
2445 3878 2552 3953 qui
2584 3879 2640 3937 in
2665 3878 2865 3951 persecu·

345 3955 500 4018 dunt
525 3958 848 4034 scriptores
876 3956 1121 4035 Hispani
1150 3958 1297 4035 ‚qui
1328 3968 1473 4016 eum
1502 3954 1615 4016 sibi
1677 3959 1841 4018 tione
1898 3954 2252 4017 Diocletiani
2306 3968 2368 4018 et
2424 3951 2735 4017 Maximiani
2775 3939 2857 4001 sub

344 4033 1616 4115 utpopularemvindicant.FerturS.Mar·
1673 4035 2055 4113 Diogeniano
2113 4035 2391 4098 Praeside
2445 4037 2592 4113 jussi
2638 4034 2744 4093 sunt
2782 4021 2858 4082 de·

343 4116 564 4178 cellum
595 4123 823 4192 patrem
861 4116 1044 4177 fuisse
1094 4115 1412 4177 duodecim
1463 4113 1615 4174 filio·
1673 4114 1904 4176 collari.
2756 4183 2765 4192 ,

347 4197 628 4273 rum‚qui
653 4210 1044 4266 omneS,eum
1067 4196 1309 4268 imitati,
1331 4209 1616 4257 coronam
1751 4195 1838 4257 De
1865 4195 1955 4256 liis
1973 4192 2034 4257 S.
2059 4192 2321 4257 Marcelli
2347 4193 2507 4265 filiis,
2537 4192 2628 4270 qui
2655 4188 2851 4270 Leglfflle

347 4276 624 4351 martyrii
657 4277 962 4335 consecuti
994 4283 1157 4336 sunt.
1670 4274 1885 4351 (vulgo
1916 4275 2098 4343 Leon,
2144 4274 2288 4335 urbs
2331 4273 2659 4353 Hispaniae,
2693 4271 2849 4342 epi-²00·

1674 4352 1818 4429 palis
1844 4400 1861 4427 ,
1892 4353 2035 4414 olim
2069 4360 2131 4415 et
2163 4353 2448 4431 Legionis
2495 4362 2686 4428 regum
2709 4337 2843 4404 sedes)

426 4427 797 4491 Mam-mot..
830 4465 905 4477 -
938 4430 1340 4494 Alexandriae
1369 4438 1613 4494 sancto·
1676 4435 1820 4508 passi
1870 4439 2037 4506 sunt,
2086 4433 2261 4511 plura
2313 4432 2618 4511 leguntur,
2666 4426 2844 4486 testatur
