2993 4837
17 336 205 404 ΠΟΥ.
264 337 344 401 49
556 356 633 400 ns
681 351 737 401 S.
790 355 1154 413 susanam,
1208 354 1389 402 ansts
1436 355 1801 402 annexam:
1847 356 2016 402 1²th
2339 339 2466 404 603

17 452 84 510 ιιι
131 439 346 508 etiam
444 438 726 509 auderet
777 439 1058 531 dignam
1119 461 1192 509 se
1237 461 1388 510 esse
1451 440 1615 510 talia
1664 462 1786 529 pro
1835 446 1989 520 Deo,
2028 452 2095 509 et
2133 462 2365 510 amore
2396 463 2558 511 con-

17 528 341 600 tinentiae
437 528 960 617 rugalitatisque
1020 529 1385 598 sustinere.
1439 535 1598 598 Erat
1645 530 1874 617 itaque
1922 529 2160 619 impiis
2210 532 2551 601 ostentui:

17 619 143 707 piis
200 638 359 685 vero
409 616 748 706 plurimae
782 618 1223 697 venerationi,
1263 618 1635 699 intantum,
1674 631 1748 688 ut
1777 630 1842 687 et
1874 619 2178 689 Pontifex
2214 622 2558 691 maximus

17 705 386 796 Gregorius
440 710 571 787 IX,
611 706 849 776 audita
905 706 1089 776 fama
1144 707 1472 776 virtutum
1532 706 1706 796 ejus,
1745 721 2100 795 tamquam
2156 707 2370 777 filiam
2423 708 2553 778 sub

17 794 441 884 apostolicae
501 794 695 865 Sedis
746 796 1228 885 protectionem
1291 797 1778 885 assumpserit,
1825 811 2253 887 assumptam
2309 797 2560 867 Christi

17 883 358 953 sacerdoti
428 882 736 953 Conrado
802 884 1277 975 Marpurgensi
1346 884 1979 965 commendaverit,
2039 885 2558 956 commendatae

17 972 349 1044 solatium
416 972 671 1061 pariter
715 985 779 1041 et
826 973 1368 1042 adhortationem
1428 973 1844 1054 adhibuerit,
1882 974 2328 1060 docueritque
2377 995 2554 1057 eam,

17 1061 394 1151 propositis
443 1072 835 1130 sanctorum
887 1061 1242 1151 exemplis,
1298 1062 1736 1150 patientiam,
1790 1062 2194 1143 castitatem,
2252 1084 2563 1151 perseve-

17 1150 322 1219 rantiam
377 1170 686 1230 servare,
747 1171 825 1218 ac
884 1150 1116 1218 animo
1165 1152 1442 1239 saepius
1496 1152 1780 1242 agitare,
1845 1173 1980 1220 non
2031 1172 2180 1220 esse
2233 1150 2419 1220 aliud
2473 1152 2561 1220 ad

19 1236 525 1308 beatitudinem
576 1239 1130 1325 consequendam
1184 1240 1331 1320 iter,
1364 1261 1575 1326 quam
1618 1239 1800 1327 quod
1851 1240 2158 1309 Christus
2207 1241 2563 1326 sanctique

20 1348 263 1396 omnes
316 1326 657 1395 indefesso
703 1326 958 1408 labore,
995 1326 1445 1415 vigilantique
1479 1328 1709 1397 studio
1745 1329 2274 1418 praetriverunt;
2312 1350 2385 1398 se
2427 1350 2562 1397 non

24 1415 460 1485 deserturum
496 1436 674 1498 eam,
709 1416 930 1501 quoad
967 1416 1237 1496 viveret,
1280 1416 1395 1485 sed
1438 1430 1517 1486 ut
1555 1417 1766 1486 filiam
1804 1439 1964 1486 cum
2005 1417 2332 1487 omnibus
2387 1438 2564 1504 quae

25 1503 427 1592 possideret,
482 1525 647 1573 suae
693 1503 1075 1573 defensioni
1123 1504 1543 1579 vindicatam
1593 1506 2032 1588 habiturum;
2089 1506 2564 1576 tantummodo

27 1604 339 1682 pergeret
385 1594 482 1661 ire
516 1614 653 1680 quo
693 1594 1050 1682 coepisset.

102 1683 140 1769 ξ
189 1684 349 1752 19.
401 1682 524 1751 His
591 1681 934 1751 Elisabeth
997 1683 1273 1770 scriptis
1323 1682 1576 1751 mirum
1650 1683 1719 1749 in
1788 1682 2068 1752 modum
2128 1683 2556 1767 confirmata,

30 1783 230 1856 atque
279 1770 362 1839 ad
416 1769 801 1839 uberiorem
852 1771 1180 1840 virtutum
1237 1769 1504 1860 frugem
1561 1771 1865 1849 incensa,
1916 1772 2324 1861 magistrum
2385 1772 2554 1852 adit,
2655 1778 2678 1803 ³

28 1860 330 1947 petitque
366 1859 741 1948 legitimam
785 1860 962 1927 sacri
1046 1858 1339 1928 rofectus
1378 1859 1554 1927 viam
1606 1859 1900 1929 edoceri.
1943 1860 2065 1929 Ille
2117 1860 2289 1928 nihil
2342 1882 2565 1929 mora-

30 1964 152 2026 tus,
187 1960 664 2036 contemptum
717 1949 780 2016 ei
829 1970 991 2018 secu
1023 1950 1067 2031 i,
1105 1948 1621 2038 castigationem
1663 1949 1917 2029 carnis,
1953 1960 2018 2017 et
2067 1949 2561 2038 parsimoniam

32 2058 253 2105 rerum
304 2035 753 2117 caducarum,
795 2038 1076 2117 ratione,
1124 2036 1509 2125 scripturis,
1566 2050 1631 2105 et
1669 2037 1878 2126 gestis
1918 2052 2315 2106 sanctorum
2360 2038 2563 2107 rebus

32 2125 119 2193 ita
164 2126 532 2215 persuasit,
569 2138 645 2193 ut
691 2125 1046 2194 confestim
1098 2125 1181 2194 ad
1223 2125 1540 2201 divinum
1591 2125 1704 2194 illa
1742 2125 2134 2195 subsidium
2175 2147 2556 2207 recurrenS,

36 2214 213 2298 quod
259 2214 669 2283 nonnullam
721 2214 789 2281 in
843 2237 913 2284 se
952 2214 1424 2284 difficultatem
1476 2214 1834 2283 obeundae
1866 2213 2096 2302 ejusce
2131 2213 2564 2315 perfectionis

41 2303 469 2390 experiretur,
527 2302 828 2391 supplici
886 2317 1163 2392 precatu
1224 2303 1705 2392 impetraverit,
1751 2315 1825 2372 ut
1872 2302 2202 2390 quicquid
2259 2302 2564 2371 mundus

46 2404 235 2472 amat,
294 2390 758 2482 amplectitur,
815 2391 1312 2483 magnipendit,
1365 2413 1443 2461 ea
1492 2390 1819 2482 deinceps
1855 2394 2100 2461 'omnia
2147 2391 2350 2480 quasi
2397 2404 2565 2461 ster·

38 2500 175 2548 cora
223 2493 678 2561 execraretur,
735 2481 1038 2569 rejiceret
1070 2503 1150 2550 ac
1197 2481 1481 2550 omnino
1532 2481 1732 2550 nihili
1788 2495 2091 2571 putaret;
2148 2500 2308 2550 voce
2355 2482 2562 2549 etiarn

35 2569 203 2656 apud
239 2569 534 2639 ancillas
568 2581 829 2650 testata,
870 2591 1223 2656 nunquam
1290 2569 1422 2639 sibi
1471 2571 1761 2640 antehac
1803 2583 2067 2639 tantum
2110 2569 2300 2639 cordi
2351 2569 2566 2638 fuisse

36 2656 301 2728 divitias
350 2657 739 2748 possidere,
791 2670 1129 2744 quantum
1183 2657 1385 2727 modo
1445 2658 1686 2729 liberet
1745 2659 2019 2728 easdem
2091 2659 2282 2726 omni
2354 2679 2567 2728 coeno

36 2747 300 2816 viliores
323 2746 665 2836 judicare;
710 2746 1097 2833 liberosque
1145 2768 1308 2816 suos
1349 2746 1495 2834 jam
1552 2748 1698 2836 pari
1740 2769 1811 2816 se
1844 2768 2000 2815 cum
2053 2748 2338 2818 caeteris
2391 2769 2568 2815 mor-

38 2834 279 2905 talibus
328 2835 686 2904 affectione
733 2834 853 2903 dili
905 2857 1039 2914 ere,
1080 2846 1155 2904 ut
1192 2856 1365 2922 quos
1406 2841 1534 2903 Deo
1571 2836 1771 2924 plane
1804 2836 2289 2905 commisisset.
2332 2836 2567 2905 Obtre-

35 2925 354 2994 ctationes
403 2922 701 3010 denique
741 2946 851 2993 ma
882 2923 1256 3004 evolorum,
1300 2934 1366 2992 et
1405 2924 1862 3011 superborum
1901 2925 2233 3005 convicia,
2274 2925 2570 2993 subsan-

37 3015 363 3092 nationes,
403 3012 798 3101 despectum
852 3013 941 3082 ita
996 3033 1116 3102 pro
1166 3017 1297 3080 Deo
1358 3012 1649 3081 libenter
1695 3012 2045 3100 amplecti,
2099 3025 2177 3082 ut
2232 3013 2318 3081 iis
2362 3014 2567 3081 etiam

33 3101 349 3171 oblectari
400 3100 816 3190 gloriarique
863 3115 929 3170 et
961 3101 1139 3182 velit,
1180 3113 1245 3171 et
1293 3101 1486 3170 sciat.
1526 3101 1707 3172 Totis
1738 3101 1949 3189 igitur
1996 3101 2253 3171 animis
2287 3101 2370 3170 ad
2415 3123 2570 3191 pro-

34 3186 274 3260 fectum
351 3190 685 3258 animata*
728 3190 1102 3270 virtutum,
1168 3202 1606 3279 posteaquam
1687 3191 1871 3258 varia
1948 3189 2119 3259 bene
2191 3190 2567 3258 viventium

33 3278 459 3368 expendisset
489 3278 822 3357 instituta,
865 3291 1205 3367 postremo
1240 3291 1315 3347 ut
1347 3300 1545 3347 verae
1577 3277 2014 3368 perfectionis
2045 3277 2268 3359 avida,
2296 3276 2569 3346 cunctis

38 3368 371 3454 praeferre
411 3367 707 3435 decrevit
747 3377 1240 3455 paupertatem,
1297 3368 1408 3436 cui
1459 3367 1805 3457 appendix
1860 3365 2176 3455 publicae
2237 3364 2574 3434 mendici-

36 3458 175 3527 tatis
228 3457 647 3526 cohaereret.
701 3460 920 3538 Quam
975 3456 1488 3543 persuasionem
1549 3478 1712 3525 cum
1769 3456 2096 3546 magistro
2149 3452 2568 3543 impetrandi

36 3564 407 3617 consensus
463 3545 681 3633 gratia
738 3539 1227 3634 proposuisset,
1272 3544 1495 3614 renuit
1531 3544 1668 3624 ille,
1709 3556 1785 3612 ut
1831 3545 1937 3612 vir
1988 3542 2317 3632 prudens,
2375 3542 2576 3612 devo-

39 3633 212 3715 tioni,
241 3654 423 3720 quae
450 3633 744 3714 nobilem
773 3656 853 3702 ac
891 3646 1189 3702 teneram
1230 3633 1589 3702 mulierem
1630 3633 1863 3701 minus
1890 3631 2182 3710 deceret,
2217 3630 2564 3701 assentiri.

40 3723 575 3791 Perseverantem
610 3721 859 3791 deinde
894 3723 960 3790 in
1008 3722 1377 3811 proposito,
1418 3721 1879 3810 precibusque
1916 3720 2253 3807 lacrymas
2278 3718 2577 3808 jungen-

44 3819 189 3892 tem,
231 3810 764 3899 indignabunda
805 3812 1155 3880 severitate
1195 3810 1647 3900 compescuit.
1700 3814 1777 3878 Αι
1825 3809 1943 3878 illa
1993 3808 2232 3877 videns
2278 3829 2422 3877 rem
2458 3807 2578 3875 de-

43 3900 400 3977 stinatam,
450 3920 587 3985 qua
647 3899 857 3968 voluit
908 3901 1060 3980 via,
1118 3900 1403 3968 minime
1474 3898 1894 3967 successisse
1926 3951 1942 3977 ,
1996 3897 2203 3966 aliam
2267 3909 2368 3967 est
2440 3916 2577 3964 non

49 3988 267 4058 minus
315 3986 665 4054 difficilem
717 4009 1064 4075 aggressa.
1102 3987 1479 4056 Advenerat
1528 3986 1674 4055 dies
1709 3987 2216 4055 sacratissimae
2261 3990 2590 4063 Parasce-‚

45 4094 162 4158 ves,
215 4097 379 4145 cum
435 4097 557 4164 pro
611 4075 995 4144 Christiano
1046 4075 1184 4145 ritu
1232 4076 1450 4144 sacris
1500 4074 1727 4143 nudae
1785 4075 2210 4164 tegminibus
2259 4075 2582 4142 visuntur

47 4181 208 4257 arae.
258 4163 603 4232 Elisabeth
655 4177 1015 4254 assumpta
1061 4165 1419 4232 occasione
1458 4175 1525 4231 et
1551 4164 1886 4252 ‘temporis
1915 4176 1979 4232 et
2020 4162 2152 4232 loci
2182 4162 2360 4251 (erat
2393 4163 2579 4231 enim

51 4269 105 4317 ιιι
149 4251 482 4323 coenobio
533 4257 841 4342 Fratrum
919 4253 1313 4340 minorum)
1378 4251 1711 4320 sacellum
1790 4250 2138 4338 quoddam
2220 4272 2357 4320 una
2419 4272 2579 4319 cum

57 4341 366 4431 magistro
414 4362 494 4409 ac
546 4341 904 4411 nonnullis
952 4364 1031 4411 ex
1070 4341 1418 4410 Fratribus
1467 4340 1804 4430 ingressa,
1854 4341 2094 4429 positis
2134 4361 2343 4429 super
2372 4340 2584 4408 altare

58 4429 385 4510 manibuS,
413 4429 705 4498 solemni
734 4452 811 4499 ac
842 4430 1285 4520 magnanima
1320 4428 1744 4521 professione
1769 4429 2129 4499 renunciat
2153 4430 2578 4519 parentibuS,
