2993 4837
52 323 193 390 NOV.
241 324 278 387 4
831 341 908 387 nn
954 340 1010 388 s.
1064 338 1307 388 canoto
1355 339 1690 388 nonaouao
2315 325 2443 388 267

54 425 263 495 hortari
320 445 447 493 non
506 423 923 494 desistebat:
976 436 1043 494 et
1090 447 1252 494 cum
1303 424 1388 494 ad
1438 445 1598 493 eum
1654 422 2114 494 Mediolanum
2177 426 2530 505 venirent,

36 513 445 585 contendebat
476 512 804 592 maxime,
858 526 934 582 ut
980 514 1239 584 sanctis
1286 513 1879 584 cohortationibus
1918 512 2004 582 de
2052 527 2383 604 suggestu
2419 536 2536 604 po-

52 603 246 693 pulum
291 602 371 671 ad
422 602 656 672 studia
709 602 973 691 pietatis
1018 603 1431 683 excitarent;
1485 622 1566 671 ac
1615 621 1768 670 raro
1822 602 2149 687 quidem,
2204 603 2340 672 nisi
2390 626 2537 671 ma-

36 690 244 761 nifesta
286 702 509 761 essent
558 702 866 773 naturae,
919 690 1352 761 doctrinaeve
1399 691 1493 759 im
1550 689 1919 771 edimenta,
1966 693 2285 777 quamvis
2332 713 2537 793 saepe

36 781 420 859 oesisterent,
476 791 544 849 et
604 801 779 869 pene
818 779 1096 849 moleste
1143 779 1419 861 ferrent,
1523 779 1770 849 abatur
1816 778 2109 849 facultas
2157 780 2475 850 elabendi
2516 803 2532 861 ;

86 868 188 937 uod
211 868 476 955 quidem
511 868 799 937 minime
827 869 1155 955 consequi
1190 870 1547 957 potuisset,
1582 868 1664 948 si,
1699 880 1786 937 ut·
1808 867 2093 954 quidam
2127 869 2530 952 suadebant,

36 888 309 1039 ,desiisset
346 958 513 1047 ipse,
555 979 643 1025 ne
682 957 742 1026 si
778 957 1056 1043 quidem
1098 958 1332 1028 minus
1382 959 1529 1047 ipse
1575 956 1817 1028 fuisset
1854 958 1924 1025 in
1973 979 2051 1026 eo
2109 979 2354 1047 genere
2401 956 2536 1026 fre-

36 1054 242 1135 quens.
291 1051 526 1132 Itaque
566 1045 758 1116 festis
803 1044 1049 1116 diebus
1089 1068 1362 1135 semper
1408 1046 1971 1131 concionabatur,
2013 1046 2357 1116 interdum
2395 1067 2531 1116 non

38 1152 208 1225 gmane
248 1135 491 1214 solum,
538 1134 660 1203 sed
703 1135 905 1204 etiam
945 1135 1255 1224 vesperi3
1309 1135 1380 1203 in
1423 1133 1964 1224 Quadragesima
2020 1156 2176 1205 vero
2205 1189 2221 1214 ,
2271 1135 2536 1224 partitis

42 1223 571 1308 aequaliter-cum
624 1222 760 1292 alio
807 1224 1283 1293 concionatore
1330 1223 1623 1304 diebuS,
1688 1222 1845 1303 nisi,
1902 1222 2083 1308 quod
2144 1224 2535 1310 infrequen-

40 1310 209 1381 moras
238 1311 366 1382 fere
396 1312 532 1382 sibi
569 1312 720 1401 ipse
752 1314 1161 1382 reservabat.
1218 1317 1294 1381 In
1330 1312 1521 1381 omni
1550 1333 1825 1399 quoque
1864 1311 2218 1381 Pontificio
2251 1334 2536 1382 munere

54 1398 352 1470 obeundo:
420 1423 627 1482 nam,
700 1401 840 1469 sive
904 1401 1221 1470 homines
1270 1401 1588 1469 initiandi
1638 1413 1901 1480 essent,
1960 1401 2101 1470 sive
2148 1399 2535 1471 dedicanda

46 1487 302 1571 aeclesia,
354 1488 451 1558 vel
505 1488 745 1569 altare,
807 1490 946 1558 sive
993 1511 1201 1558 aenea
1264 1511 1418 1571 vasa
1477 1489 1561 1558 ad
1624 1489 1956 1579 populum
2007 1490 2533 1560 convocandum

46 1578 477 1665 ponsecranda,
552 1577 1103 1668 velanda-virgO,
1156 1578 1444 1664 ejusque
1504 1600 1698 1648 sacra
1750 1579 2089 1667 possessio
2143 1579 2536 1669 recipienda

50 1686 53 1689 ’
113 1679 498 1736 eramentum
543 1667 822 1752 aliquod
881 1666 1514 1736 administrandum
1551 1721 1566 1747 ,
1633 1667 1949 1756 publicae
1996 1667 2535 1757 supplicationes

46 1682 369 1851 ffibeudae,
420 1754 717 1825 ecclesia
766 1755 1362 1845 recognoscenda,
1416 1756 1816 1824 concionem
1868 1755 2163 1825 addebat
2211 1778 2482 1846 semper
2513 1811 2529 1836 ,

48 1838 213 1928 {tique
250 1844 327 1912 ad
381 1846 734 1932 mysteria,
786 1865 962 1930 quae
1012 1858 1327 1913 tractaret
1373 1842 1788 1913 declaranda
1820 1898 1835 1923 ,
1889 1844 1971 1913 ad
2027 1844 2360 1934 populum
2463 1867 2535 1914 ro

148 1933 299 2017 quod
334 1934 398 2001 in
437 1933 826 2022 praesentia
874 1955 1050 2021 opus
1082 1948 1249 2014 erat,
1301 1931 1903 2011 commovendum,
1960 1933 2244 2002 omnino
2276 1933 2357 2002 ad
2428 1956 2537 2002 ru-

145 2023 584 2091 mastantiuin
637 2020 1033 2091 salutarem.
1089 2025 1255 2091 Cum
1307 2021 1389 2090 ad
1442 2020 1902 2091 concionandi
1939 2043 2196 2090 munus
2225 2021 2367 2092 duo
2398 2023 2534 2091 sibi

180 2110 374 2180 ssaria
394 2109 765 2196 judicaret,
802 2132 1035 2198 preces
1067 2124 1132 2179 et
1164 2109 1549 2190 lectionem,
1581 2110 1634 2180 si
1665 2109 1831 2179 forte
1863 2109 2045 2194 quod
2078 2111 2355 2200 saepius
2388 2132 2533 2179 eve·

52 2193 151 2277 aii,
187 2201 487 2288 angustia
541 2200 892 2288 tempori5‚
931 2213 994 2268 et
1028 2198 1114 2267 ad
1159 2197 1607 2288 precandum,
1646 2213 1711 2268 et
1758 2197 1841 2267 ad
1883 2196 2092 2267 libros
2125 2199 2538 2270 evolvendos

35 2286 296 2379 'matium
344 2310 479 2358 non
530 2288 837 2367 daretur,
895 2288 1350 2377 precationem
1389 2286 1812 2376 praeferebat
1848 2286 2165 2367 lectioni;
2222 2288 2536 2355 memini-

52 2382 173 2462 Jue,
214 2398 357 2446 curn
409 2377 494 2447 ad
548 2375 917 2478 collegium
971 2378 1314 2467 virginum
1369 2378 1568 2447 verba
1619 2375 1888 2456 faceret,
1943 2397 2101 2445 eum
2152 2390 2535 2466 opportune

52 2469 335 2546 parrasse,
388 2468 521 2537 sibi
556 2487 638 2534 eo
686 2465 796 2534 die
845 2464 1040 2534 valde
1088 2479 1422 2555 occupato
1470 2466 1539 2534 in
1592 2466 1883 2535 dubium
1937 2465 2223 2545 venisse,
2266 2479 2420 2534 utra
2470 2488 2540 2534 re

52 2551 359 2646 paululum
409 2554 596 2641 quod
650 2567 792 2623 erat
840 2554 1192 2644 temporis,
1246 2568 1705 2636 consumeret,
1764 2553 2072 2642 legendo,
2112 2576 2196 2623 an
2249 2554 2533 2637 orand0,

50 2646 260 2808 §fleam
312 2642 754 2721 voluntatem,
807 2656 882 2710 ut
929 2642 1285 2713 daemonis
1333 2642 1567 2711 dolum
1625 2642 2046 2732 repudiasse,
2091 2664 2268 2728 quae
2320 2643 2401 2712 ad
2457 2643 2540 2713 li-

153 2750 180 2796 s
220 2732 429 2818 potius
479 2731 836 2800 incitabat.
891 2732 1225 2813 Quoniam
1281 2752 1435 2801 vero
1484 2732 1780 2801 Pastoris
1827 2754 1949 2802 vox
1984 2730 2068 2800 ad
2110 2733 2340 2802 omnia
2392 2731 2541 2803 loca

50 2819 345 2982 ffirvenire
391 2842 530 2890 non
583 2833 843 2909 potest,
905 2833 979 2889 ut
1027 2821 1179 2906 ejus
1229 2833 1453 2908 tamen
1511 2821 1766 2890 monita
1814 2842 2020 2906 quam
2063 2820 2344 2910 plurimi
2399 2844 2538 2891 non

126 2902 231 2973 lum
277 2908 340 2975 in
391 2909 591 2990 urbe,
638 2908 752 2977 sed
789 2910 993 2977 etiam
1031 2909 1099 2976 in
1132 2930 1299 2998 agro
1336 2907 1610 2978 facilius
1640 2910 2048 2999 acciperent,
2098 2909 2336 2979 litteris
2372 2935 2545 2981 usus

68 3003 161 3069 est,
195 3015 347 3081 quas
381 2996 765 3086 pastorales
798 2995 1186 3087 appellant:
1241 3019 1416 3083 quae
1510 2997 1786 3078 uidem,
1841 2996 2171 3087 exemplis
2222 3015 2539 3088 typorum

50 3085 670 3176 'astemultiplicatis‚
719 3108 837 3175 per
867 3086 1194 3156 ecclesias
1232 3019 1859 3176 promulgarentur,
1897 3098 1962 3154 et
1991 3108 2109 3174 per
2134 3085 2275 3156 loca
2310 3090 2542 3157 omnia

48 3161 666 3257 ‘adusseminarentum
702 3174 810 3245 his
844 3175 1165 3245 utebatur
1196 3197 1353 3244 cum
1391 3176 1619 3263 gravis
1654 3174 1987 3243 inciderat
2026 3194 2257 3255 causa,
2299 3197 2542 3261 quam-

48 3253 242 3352 Jobrem
283 3263 515 3355 populi
581 3264 948 3344 monendi,
1002 3262 1377 3334 docendive
1414 3274 1677 3342 essent,
1731 3261 1914 3349 quod
1964 3260 2049 3330 ad
2098 3284 2536 3332 communem

48 3343 291 3419 salutem
343 3354 784 3441 pertinerent.
1951 3437 1961 3450 ,

46 3451 77 3532 ρ,
125 3436 312 3518 ἓδδ.
362 3447 553 3524 Quae
582 3440 669 3509 ad
702 3439 1104 3511 catholicam
1158 3439 1362 3509 fidem
1414 3439 1739 3509 tuendam
1796 3451 2211 3529 pertinerent
2270 3460 2541 3508 summo

44 3523 240 3790 Euclio
269 3530 528 3598 curavit
566 3552 880 3619 semper;
933 3528 1403 3628 decreta'ipsa
1449 3529 1521 3598 in
1573 3529 1700 3598 hoc
1734 3548 1979 3617 genere
2019 3528 2278 3596 sancita
2326 3548 2442 3616 per
2471 3548 2542 3594 se

52 1940 63 1949 s

113 3629 423 3697 quuntur,
478 3632 806 3706 gestaque
840 3640 959 3705 per
995 3639 1179 3696 eum,
1220 3640 1289 3685 1n
1348 3617 1624 3688 Rhaetis
1671 3615 2152 3702 Helvetiisque,
2201 3629 2341 3684 tum
2379 3614 2544 3683 alibi

98 3717 298 3786 uoque,
342 3707 543 3777 sicuti
596 3706 1051 3785 narravimuS,
1115 3704 1631 3784 demonstrant;
1687 3706 1800 3776 sed
1853 3726 2257 3775 caussarum
2298 3759 2312 3784 ‚
2367 3724 2544 3789 quae

94 3783 334 3860 dfidem
379 3798 818 3883 pertinentes,
864 3793 964 3863 vel
1020 3794 1387 3863 Mediolani
1433 3808 1681 3873 essent,
1739 3793 1835 3862 vel
1890 3799 2198 3864 Romana
2251 3791 2542 3860 auctori-

68 3881 163 3966 tate
202 3879 289 3947 illi
340 3884 854 3961 mandarentur,
909 3883 1429 3952 accuratissima
1482 3883 1788 3951 tractatio
1840 3882 2070 3951 itidem
2124 3880 2541 3960 declaravit,

106 3959 217 4034 bris
260 3968 732 4060 importandiS,
784 3971 1153 4041 edendisve
1204 3994 1287 4040 ne
1327 3971 1493 4057 quid
1540 3970 1825 4059 periculi
1865 3970 2050 4049 fidei,
2091 3969 2192 4039 vel
2239 3969 2547 4039 moribus

97 4048 398 4139 fferretur,
459 4060 801 4149 religiosi,
862 4060 1181 4146 doctique
1232 4059 1532 4129 hominis
1580 4057 1858 4127 assidua
1906 4081 2072 4127 cura
2127 4056 2544 4146 providebat.

134 4145 633 4219 nsultationibus
682 4151 1083 4220 earumdem
1135 4169 1544 4217 caussarum
1581 4147 1730 4235 ipse
1766 4146 2133 4216 intererat:
2184 4145 2551 4234 diligenter

76 4225 321 4313 Romam,
368 4258 851 4323 quaecumque
903 4239 966 4304 in
1019 4261 1098 4307 eo
1148 4257 1620 4326 genere.opus
1672 4249 1922 4316 essent,
1978 4256 2104 4303 sua
2146 4233 2551 4321 plerumque

72 4330 233 4388 manu
279 4325 801 4411 praescribebat.
872 4330 1216 4394 Praeterea
1274 4326 1335 4391 in
1389 4323 1560 4392 urbe
1603 4323 2006 4400 Mediolano,
2074 4334 2419 4405 tamquam
2481 4324 2550 4390 in

78 4403 294 4478 sublimi
341 4415 641 4503 quadam
694 4413 975 4502 specula
1023 4411 1420 4493 collocatus,
1476 4425 1684 4481 totam
1723 4410 1902 4482 hanc
1938 4407 2171 4479 Italiae
2205 4409 2551 4498 regionem
