2993 4837
60 319 198 384 ΠΟΥ.
246 320 282 383 5
627 337 705 382 nx
752 337 844 384 ss.
897 334 1286 385 mmmmm:
1333 336 1410 382 m·
1457 336 1761 384 aristeus
1807 336 1921 383 un.
2329 321 2455 385 295

22 420 430 503 qsermonibus
481 419 776 509 pietatis,
835 434 901 491 et
947 420 1321 491 adhortans
1376 419 1613 510 fugere
1662 441 1784 510 pro
1837 419 2097 492 viribus
2143 420 2230 490 ab
2277 420 2365 490 iis
2424 421 2545 509 qui
2617 428 2633 443 ’

22 522 107 609 ‡se
138 508 350 598 procul
398 531 438 578 a
481 509 617 577 vita
661 523 1031 590 removent,
1088 523 1153 579 et
1184 522 1506 597 separant
1550 532 1591 578 a
1637 521 1961 578 creatore.

22 622 25 683 ,·
118 602 271 677 §a
323 601 486 666 Cum
538 619 705 689 ergo
757 597 1131 686 aliquando
1199 598 1601 668 accessisset
1646 598 1731 668 ad
1796 597 1997 668 aedes
2047 597 2536 687 ClitophontiS,

22 686 274 789 {petebat
316 685 769 766 alimentum,
829 708 1076 756 manus
1122 686 1493 756 extendens
1524 742 1539 767 ,
1597 700 1662 756 et
1709 708 1905 756 voces
1953 688 2313 767 emittenS‚
2367 708 2544 775 quae

24 787 281 862 *possent
318 774 649 843 inducere
697 776 1008 845 animum
1060 774 1142 843 ad
1199 774 1766 845 misericordiam.
1836 774 2093 843 Accidit
2147 788 2414 855 autem,
2470 790 2546 846 ut

58 876 183 930 tunc
207 875 371 933 esset
420 864 765 953 Leucippe
824 865 1274 942 conturbata,
1328 876 1392 932 et
1442 864 1643 953 plena
1714 863 1982 933 tristitia
2012 918 2027 944 ‚
2082 876 2312 964 utpote
2357 864 2538 951 quod

56 952 294 1020 maritus
337 952 398 1020 ei
445 952 926 1042 exprobrasset
974 952 1425 1022 sterilitatem.
1465 957 1630 1022 Cum
1684 973 1845 1042 ergo
1895 951 2244 1032 Honofrio,
2289 954 2408 1042 qui
2443 954 2543 1022 vi·

54 1039 295 1108 debatur
326 1040 681 1119 molestuS,
726 1042 1048 1129 jussisset
1095 1040 1366 1109 occludi
1415 1039 1634 1110 fores:
1688 1040 1804 1109 ille
1851 1055 2105 1119 autem,
2159 1054 2234 1110 ut
2279 1043 2397 1128 qui
2436 1042 2543 1111 ni-

54 1126 165 1196 hilo
194 1129 397 1219 magis
445 1129 678 1209 sciret,
734 1130 900 1217 quid
949 1129 1169 1209 vellet,
1203 1143 1267 1198 et
1295 1129 1478 1215 quod
1515 1130 1911 1199 accessisset
1953 1130 2179 1219 potius
2226 1129 2538 1211 daturus,

55 1236 216 1300 quam
261 1230 698 1307 accepturuS,
736 1231 1086 1308 propterea
1141 1219 1433 1287 instabat
1486 1231 1743 1307 petens,
1783 1218 1998 1287 donec
2050 1231 2321 1308 propter
2366 1219 2543 1289 hanc

56 1303 414 1375 laudabilem
469 1307 976 1394 impudentiam
1025 1306 1156 1375 fuit
1226 1307 1637 1386 accersitus,
1708 1319 1773 1375 et
1831 1307 2126 1407 benigne
2190 1320 2538 1397 acceptus,

60 1394 207 1460 Motis
255 1416 409 1485 ergo
458 1396 692 1466 verbis
738 1410 803 1464 et
861 1416 1173 1465 sermone
1224 1394 1592 1483 product0,
1648 1395 1731 1464 de
1780 1417 1852 1465 se
1898 1395 2178 1483 quidem
2242 1397 2543 1465 narravit

58 1482 358 1573 Leucippe,
392 1484 576 1571 quod
620 1505 862 1553 manca
908 1495 1085 1553 esset
1121 1484 1182 1552 ei
1234 1485 1504 1562 matrix,
1546 1497 1611 1553 et
1655 1483 1834 1571 quod
1880 1482 2117 1553 nullus
2164 1483 2334 1554 deus
2360 1499 2538 1554 esset

56 1568 318 1640 inventus
341 1594 564 1659 usque
598 1572 671 1640 in
724 1572 1130 1642 hodiernum
1172 1570 1382 1652 diem,
1433 1573 1554 1659 qui
1603 1594 1754 1642 eam
1827 1587 2051 1661 posset
2100 1572 2400 1642 relaxare
2456 1573 2543 1643 ab

58 1657 122 1727 iis
147 1660 437 1740 vinculis,
473 1673 540 1730 et
572 1660 863 1730 liberare
897 1684 935 1730 a
969 1659 1299 1729 dedecore
1325 1660 1624 1730 filiorum
1660 1661 2000 1751 egestatis.
2038 1683 2075 1728 «
2109 1661 2233 1730 Sed
2278 1662 2540 1744 merit0,

38 1746 656 1832 inquitHonofriuS,
714 1771 848 1819 non
889 1772 962 1819 es
1005 1761 1367 1818 consecuta
1417 1748 1601 1836 quod
1656 1751 1951 1838 petebas,
1995 1772 2170 1838 quae
2218 1750 2384 1820 tales
2433 1773 2548 1820 vo-

40 1830 204 1913 ⁸¹luisti
230 1837 572 1926 adjutores
605 1838 859 1908 habere
886 1837 1289 1908 sterilitatis.
1343 1843 1509 1908 Nam
1545 1839 1664 1925 qui
1700 1839 1828 1927 ipsi
1865 1851 2311 1907 exercuerunt
2335 1861 2547 1928 opera

58 1923 216 2079 Plena
259 1927 503 2016 probro
542 1939 610 1995 et
658 1926 1010 2006 dedecore,
1043 1925 1388 2016 quomodo
1424 1938 1700 2015 possent
1744 1926 1872 2015 ipsi
1910 1926 2081 1994 alios
2129 1950 2167 1995 a
2214 1926 2542 1998 dedecore

40 2010 324 2083 ‘tharai-e?
369 2015 496 2085 Sed
550 2015 612 2083 si
664 2038 848 2085 nunc
880 2015 1195 2095 audienS,
1247 2027 1312 2083 et
1359 2037 1594 2084 verum
1650 2018 1857 2082 Deum
1909 2013 2074 2083 velis
2123 2036 2538 2104 agnoscere,

52 2100 148 2184 qui
185 2117 413 2173 cuncta
454 2117 698 2194 potest,
729 2104 989 2173 videbis
1014 2104 1097 2173 ad
1130 2116 1190 2173 te
1223 2104 1437 2172 solam
1491 2102 1887 2172 redeuntem
1917 2102 2304 2171 utilitatem.
2338 2105 2544 2185 Quin·

67 2188 215 2256 etiam
262 2206 449 2261 tuum
503 2214 731 2283 genus
781 2192 1031 2283 poteris
1081 2190 1348 2261 afficere
1396 2191 1749 2262 beneficio,
1796 2203 2146 2277 tamquam
2170 2191 2545 2279 quamdam

68 2273 490 2350 haereditatem
543 2280 632 2350 ad
682 2303 797 2351 eos
846 2281 1313 2351 transmittens
1366 2302 1593 2349 veram
1644 2279 2066 2369 religionem.
2124 2303 2160 2345 »
2215 2280 2549 2370 Leucippe

64 2361 144 2433 his
180 2368 533 2440 adhibebat
585 2371 922 2451 animum,
976 2381 1039 2440 et
1087 2391 1157 2440 se
1206 2381 1556 2457 tamquam
1598 2368 1844 2438 bonam
1883 2382 2128 2437 terram
2181 2368 2547 2459 praebebat

64 2456 362 2528 verborum
417 2459 615 2529 illius
649 2460 1056 2529 seminibus.

129 2551 159 2623 ἓ
195 2549 269 2615 4.
319 2549 441 2618 Hic
489 2559 726 2617 autem
768 2548 871 2616 vir
915 2547 1193 2616 divinus
1235 2547 1537 2635 primum
1559 2546 1838 2632 quidem
1873 2545 2173 2616 excelsae
2197 2546 2546 2617 Trinitatis

64 2627 309 2705 divinam
361 2637 745 2707 introduxit
774 2637 835 2705 ei
884 2636 1369 2726 cognitionem.
1429 2634 1678 2703 Deinde
1716 2656 1863 2703 eam
1900 2647 2000 2705 est
2033 2635 2433 2706 adhortatus
2461 2634 2546 2705 ad

66 2720 313 2793 studium
365 2726 728 2795 virtutum.
773 2725 1022 2794 Deinde
1068 2746 1218 2793 eam
1259 2723 1494 2793 docuit
1545 2723 2179 2803 sanctificationem,
2231 2747 2407 2812 quae
2453 2722 2548 2794 ef-

66 2803 248 2905 iicitur
288 2835 362 2883 ex
400 2813 694 2884 salutari
738 2813 1181 2903 baptismate:
1235 2834 1354 2902 per
1399 2811 1580 2899 quod
1631 2812 1756 2881 erit
1788 2814 2186 2903 expurgatio
2238 2815 2551 2903 priorum

68 2900 726 2982 inquinamentorum.
771 2901 1078 2971 Ostendit
1124 2913 1350 2970 autem
1395 2900 1705 2969 habitum
1741 2923 2012 2988 quoque
2061 2903 2547 2982 monasticum,

74 3001 313 3067 quoerat
355 2991 645 3078 quidem
707 2990 1016 3070 indutuS,
1069 2988 1183 3059 sed
1240 3011 1397 3058 eum
1451 2990 1754 3090 tegebat,
1808 2987 2164 3060 declinans
2216 2991 2550 3061 insultum

80 3072 201 3141 mali
279 3101 474 3150 orum
514 3091 942 3160 venatorum,
986 3095 1050 3148 et
1079 3078 1259 3165 quod
1298 3090 1694 3147 accessisset
1729 3091 2003 3166 propter
2032 3078 2182 3165 ejus
2231 3079 2546 3158 salutem,

76 3099 353 3237 simuiiins
399 3181 630 3257 petere
676 3167 1207 3255 eleemosynam.
1263 3166 1388 3235 Illa
1422 3188 1578 3234 vero
1627 3165 1709 3235 ad
1748 3165 1913 3233 haec
1950 3166 2335 3254 respondit:
2382 3191 2418 3233 «
2451 3167 2557 3234 Ti-

72 3266 206 3343 tne0,
251 3255 493 3343 inquit,
540 3278 626 3324 ne
657 3255 1015 3324 inciderim
1068 3256 1134 3323 in
1172 3254 1310 3324 duo
1343 3254 1707 3324 contraria.
1749 3258 1970 3322 Unum
2021 3253 2327 3339 quidem,
2370 3253 2553 3342 quod

70 3353 133 3404 ns
185 3345 291 3426 qui
352 3347 533 3413 hanc
583 3344 838 3414 habent
888 3343 1089 3413 fidem
1120 3398 1135 3424 ,
1198 3356 1262 3413 et
1309 3342 1750 3433 appellantur
1798 3341 2204 3421 Christiani,
2266 3363 2557 3432 magnae

68 3425 295 3521 quidem
330 3431 789 3502 intenduntur
839 3433 1064 3502 minae
1110 3431 1197 3501 ab
1252 3453 1331 3501 eo
1380 3432 1500 3519 qui
1551 3452 1734 3500 nunc
1776 3451 2003 3498 rerum
2056 3430 2354 3519 potitur:
2401 3451 2557 3520 gra-

70 3530 215 3584 viora
245 3534 462 3590 autem
501 3533 665 3590 sunt
698 3543 873 3609 quae
903 3543 1018 3590 eas
1057 3534 1600 3608 consequuntur,
1636 3518 2002 3608 supplicia.
2042 3518 2337 3588 Alterum
2375 3539 2552 3598 ver0,

28 3604 215 3696 jquod
261 3609 311 3675 si
351 3632 477 3699 ego
532 3623 870 3680 transeam
933 3608 1017 3679 ad
1065 3610 1403 3696 pietatem,
1456 3620 1521 3677 et
1583 3607 1893 3676 recedam
1930 3631 1964 3676 a
2012 3606 2300 3677 decretis
2349 3606 2559 3692 Majo—

28 3711 33 3738 *
68 3707 213 3772 mm,
248 3697 298 3764 si
347 3699 465 3784 qui
510 3720 779 3768 mecum
832 3698 1199 3777 cohabitat,
1241 3718 1371 3767 non
1417 3697 1706 3765 subierit
1736 3696 2045 3765 eamdem
2085 3695 2553 3774 mutationem,

30 3809 33 3880 ζ
70 3778 158 3872 §ed
181 3781 494 3876 deinceps
523 3802 847 3874 sequatur
879 3809 1026 3855 eam
1086 3808 1292 3873 quam
1331 3807 1516 3854 nunc
1552 3797 1728 3853 tenet
1758 3784 2181 3875 religionem,
2212 3781 2561 3869 quomodo

70 3884 120 3962 Π)
155 3892 283 3940 uno
317 3887 382 3943 et
426 3874 663 3944 eodem
722 3874 1298 3954 consenserimus,
1338 3874 1452 3961 qui
1512 3873 1843 3942 debemus
1889 3894 2035 3941 esse
2086 3892 2345 3950 unum,
2401 3892 2562 3940 cum

71 3973 252 4050 simus
298 3964 591 4033 maxima
627 3977 813 4053 parte
844 3964 1096 4032 divisi?
1133 3968 1323 4031 Hanc
1360 3962 1529 4030 mihi
1579 3960 1761 4031 solve
1794 3960 2316 4038 dubitationem,
2351 3972 2417 4027 et
2460 3980 2566 4027 me

72 4037 354 4119 liberabis
383 4051 470 4120 ab
517 4053 809 4123 aliarum
857 4073 1084 4121 rerum
1122 4050 1676 4120 sollicitudine.»

137 4134 167 4218 ξ
207 4141 288 4207 ὅ.
343 4139 464 4209 Ille
486 4153 709 4211 autem
738 4163 892 4209 cum
930 4153 994 4209 et
1026 4139 1236 4209 multa
1286 4138 1421 4207 alia
1459 4139 1761 4217 dixisset,
1799 4149 1865 4206 et
1897 4135 2291 4224 adjecisset:
2327 4138 2570 4232 «·Tuus

71 4236 299 4308 quoque
334 4230 620 4300 maritus
672 4250 824 4298 mox
858 4239 1289 4298 convertetur
1334 4228 1414 4295 ad
1444 4226 1756 4296 eamdem
1790 4225 2260 4314 religionem:»
2311 4242 2374 4289 ei
2403 4221 2571 4321 adeo

74 4313 281 4403 paruit,
332 4328 409 4385 ut
453 4317 727 4387 ancillis
758 4339 1030 4405 quoque
1081 4316 1305 4386 statim
1351 4315 1659 4401 jusserit.
1714 4327 1788 4383 ut
1844 4313 2151 4408 facerent·
2178 4308 2363 4396 quod
2424 4332 2573 4399 lpse

75 4391 305 4469 diceret.
358 4408 519 4474 Cum
571 4428 793 4476 unum
844 4427 1005 4495 ergo
1054 4427 1132 4474 ex
1203 4402 1451 4482 doliis,
1506 4425 1681 4490 quae
1738 4401 1995 4473 alicubi
2057 4396 2196 4467 illic
2245 4409 2438 4466 erant
2502 4399 2571 4468 in
