2993 4837
66 323 206 388 Nov.
262 324 339 388 13
774 344 852 390 m:
900 344 956 391 s.
1013 342 1351 391 nononono
1400 342 1796 391 conressoan
2343 330 2471 394 469

32 425 308 516 ¹,medicis
351 427 636 496 omnino
677 427 1008 507 destituti,
1043 449 1284 498 omnes
1333 442 1693 500 curantur.
1731 433 1968 515 Itaque
2015 441 2150 499 tota
2196 451 2275 499 eo
2321 432 2559 502 civitas

31 514 429 585 ÷eonssuebat.
488 520 714 598 Quare
762 516 1118 586 confestim
1173 516 1291 586 illo
1343 530 1610 586 mortuo
1642 572 1656 596 ,
1709 519 2131 587 constantior
2179 520 2559 590 sanctitatis

56 603 175 688 ejus
217 602 396 674 fama
426 603 511 673 'in
566 606 829 675 vicinas
873 607 1079 674 urbes
1118 605 1427 675 evolavit.
1486 606 1801 693 Undique
1841 606 1926 676 ad
1970 607 2094 675 viri
2158 608 2269 676 Dei
2327 608 2558 709 sepul-

82 713 237 773 rum,
273 693 341 762 in
376 693 614 763 eadem
647 695 875 764 Sancti
910 695 1170 796 Aegidii
1206 694 1373 763 aede
1408 695 1735 784 positum,
1775 697 2245 765 concurritur:
2269 710 2558 784 votique

52 796 360 869 compotes
398 782 585 864 sacti,
622 805 779 852 cum
821 783 1073 852 laetiua
1113 783 1423 852 redeunt.

32 895 35 938 s
117 871 337 954 §m
406 876 571 940 Nam
637 872 1001 962 cujusdam
1077 872 1314 961 lingua
1390 872 1800 962 gravissimo
1872 873 1960 940 im
2019 871 2200 941 edita
2249 873 2555 953 vulnere,

32 949 201 1044 {quod
269 959 335 1026 in
414 959 672 1047 proelio
739 960 1315 1050 ,ierosolymitano
1396 983 1515 1051 per
1578 960 1832 1029 collum
1908 984 1946 1030 a
2001 975 2227 1030 actum
2309 961 2553 1041 suerat,

32 1045 597 1132 expeditissimam
652 1048 979 1135 loquendi
1028 1048 1462 1129 facultatem,
1525 1071 1657 1134 qua
1720 1049 1951 1118 decem
2005 1071 2225 1118 annos
2276 1071 2558 1139 prorsus

50 1152 349 1218 caruerat,
390 1137 569 1206 sacto
620 1152 792 1218 votO,
847 1140 1123 1227 recepit.
1164 1138 1351 1206 Alius
1400 1150 1627 1207 autem
1680 1136 1883 1208 dorso
1935 1139 2241 1228 gibbero,
2290 1154 2557 1228 pectore

50 1243 333 1306 convexO,
371 1227 575 1314 cujus
606 1247 830 1315 genua
884 1248 1268 1313 manusque
1315 1238 1661 1316 spasmate
1690 1227 2159 1317 obriguerant,
2202 1250 2362 1296 cum
2396 1250 2557 1297 san-

50 1322 135 1379 cto
167 1313 296 1383 viro
346 1315 663 1394 vovisset,
717 1317 824 1383 sui
874 1315 1097 1403 ipsius
1143 1318 1452 1403 corporis
1486 1314 1708 1384 sactus
1761 1329 1862 1384 est
1909 1338 2212 1405 compos.
2270 1316 2553 1386 Cuidam

50 1400 219 1469 etiam
266 1402 502 1472 decem
546 1416 611 1471 et
649 1417 798 1473 octo
847 1426 1186 1473 annorum
1232 1403 1673 1484 adolescenti,
1713 1426 1750 1472 a
1797 1405 2142 1473 nativitate
2180 1421 2391 1483 mum,
2430 1427 2555 1496 pro

46 1489 216 1577 cujus
258 1490 480 1561 salute
580 1502 725 1560 ater
772 1493 880 1561 vix
913 1492 1079 1561 dum
1126 1506 1272 1560 vota
1314 1492 1718 1562 Homobono
1777 1506 2234 1583 nuncuparet,
2276 1493 2556 1584 linguae

50 1577 286 1648 vincula
332 1579 524 1650 disso
557 1581 649 1648 vit
697 1581 1242 1670 benignissimus
1275 1586 1475 1649 Deus,
1530 1581 1798 1651 Adhaec
1851 1604 2022 1671 puer
2049 1595 2360 1651 octavum
2405 1583 2552 1673 jam

48 1684 273 1736 annum
306 1691 583 1746 caecus,
623 1669 829 1737 simul
880 1682 944 1740 et
991 1670 1078 1737 ab
1126 1682 1323 1738 utero
1377 1670 1618 1738 matris
1669 1683 1926 1750 mutus,
1973 1672 2275 1760 paternis
2334 1671 2554 1761 preci-

48 1751 173 1834 bus,
208 1757 579 1843 perfectum
616 1758 978 1845 utriusque
1010 1779 1258 1827 sensus
1293 1757 1681 1847 impetravit
1712 1758 2042 1828 officium.

116 1844 146 1928 ξ
186 1849 320 1916 u.
374 1850 663 1933 Experta
713 1859 815 1915 est
854 1845 1104 1916 mulier
1156 1867 1484 1936 magnum
1523 1847 1835 1915 numinis
1872 1848 2316 1917 beneficium:
2372 1870 2551 1934 quae

46 1949 175 1999 eum
217 1933 358 2021 jam
411 1933 765 2022 deplorata
818 1955 1029 2024 prope
1078 1947 1277 2013 esset,
1335 1936 1475 2005 visa
1540 1935 1673 2004 sibi
1735 1948 1834 2004 est
1886 1936 2114 2005 videre
2160 1949 2545 2005 monentem

46 2022 405 2104 quemdam,
454 2044 668 2091 unam
726 2023 856 2091 sibi
914 2023 1425 2112 recuperandae
1479 2023 1723 2092 salutis
1774 2023 2078 2093 relictam
2131 2045 2321 2111 spem
2373 2047 2546 2103 esse,

46 2103 95 2176 si
133 2111 502 2179 Homoboni
554 2133 750 2201 opem
788 2111 1210 2199 imploraret.
1254 2112 1322 2181 Id
1361 2134 1519 2181 curn
1562 2110 1852 2192 fecisset,
1887 2125 2238 2202 exoptatae
2273 2114 2551 2181 sanitati

51 2200 536 2288 quamprimum
599 2212 700 2268 est
762 2202 1091 2269 restituta.
1154 2206 1409 2270 Pueros
1475 2200 1676 2268 etiam
1755 2200 2116 2289 plerosque
2179 2201 2323 2287 jam
2391 2222 2551 2288 prae

40 2286 234 2360 ¹morbi
280 2290 682 2378 gravitatem
735 2289 1037 2357 animam
1090 2302 1390 2379 agentes,
1429 2301 1791 2377 parentum
1832 2291 2023 2369 votis,
2062 2289 2299 2359 eodem
2343 2289 2552 2357 inter-

48 2373 311 2457 oedente,
371 2382 549 2447 Deus
603 2376 1040 2448 condonavit.
1106 2378 1350 2448 Mulier
1424 2377 1762 2465 quaedam
1818 2379 2072 2448 multos
2137 2378 2282 2466 jam
2336 2399 2555 2451 annos

46 2465 298 2537 artubus
327 2468 504 2536 adeo
532 2468 923 2548 contractis,
950 2481 1026 2536 ut
1056 2470 1154 2536 ori
1231 2489 1411 2537 enua
1439 2467 1909 2547 adhaererent,
1932 2469 2129 2554 Juxta
2155 2468 2550 2557 sepulcrum

50 2555 430 2626 sanctissimi
507 2557 630 2624 viri
679 2556 940 2635 delata,
998 2491 1319 2645 precibus
1370 2556 1724 2635 adhibitis,
1772 2557 2000 2627 subito
2046 2556 2435 2626 convaluit:
2488 2567 2554 2626 et

48 2658 174 2710 cum
225 2644 487 2735 ingenti
536 2644 813 2734 gaudio,
867 2644 1053 2714 clara
1106 2649 1234 2715 Deo
1285 2666 1445 2715 voce
1490 2645 1747 2735 gratias
1796 2667 2032 2736 agens,
2072 2645 2218 2715 suis
2261 2646 2552 2735 pedibus

50 2726 289 2800 domum
326 2748 432 2802 est
468 2755 757 2802 reversa.

116 2820 145 2904 ἓ
185 2826 320 2892 15.
368 2827 502 2891 Nec
554 2835 779 2891 tamen
828 2821 1069 2902 defuit,
1108 2823 1226 2910 qui
1278 2821 1496 2892 sancti
1529 2821 1675 2889 ‘viri
1725 2821 1973 2891 famam
2011 2822 2273 2891 elevare
2305 2834 2370 2891 et
2401 2842 2553 2891 car-

51 2924 176 2990 pere
218 2909 523 2979 auderet.
563 2910 687 2980 Sed
726 2911 812 2979 ita
847 2910 1031 2980 fatue
1064 2933 1142 2979 ac
1182 2923 1435 2979 temere
1464 2910 1885 2997 obloquenti,
1922 2910 2158 3000 lingua
2189 2912 2545 2992 intumuit,

52 3005 110 3059 ut
146 2998 324 3066 nulla
364 2999 512 3088 jam
559 2999 819 3068 ratione
868 2999 1055 3085 loqui
1108 3011 1357 3088 posset,
1410 3012 1475 3068 et
1513 3000 1657 3088 jam
1710 2999 1794 3067 de
1844 3002 1976 3069 vita
2015 3001 2166 3089 ejus
2206 3013 2546 3088 ageretur.

50 3082 254 3153 Verum
309 3088 724 3173 poenitentia
776 3088 1098 3157 interiore
1130 3088 1405 3167 ductuS‚
1445 3088 1937 3158 intercessione
1966 3088 2375 3168 Homoboni‚
2414 3090 2555 3179 pri-

46 3169 260 3267 stinam
313 3175 853 3246 incolumitatem
894 3177 1341 3265 recuperavit.
1382 3177 1574 3245 Multi
1608 3189 1954 3264 praeterea
1990 3176 2375 3245 immundis
2411 3177 2554 3265 spi-

44 3259 258 3330 ritibus
303 3265 644 3354 oppressi,
680 3287 761 3335 ac
811 3265 1107 3354 pessime
1141 3265 1381 3345 habiti,
1420 3265 1728 3354 ejusdem
1766 3265 2026 3334 meritis
2062 3264 2327 3334 liberati
2365 3276 2546 3333 sunt.

48 3347 199 3445 Inter
239 3374 415 3438 quos
478 3352 606 3422 fuit
656 3355 844 3444 virgo
892 3354 1227 3441 quaedam
1281 3360 1648 3443 Bergomas
1681 3409 1695 3433 ‚
1750 3375 1926 3440 quae
1991 3375 2146 3421 cum
2217 3351 2553 3451 diu'ante

43 3434 269 3507 obitum
338 3442 464 3511 viri
516 3443 633 3512 Dei
678 3444 765 3512 ab
814 3442 1178 3512 immundo
1227 3444 1479 3531 spiritu
1549 3455 1779 3512 vexata
1841 3442 2221 3513 miserrime
2282 3439 2546 3522 fuisset,

46 3542 143 3593 nec
195 3528 354 3598 ullis
406 3553 714 3617 unquam
778 3532 1181 3601 exorcismis
1235 3532 1574 3622 potuisset
1617 3531 1890 3622 expelli,
1925 3530 2107 3618 quod
2158 3530 2436 3609 diceret,
2483 3551 2554 3631 se

46 3630 368 3702 nunquam
446 3619 604 3688 inde
664 3621 1187 3699 discessurum,
1243 3620 1462 3690 donec
1510 3620 1597 3688 ab
1646 3621 2047 3690 Homobono
2111 3623 2552 3688 Cremonensi

42 3703 392 3788 ejiceretur,
445 3707 668 3777 delata
716 3708 799 3777 ad
866 3709 1094 3778 Sancti
1153 3709 1539 3779 Homoboni
1608 3709 2002 3798 sepulcrum
2037 3732 2076 3776 a
2115 3707 2541 3797 parentibus,

42 3791 136 3872 qui
169 3794 246 3861 ad
290 3796 360 3863 id
414 3809 685 3897 tempus
731 3819 805 3867 se
837 3819 872 3865 a
918 3798 1102 3866 malo
1135 3799 1391 3887 spiritu
1424 3797 1658 3867 deludi
1697 3798 2276 3875 existimaverant,
2320 3795 2555 3887 fugato

41 3882 506 3954 cacodaemone
554 3885 739 3954 illico
787 3900 1025 3955 sanata
1074 3900 1197 3955 est.

112 3968 143 4053 ξ
188 3974 329 4041 16.
377 3973 497 4041 His
542 3986 607 4043 et
641 3973 934 4043 infinitis
974 3973 1456 4074 hujuscemodi
1503 3975 1862 4044 miraculis
1895 3984 2281 4043 commotus
2330 3974 2552 4043 Sicar-

45 4051 153 4125 dus
197 4061 436 4147 Episco
488 4084 570 4132 us
641 4068 1162 4146 Cremonensis,
1215 4077 1280 4131 et
1343 4063 1681 4153 primores
1741 4062 1983 4141 urbiS,
2038 4062 2414 4130 decernunt
2464 4061 2548 4130 ad

46 4142 207 4212 Pont.
244 4153 414 4217 Max.
476 4151 886 4239 egationem‚
939 4153 1142 4242 quus
1201 4151 1584 4239 Episcopus
1621 4152 1767 4240 ipse
1819 4152 2140 4239 princeps
2187 4149 2550 4218 constitui-

49 4244 158 4310 (ΗΓ,
206 4250 275 4304 ut
323 4238 426 4305 vir
475 4239 583 4307 Dei
640 4253 730 4307 tot
781 4239 1136 4309 miraculis
1192 4240 1597 4321 decoratus,
1645 4260 1932 4308 numero
1980 4249 2374 4306 sanctorum
2425 4237 2550 4305 ad—

49 4321 445 4393 scriberetur.
499 4327 688 4409 Quod
742 4330 1185 4398 Innocentius
1236 4332 1330 4396 111
1370 4328 1491 4415 qui
1532 4341 1729 4396 antea
1778 4327 1863 4395 de
1913 4326 2038 4395 hoc
2094 4347 2211 4414 per
2249 4327 2544 4414 quietem

52 4426 77 4467 a
123 4412 236 4478 Deo
274 4414 668 4486 admonitus
723 4416 964 4497 suerat,
1006 4416 1461 4497 libentissime
1492 4418 1854 4495 concessit,
1893 4437 1971 4484 ac
2011 4414 2304 4503 cognitis
2354 4414 2554 4505 prius
