2993 4837
2743 212 2770 241 ἢ

477 303 604 368 246
1210 318 1288 364 DE
1336 318 1392 365 s.
1444 316 1684 366 canoto
1744 318 2076 365 noaaouso
2645 299 2806 366 Nor.
2851 302 2878 365 l

384 425 663 494 operam
735 401 1051 482 dedisse,
1115 413 1454 491 spectatae
1509 403 1683 471 vitae
1737 425 1940 491 grave
2002 396 2507 484 testimonium,
2577 402 2881 473 bonorum

387 492 885 561 existimatione
941 490 1352 579 putabatur;
1423 490 1594 560 illud
1672 492 1829 561 item
1899 492 2307 572 constabat,
2376 495 2433 560 si
2498 492 2652 578 quis
2716 493 2888 561 mori-

389 583 565 662 buS‚
636 580 1085 667 doctrinaque
1156 580 1524 659 valuisset,
1583 580 1644 650 ei
1715 581 1862 648 sine
1929 581 2141 649 dubio
2205 581 2522 650 Carolum
2595 580 2886 649 beneficia

387 682 650 760 sponte,
694 669 1459 755 administrationesque
1487 691 1610 758 pro
1640 669 1884 737 virtute
1921 670 2410 738 mandaturum
2448 693 2463 749 ;
2504 690 2888 757 quamquam

387 758 580 828 nullo
631 758 832 827 modo
872 771 1218 843 tamquam
1270 779 1562 845 operae,
1617 758 2010 843 obsequiive
2061 759 2365 847 praemia
2407 812 2420 829 .
2477 778 2636 826 nam
2688 757 2752 826 id
2799 779 2896 827 ca-

387 849 582 919 vebat
630 847 1013 936 diligenter,
1053 859 1118 915 et
1162 857 1346 915 certa
1394 847 1664 916 cunctis
1704 846 1962 933 alioqui
2006 846 2346 937 stipendia
2389 847 2763 927 tribuebat;
2802 845 2894 915 sed

386 950 464 1006 ut
497 936 921 1015 hominibus,
973 934 1092 1022 qui
1141 935 1490 1037 digniores
1548 948 2005 1015 occurrerent,
2063 949 2383 1005 vacantes
2435 936 2767 1006 ministris
2809 956 2899 1003 ec-

387 1025 654 1105 clesias,
710 1023 808 1093 vel
863 1045 1174 1102 munera,
1231 1024 1399 1112 ipsis
1452 1025 1726 1112 pariter,
1767 1035 1968 1109 atque
2007 1024 2165 1093 aliis
2196 1024 2637 1095 concedebat.
2693 1024 2901 1093 Athon

389 1114 675 1182 minime
706 1125 1009 1202 spectare
1042 1124 1373 1200 poterant,
1408 1113 1524 1199 qui
1556 1134 1595 1181 a
1620 1111 2064 1183 facultatibus
2089 1112 2372 1201 alioqui,
2410 1113 2902 1200 honoribusque

388 1202 627 1358 parati,
682 1202 914 1270 omnia
964 1200 1448 1287 relinquenteS,
1505 1200 1586 1269 ad
1625 1222 1781 1270 eum
1836 1200 2218 1281 veniebant,
2275 1213 2629 1289 tamquam
2685 1192 2902 1270 affre-

419 1291 787 1381 igiosarum
841 1291 1167 1359 virtutum
1224 1304 1724 1370 mercaturam;
1778 1311 1952 1376 quos
1998 1290 2275 1377 quidem
2323 1290 2452 1359 hoc
2495 1291 2645 1360 loco
2683 1290 2907 1360 multos

387 1401 655 1469 possem
713 1399 1114 1461 numerare;
1171 1378 1376 1464 bique
1426 1378 1525 1447 vel
1576 1378 1799 1447 oblata
1855 1378 2184 1449 beneficia
2220 1381 2659 1460 recusabant,
2704 1380 2799 1448 vel
2832 1381 2904 1447 ita

391 1468 828 1558 recipiebant,
868 1480 945 1536 ut
982 1466 1213 1535 divina
1254 1488 1496 1535 caussa
1533 1478 1795 1535 tantum
1838 1481 2315 1553 moverentur3
2368 1491 2448 1538 ex
2487 1470 2641 1537 e'us
2674 1469 2908 1558 episco-

387 1556 526 1647 pali
557 1568 735 1627 certe
762 1556 988 1636 dome,
1028 1568 1230 1642 atque
1265 1555 1657 1644 disciplina,
1700 1556 1905 1625 variis
1939 1557 2363 1645 temporibus
2395 1491 2626 1638 multi,
2671 1570 2912 1646 praeter

386 1667 500 1715 eos
537 1666 831 1731 quorum
885 1644 1140 1713 mentio
1178 1644 1321 1733 jam
1375 1645 1442 1712 in
1483 1644 1807 1713 historiae
1847 1646 2090 1715 seriem
2128 1645 2408 1727 incidit,
2466 1658 2815 1733 tamquam
2850 1646 2901 1712 in

386 1734 601 1803 aciem
652 1733 1027 1820 quamdam
1076 1732 1607 1802 ecclesiasticam
1650 1733 1982 1822 prodiere,
2024 1734 2401 1813 Praesules,
2461 1737 2904 1824 gravibusque

386 1822 542 1892 aliis
574 1822 914 1892 Ecclesiae
942 1822 1348 1891 muneribus
1380 1843 1459 1890 ac
1486 1821 2205 1893 administrationibus
2229 1822 2550 1911 praefecti
2579 1847 2593 1890 :
2627 1844 2901 1911 quorum

386 1911 504 1981 alii
545 1910 760 1991 aliud,
821 1910 1117 1999 plurima
1165 1910 1491 1990 universi,
1550 1909 2036 2000 praeclaraque
2087 1912 2153 1979 in
2205 1933 2652 1980 communem
2709 1912 2906 1981 Eccle-

387 2001 526 2072 siae
575 2022 778 2070 usum
831 2021 911 2068 ex
959 1998 1173 2067 Caroli
1226 1998 1456 2069 schola
1491 1999 1969 2080 contulerunt;
2024 2021 2446 2086 quamquam
2483 2022 2649 2069 suos
2691 2013 2757 2069 et
2791 2003 2910 2090 ipse

388 2089 626 2158 habuit
674 2088 1046 2179 degeneres
1094 2087 1435 2157 alumnos.
1475 2088 1734 2156 Vestitu
1768 2088 2091 2166 clericali,
2131 2089 2334 2161 etiam
2369 2090 2485 2174 qui
2524 2089 2766 2159 clerici
2797 2108 2908 2158 non

385 2190 633 2257 essent,
680 2179 807 2247 nisi
850 2179 1016 2246 ratio
1069 2177 1399 2258 munem,
1447 2197 1525 2244 eo
1562 2176 1906 2247 videretur
1936 2177 2246 2266 indigna,
2283 2199 2526 2247 omnes
2560 2179 2663 2247 uti
2698 2179 2906 2267 jussit:

384 2268 504 2354 qui
556 2289 688 2336 non
741 2279 1117 2345 uterentur,
1159 2266 1355 2353 nigra
1397 2279 1621 2333 tamen
1678 2265 2104 2347 indumenta,
2141 2287 2358 2352 eaque
2393 2266 2906 2343 modestissima,

387 2368 450 2425 et
498 2377 532 2424 a
580 2355 859 2446 profana
909 2354 1409 2424 consuetudine
1460 2366 1757 2434 remota,
1812 2375 2051 2425 omnes
2100 2354 2180 2423 ad
2238 2377 2452 2423 uuum
2507 2356 2910 2436 adhibuere,

391 2466 522 2513 non
561 2445 778 2513 serica
814 2443 1064 2521 solum,
1106 2442 1221 2512 sed
1260 2464 1511 2532 magna
1548 2464 1627 2511 ex
1661 2456 1848 2532 parte
1895 2444 2125 2524 etiam,
2170 2466 2349 2529 quae
2389 2447 2705 2534 proxime
2753 2465 2914 2514 acce·

386 2533 583 2613 dunt,
625 2534 710 2601 iis
749 2532 1087 2621 prohibita
1125 2530 1425 2601 fuerunt.
1465 2532 1863 2611 Nobiliores,
1917 2554 2092 2620 quos
2127 2532 2436 2602 addictos
2470 2534 2603 2603 sibi
2636 2533 2913 2603 famulos

388 2621 644 2690 habere
679 2620 1166 2700 conveniebat,
1215 2632 1557 2709 postremo
1593 2634 1915 2711 tempore,
1960 2643 2089 2691 non
2130 2620 2450 2704 famulOS,
2496 2622 2611 2690 sed
2653 2622 2913 2691 clericos

386 2709 525 2779 fere
557 2709 739 2798 apud
781 2731 850 2778 se
888 2709 1137 2778 babere
1164 2708 1419 2794 jussit;
1472 2710 1731 2794 quibus
1779 2710 2196 2778 inserviendi
2246 2731 2414 2779 cura
2446 2710 2539 2779 ita
2580 2711 2914 2781 incumbe·

391 2811 513 2877 ret,
555 2811 629 2867 ut
660 2797 861 2866 etiam
903 2796 1209 2867 litterarii
1249 2796 1483 2880 studii,
1525 2819 2020 2885 sacrarumque
2057 2799 2621 2868 exercitationum
2662 2812 2913 2888 tempus

389 2887 693 2955 daretur.
747 2887 871 2968 Qui
925 2885 1225 2955 familiae
1283 2887 1397 2956 toti
1470 2899 1859 2975 praeesset,
1921 2909 2082 2956 eum
2144 2888 2619 2977 presbyterum
2677 2888 2910 2978 elegit,

389 2995 609 3063 neque
653 2975 759 3043 vul
816 2974 915 3043 ari
968 2975 1267 3055 nomine,
1310 2974 1422 3045 sed
1480 2977 1944 3065 praepositum
1999 2975 2249 3046 domus
2297 2976 2694 3066 appellavit.
2739 2982 2915 3046 Oeco-

388 3085 672 3134 nomum
710 3087 745 3132 a
791 3064 1043 3154 junxit,
1081 3065 1196 3150 qui
1235 3064 1773 3152 possessionum,
1823 3064 2311 3152 fructuumque
2344 3066 2657 3134 omnium
2697 3083 2914 3135 curam

388 3165 673 3244 gereret.
728 3153 1068 3222 Vicarium
1123 3154 1330 3232 item,
1387 3153 1506 3238 qui
1555 3151 1743 3222 domi
1800 3153 2200 3240 quotidiana
2251 3154 2642 3241 quaedam,
2703 3155 2914 3224 minu·

387 3243 694 3330 tioraque
739 3245 1031 3310 curaret.
1090 3240 1584 3321 CubiculariOS,
1643 3263 1964 3331 magnam
2022 3255 2307 3331 partem,
2349 3242 2787 3332 presbyteros
2821 3243 2916 3311 ha·

388 3332 561 3411 buit,
616 3350 870 3418 eosque
919 3330 1056 3399 fere
1113 3330 1180 3397 in
1233 3330 1532 3400 doctoris
1588 3330 1810 3420 gradu
1861 3332 2139 3420 positOS,
2189 3333 2329 3400 sive
2361 3352 2744 3412 canonum,
2801 3331 2915 3400 sive

389 3420 815 3509 Theologiae;
875 3420 938 3487 in
994 3419 1078 3488 iis
1126 3419 1300 3488 duos
1347 3441 1494 3488 esse
1545 3419 1811 3489 studuit
1859 3420 2401 3509 spectatissimae
2450 3421 2650 3498 vitae,
2697 3419 2916 3508 quales

389 3509 630 3578 unicui
683 3530 768 3578 ue
817 3529 1167 3577 sacrorum
1221 3508 1513 3577 Antistiti
1562 3528 1709 3577 esse
1751 3507 2000 3578 debere
2049 3508 2339 3589 dicebat,
2394 3509 2747 3578 actionum
2789 3530 2917 3578 om·

389 3599 581 3667 nium
688 3598 946 3673 iurn0s‚
1002 3609 1514 3683 nocturnosque
1564 3608 1785 3666 testes.
1833 3598 2206 3667 Domestica
2245 3618 2532 3666 munera
2575 3598 2668 3666 ita
2705 3597 2914 3666 distri·

391 3687 563 3766 buit,
604 3698 680 3755 ut
711 3685 1197 3772 unusquisque
1233 3685 1428 3774 plura
1465 3687 1869 3763 sustineret,
1926 3706 2083 3754 nam
2121 3699 2186 3755 et
2216 3687 2403 3774 ipsos
2436 3686 2909 3756 cubicularios,

391 3774 490 3844 vel
539 3775 743 3844 certis
790 3772 1119 3843 ecclesiae
1160 3774 1751 3845 administrandae
1799 3773 2044 3844 officiis
2094 3774 2469 3864 praefectos
2516 3775 2786 3853 habuit,
2830 3769 2910 3838 vel

392 3864 547 3932 aliis
596 3863 808 3933 sacris
842 3865 1049 3933 rebus
1097 3875 1465 3952 occupatos
1496 3919 1510 3942 ‚
1567 3876 1641 3932 ut
1689 3862 1788 3931 eis
1833 3885 2040 3950 quam
2097 3864 2462 3932 minimum
2517 3865 2715 3933 vacui
2765 3877 2912 3931 tem·

391 3955 576 4042 poris
626 3953 1169 4039 relinqueretur:
1226 3973 1443 4038 neque
1492 3952 1743 4021 frustra
1795 3951 2037 4021 limina
2081 3952 2394 4032 terend0,
2449 3964 2726 4042 tempus
2770 3970 2912 4021 con·

390 4054 784 4122 sumerent;
837 4063 916 4110 ex
962 4062 1041 4110 eo
1081 4041 1307 4122 fiebat,
1360 4053 1436 4110 ut
1483 4040 1567 4109 ad
1621 4041 1818 4122 ostia,
1872 4040 2274 4110 cubiculave
2322 4040 2739 4120 assisterent,
2785 4051 2908 4107 tum

393 4127 557 4199 foris
604 4129 807 4199 etiam
844 4130 908 4198 ·ii
960 4141 1221 4199 tantum
1275 4129 1788 4210 comitarentur,
1831 4130 1951 4216 qui
1988 4130 2352 4200 necessarii
2386 4142 2604 4210 erant,
2643 4130 2697 4200 si
2731 4124 2910 4197 modo

388 4217 489 4286 vel
543 4218 676 4305 ipsi
723 4240 997 4306 quoque
1047 4218 1430 4287 necessitati
1468 4240 1671 4308 saepe
1719 4218 1979 4305 aliquid
2020 4239 2152 4287 non
2192 4218 2730 4292 subtraheretur,
2769 4232 2910 4284 suos

394 4327 526 4374 non
587 4306 742 4386 sibi,
806 4306 919 4374 sed
963 4306 1289 4376 ecclesiae
1338 4329 1503 4376 suae
1551 4306 1720 4377 velle
1769 4307 2038 4376 dicebat
2093 4308 2469 4377 inservire:
2525 4330 2603 4377 ac
2655 4328 2718 4374 re
2774 4321 2906 4371 vera

397 4415 596 4464 nemo
646 4407 811 4472 erat,
866 4394 964 4462 vel
1000 4394 1349 4476 ecclesiae,
1390 4394 1490 4464 vel
1524 4395 1898 4487 episcopali
1938 4418 2266 4487 personae
2306 4418 2440 4466 non
2475 4392 2899 4466 necessariusz
