2993 4837
523 312 650 376 396
1168 327 1246 372 ni:
1293 328 1349 373 s.
1403 326 1681 373 marino
1730 328 1828 373 ap,
1881 325 2235 377 runonssnffl
2628 307 2770 373 Not.
2821 311 2836 344 *'

433 435 510 480 ac
563 410 1073 480 misericordiae
1123 412 1391 479 Domini
1440 410 1829 499 intrepidus
1878 411 2316 500 exspectabat
2361 410 2717 480 adventum.
2778 423 2846 468 ·.

432 522 566 586 que
619 500 918 570 duarum
977 500 1115 568 fere
1176 500 1499 568 horarum
1560 500 1863 588 spatium
1927 501 2451 569 intercesserat:
2504 499 2655 567 vidit

432 604 620 658 ctum
702 588 1030 677 paulatim
1116 588 1445 656 membris
1523 588 1852 658 omnibus
1921 590 2384 670 commoveri,
2448 601 2512 656 et
2583 587 2844 657 laxatis

433 699 637 747 usum
702 676 977 745 videndi
1033 677 1365 766 palpitare
1424 676 1837 746 luminibus,
1900 684 2068 746 Tum
2136 698 2291 745 vero
2365 699 2607 765 magna
2662 676 2735 745 ad
2810 689 2816 716 '·

434 768 703 835 minum
759 787 916 834 voce
963 788 1368 845 conversus,
1438 768 1695 854 gratias
1744 788 2003 855 agens,
2065 765 2387 835 cellulam
2439 768 2719 834 clamore
2768 797 2802 827 ..ι

436 855 756 944 pleverat.
833 860 978 936 Quo
1047 854 1282 922 audito
1316 908 1331 929 .
1384 855 1506 940 qui
1579 877 1700 943 pro
1753 854 2019 925 foribus
2074 855 2523 935 adstiterant,
2577 855 2773 922 statim
2879 873 2882 878 ·

432 955 665 1013 ruunt.
728 944 969 1012 Mirum
1031 942 1555 1030 spectaculum!
1608 944 1791 1029 quod
1845 943 2166 1012 videbant
2215 944 2472 1024 vivere,
2527 965 2714 1030 quem
2771 973 2846 1000 w·

432 1048 626 1102 tuum
665 1032 1115 1118 reliquissent.
1160 1037 1257 1100 Ita
1299 1031 1606 1100 redditus
1641 1033 1837 1109 vitae,
1871 1033 2101 1101 statim
2143 1032 2485 1120 baptisma
2522 1053 2715 1101 conse
2787 1059 2848 1092 -÷.÷-

431 1121 665 1211 plures
719 1133 945 1208 postea
997 1120 1156 1189 vixit
1188 1141 1431 1188 annos.
1471 1120 1882 1208 Primusque
1927 1120 2115 1211 apud
2153 1142 2277 1191 nos
2325 1123 2596 1190 Martini
2636 1122 2750 1188 virt
2787 1147 2852 1179 22¹2
2968 1196 2969 1199 Ἴ

431 1210 530 1278 vel
593 1209 899 1286 materia.
955 1208 1053 1277 vel
1120 1208 1583 1278 testimonium
1620 1208 1772 1278 fuit.
1813 1209 2001 1279 Idem
2056 1223 2279 1278 tamen
2335 1210 2584 1279 referre
2629 1222 2760 1277 erat
2860 1204 2876 1221 ''

430 1312 563 1378 tuS,
605 1320 677 1367 se
710 1319 993 1385 corpore
1039 1311 1347 1378 exutum,
1387 1296 1470 1366 ad
1527 1298 1828 1368 tribunal
1868 1297 2130 1399 judicis
2165 1298 2480 1379 ductum,
2531 1299 2816 1387 deputa·

430 1409 564 1473 que
595 1388 909 1456 obscuris
944 1386 1111 1454 locis
1148 1399 1213 1455 et
1264 1386 1664 1477 vulgaribus
1713 1387 1959 1466 turbis,
2016 1387 2274 1456 tristem
2311 1389 2658 1476 excepisse
2689 1408 2793 1455 sen
2829 1415 2868 1448 ·.÷.

430 1477 621 1544 tiam.
660 1481 851 1544 Tunc
901 1496 1020 1565 per
1051 1475 1227 1544 duos
1258 1475 1545 1565 Angelos
1574 1475 1798 1563 judici
1847 1475 2061 1544 fuisse
2095 1490 2522 1566 suggestum,
2563 1476 2742 1545 hunc
2785 1489 2890 1562 ²⁸³3
2964 1505 2967 1524 ·

434 1587 555 1653 pro
589 1586 725 1650 quo
759 1564 1091 1633 Martinus
1122 1577 1364 1632 oraret.
1401 1569 1495 1632 Ita
1526 1586 1643 1651 per
1667 1564 1943 1634 eosdem
1975 1564 2266 1655 Angelos
2295 1566 2669 1652 sejussum
2700 1562 2801 1632 red
2841 1593 2870 1622 1-
2964 1605 2968 1668 1

429 1668 493 1722 et
530 1653 814 1722 Martino
851 1651 1217 1731 redditum,
1259 1653 1569 1739 vitaeque
1620 1654 1949 1740 pristinae
1997 1654 2410 1723 restitutum.
2450 1654 2546 1722 Ab
2584 1657 2708 1721 boc

434 1756 738 1831 ternpore
788 1740 963 1810 beati
1017 1740 1138 1809 viri
1193 1762 1437 1810 nomen
1489 1742 1758 1823 enituit,
1798 1753 1876 1811 ut
1919 1742 2041 1828 qui
2090 1755 2370 1811 sanctus
2412 1743 2561 1830 jam
2612 1742 2697 1811 ab
2798 1753 2892 1800 ··=··‘
2965 1727 2968 1764 ²

434 1832 643 1900 nibus
675 1830 1075 1907 habebatur,
1119 1844 1356 1918 potens
1385 1830 1615 1909 etiam,
1654 1843 1719 1899 et
1751 1852 1903 1900 vere
1936 1830 2362 1918 Apostolicus
2394 1831 2853 1900 haberetur....

520 1924 556 2005 ξ
603 1925 697 1990 8.
744 1919 884 1988 Sub
931 1917 1111 1987 idem
1152 1918 1288 1986 fere
1329 1934 1600 2007 tempus
1639 1919 1723 1988 ad
1778 1920 2261 2009 Episcopatum
2304 1922 2687 1989 Turonicae
2718 1922 2751 1952 ⁴*
2794 1946 2890 1978 w·-

436 2007 638 2077 batur
686 2007 1046 2076 Ecclesiae.
1108 2007 1232 2075 Sed
1283 2029 1442 2075 cum
1492 2009 1641 2076 erui
1690 2030 1729 2076 a
1773 2009 2183 2078 monasterio
2222 2030 2348 2077 suo
2398 2030 2533 2077 non
2586 2007 2785 2077 facile
2821 2029 2884 2068 ιι·-

437 2111 559 2176 set,
609 2097 929 2166 Ruricius
968 2096 1249 2183 quidam
1300 2118 1486 2166 unus
1533 2118 1570 2164 e
1618 2097 1908 2176 civibus,
1952 2098 2181 2165 uxoris
2232 2097 2567 2185 languore
2622 2092 2914 2165 simul'

435 2185 518 2254 ad
558 2206 780 2275 genua
831 2184 1023 2255 illius
1067 2184 1487 2273 provolutus
1529 2199 1605 2254 ut
1635 2185 2095 2276 egrederetur,
2129 2186 2446 2254 obtinuit.
2487 2192 2587 2255 Ita
2620 2182 2918 2274 dispas*

428 2275 572 2362 jam
629 2274 694 2342 in
747 2274 988 2342 itinere
1037 2274 1288 2342 civium
1330 2273 1573 2353 turbiS,
1614 2276 1743 2343 sub
1790 2274 2090 2360 quadam
2127 2275 2439 2343 custodia
2488 2275 2573 2343 ad
2633 2275 2823 2343 civita
2858 2295 2928 2334 π-

431 2385 651 2449 usque
690 2362 1077 2433 deducitur.
1136 2362 1380 2431 Mirum
1445 2363 1513 2431 in
1584 2363 1864 2432 modum
1926 2363 2351 2433 incredibilis
2406 2363 2776 2433 multitudo
2841 2388 2932 2421 w-

434 2452 656 2521 solum
700 2474 781 2521 ex
830 2450 945 2521 illo
978 2452 1256 2540 oppido,
1302 2452 1415 2519 sed
1473 2451 1676 2520 etiam
1737 2474 1818 2521 ex
1859 2453 2104 2521 vicinis
2161 2454 2454 2522 urbibus
2504 2454 2589 2520 ad
2645 2449 2930 2533 suffra)

433 2540 714 2609 ferenda
747 2553 1174 2609 convenerat.
1220 2544 1361 2609 Una
1389 2541 1699 2608 omnium
1741 2539 2076 2620 voluntas,
2115 2541 2350 2609 eadem
2390 2555 2566 2621 vota,
2597 2543 2930 2625 eademqr·

436 2630 1179 2708 sententia‚Martinuin
1217 2630 1628 2716 Episcopatu
1660 2650 1809 2697 esse
1833 2628 2353 2719 dignissimum:
2379 2629 2647 2698 felicem
2681 2632 2815 2700 fore
2844 2641 2924 2695 ιι

436 2717 805 2786 Ecclesiam
849 2716 1218 2786 sacerdote.
1275 2718 1477 2785 Pauci
1531 2730 1781 2797 tamen,
1820 2732 1886 2787 et
1923 2717 2236 2787 nonnulli
2296 2740 2374 2786 ex
2424 2719 2807 2808 Episcopis.

437 2806 521 2874 ad
574 2806 1127 2874 constituendum
1182 2806 1552 2875 antistitem
1589 2805 1859 2875 fuerant
1887 2808 2167 2886 evocati,
2215 2807 2423 2896 impie
2464 2808 2925 2896 repugnabant.

436 2894 738 2962 dicentes
793 2893 1075 2973 scilicet,
1129 2895 1716 2984 contemptibilem
1771 2917 1919 2964 esse
1973 2916 2359 2984 personam,
2409 2896 2781 2986 indignum
2824 2909 2929 2962 es&

437 2984 848 3071 Episcopatu
899 2982 1247 3052 hominem
1298 2982 1789 3073 despicabilem
1825 3038 1841 3063 ‚
1895 2998 2074 3052 veste
2147 2983 2507 3054 sordidum
2545 3040 2561 3062 ‚
2611 2986 2802 3054 crine
2848 2981 2937 3049 de·-

436 3071 748 3141 formem.
805 3077 903 3140 Ita
972 3094 1013 3140 a
1081 3071 1334 3160 populo
1401 3073 1778 3141 sententiae
1836 3073 2130 3141 sanioris
2202 3072 2366 3141 haec
2430 3072 2712 3142 illorum
2779 3072 2938 3140 iri-i

435 3161 779 3229 dementia
808 3173 930 3240 est,
966 3160 1086 3248 qui
1124 3160 1459 3230 illustrem
1513 3162 1762 3240 virum,
1797 3160 1966 3229 dum
1999 3162 2383 3250 vituperare
2415 3164 2739 3250 cupiunt,
2782 3177 2933 3250 prae·

436 3249 781 3319 dicabant.
837 3254 968 3318 Nec
1025 3271 1178 3317 vero
1227 3248 1414 3317 aliud
1478 3249 1586 3319 bis
1639 3249 1859 3318 facere
1910 3249 2126 3329 licuit,
2173 3272 2380 3336 quarn
2442 3251 2627 3336 quod
2723 3248 2929 3338 opulus

435 3340 722 3407 Domino
770 3337 1032 3407 volente
1078 3339 1364 3426 cogebat
1393 3338 1485 3406 *ἦ
1529 3343 1712 3407 Inter
1753 3339 2123 3428 Episcopus
2164 3353 2387 3407 tamen
2421 3340 2540 3425 qui
2579 3339 2663 3408 ad
2702 3345 2927 3432 nerant.

437 3430 804 3516 praecipue
851 3425 1172 3495 Defensor
1201 3425 1484 3513 quidam
1525 3427 1825 3506 nomine,
1864 3427 2119 3496 dicitur
2168 3427 2517 3496 restitisse.
2580 3429 2774 3497 Unde
2822 3442 2931 3492 ani·

439 3518 871 3585 madversum
909 3528 1033 3592 est,
1073 3515 1368 3604 graviter
1401 3515 1596 3583 illum
1636 3515 1920 3585 lectione
1970 3517 2367 3604 Prophetica
2418 3529 2585 3586 tunc
2637 3530 2926 3586 notatum·

436 3610 599 3674 Nam
652 3627 810 3673 cum
848 3605 1123 3673 fortuito
1173 3603 1403 3683 lector,
1443 3605 1553 3673 cui
1609 3602 1877 3692 legendi
1919 3626 1997 3672 eo
2037 3604 2147 3672 die
2198 3604 2505 3673 officium
2552 3619 2721 3674 erat.
2771 3607 2929 3672 inter·

435 3693 677 3762 clusus
732 3716 769 3761 a
823 3692 1075 3782 populo
1132 3692 1484 3772 defuisset,
1534 3693 1822 3762 turbatis
1878 3693 2238 3774 ministri5‚
2291 3694 2458 3762 dum
2518 3705 2927 3795 exspectaturv

435 3784 553 3868 qni
600 3805 730 3850 non
782 3782 1038 3860 aderat,
1077 3804 1263 3850 unus
1305 3804 1342 3850 e
1374 3781 2015 3857 circumstantibus.
2070 3795 2347 3870 sumpto
2382 3782 2728 3871 psalterio,
2764 3795 2926 3866 quem

438 3872 741 3960 primum
788 3892 1055 3939 versum
1095 3870 1377 3952 invenit,
1409 3871 1726 3957 arripuit.
1768 3870 2084 3939 Psalmus
2117 3884 2343 3940 autem
2384 3871 2494 3940 hic
2525 3886 2692 3940 erat:
2732 3876 2826 3940 Em
2848 3883 2927 3932 ore

437 3963 804 4048 infantium
853 3970 915 4028 et
965 3961 1358 4028 lactentium
1412 3961 1760 4049 perfecisti
1812 3961 2083 4028 laude-m
2183 3971 2408 4050 repter
2453 3963 2751 4029 inimicos
2790 3969 2919 4024 tuos,

435 4061 511 4116 ut
560 4050 866 4117 destruas
915 4049 1261 4116 inimicum
1316 4059 1379 4117 et
1432 4049 1840 4136 defensorem
1897 4048 2035 4136 (Ps.
2096 4055 2135 4117 8
2174 4103 2188 4116 .
2244 4054 2388 4131 Quo
2455 4047 2664 4126 lecto,
2712 4047 2925 4115 clamor

439 4136 679 4225 populi
730 4137 1011 4216 tollitur,
1055 4158 1212 4225 pars
1252 4137 1536 4204 adversa
1572 4136 2046 4206 confunditur.
2100 4144 2313 4223 Atque
2363 4138 2455 4205 ita
2498 4137 2794 4206 habitum
2825 4140 2917 4223 esl-

437 4225 670 4293 divino
725 4239 894 4294 nutu
960 4225 1301 4313 psalmum
1345 4225 1530 4294 bunc
1580 4224 1829 4294 lectum
1868 4224 2103 4305 fuisse,
2138 4239 2214 4294 ut
2251 4228 2707 4295 testimonium
2738 4233 2919 4311 opertS

495 4386 519 4408 ⁸*
551 4386 579 4419 S
613 4382 620 4390 ⁹
664 4394 686 4418 c
827 4399 838 4418 v
885 4412 892 4421 .

495 4440 546 4462 *⁹
578 4384 1136 4488 ἑΙΙὲΙΞῙ-ιῖιξιιιζέριεοορυε
1155 4439 1337 4478 clectus
1357 4440 1448 4478 suit
1468 4449 1606 4484 anno,
1628 4444 1678 4480 ut
1701 4442 1992 4489 probabilius
2013 4441 2214 4484 videtur,
2234 4443 2328 4480 371.
