2993 4837
503 335 626 397 694
1135 351 1211 394 nn
1261 350 1316 395 s.
1369 348 1611 395 mxumo
1662 347 1998 395 nummum
2049 348 2245 396 EPtSc.
2614 330 2758 393 Not
2793 332 2849 395 ’Ξῖ

414 436 812 523 EpiscopuS,
872 433 1165 520 projecto
1202 433 1468 514 baculu,
1524 435 1765 503 erectis
1814 456 2090 503 sursum
2160 434 2475 502 manibus
2521 447 2652 500 orat
2696 435 2859 500 Domi-

414 547 606 599 num,
650 545 800 591 mox
849 522 1027 589 efflat
1063 523 1127 589 in
1188 544 1454 600 canem,
1514 524 1706 608 isque
1748 523 1878 590 vita
1929 523 2344 591 destituitur.
2400 527 2533 592 Non
2597 543 2736 590 sane
2779 521 2858 588 ad·

414 611 807 680 mirandum
853 611 1138 690 videtur,
1210 611 1484 680 beatum
1549 614 2001 701 Episcopum,
2055 612 2223 679 dum
2289 612 2422 681 sibi
2496 609 2864 680 commissum

412 701 603 790 cupit
650 699 822 769 tueri
856 721 1154 789 gregem,
1199 700 1347 789 ejus
1396 698 1656 768 hostem
1702 700 1842 768 ictu
1877 699 2182 768 lethifero
2247 700 2652 788 perdidisse:
2709 721 2866 785 neque

414 789 478 857 id
532 787 782 878 gladio,
828 801 947 857 aut
994 801 1257 856 armata
1325 811 1557 868 manu,
1614 789 1727 856 sed
1782 789 1946 857 flatu
1998 791 2135 858 oris
2194 790 2328 858 sui.
2386 795 2582 856 Porro
2629 788 2867 856 vulnera.

411 899 586 962 quae
620 878 812 945 canis
844 877 959 945 ille
993 876 1314 945 dentibus
1345 878 1489 944 suis
1527 878 1862 945 inflixerat
1900 877 2132 946 multis
2173 900 2209 945 e
2263 877 2478 966 plebe,
2521 878 2800 966 precibus
2833 893 2874 940 et

410 967 644 1035 Crucis
676 967 872 1055 signo
908 966 1074 1034 adeo
1125 965 1387 1034 curavit
1424 968 1660 1034 beatus
1711 967 2109 1055 Episcopus,
2178 981 2249 1035 ut
2307 966 2500 1035 nulla
2547 988 2758 1034 eorum
2801 987 2874 1031 ve·

412 1056 610 1144 stigia
662 1057 1098 1143 apparerent.

495 1147 530 1230 ξ
580 1148 735 1215 1⁰.
777 1149 900 1212 Bos
940 1142 1252 1232 petulans
1300 1164 1517 1211 cornu
1560 1142 1908 1211 hominem
1965 1141 2211 1212 misere
2262 1143 2614 1220 lacerarat,
2651 1143 2781 1230 ejus
2816 1141 2876 1209 ef-

408 1232 582 1301 fusis
632 1233 994 1301 intestinis.
1051 1237 1194 1300 Mox
1241 1230 1437 1300 illum
1490 1231 1849 1300 adducunt
1900 1232 2183 1318 quidam
2249 1232 2336 1300 ad
2387 1234 2797 1322 Episcopum.
2839 1235 2876 1297 1<

410 1321 676 1389 tametsi
749 1323 815 1388 in
867 1321 1135 1390 cunctis
1187 1319 1543 1388 miraculis
1596 1321 1875 1389 timebat
1907 1322 2063 1400 sibi,
2108 1343 2190 1389 ne
2221 1323 2438 1390 animi
2473 1322 2748 1390 elatione
2779 1318 2876 1404 pul-

410 1422 698 1489 saretur,
738 1423 804 1479 at
855 1421 1075 1477 tamen
1131 1421 1264 1476 tam
1311 1409 1485 1477 male
1535 1410 1845 1477 saucium
1887 1410 2238 1479 hominem
2270 1410 2642 1479 clementer
2669 1409 2873 1496 excipit.

408 1497 652 1567 calidis
700 1497 1017 1566 fomentis
1067 1511 1215 1566 exta
1255 1497 1404 1584 ejus
1456 1498 1780 1568 manibus
1831 1500 2416 1585 suispertractata
2472 1498 2784 1572 confovet,
2813 1518 2877 1562 re-

412 1586 603 1673 ponit
655 1586 719 1652 in
776 1586 999 1656 locum
1044 1608 1246 1654 suum
1303 1608 1420 1674 per
1456 1587 1708 1655 vulnus
1741 1611 1780 1654 a
1816 1588 1979 1655 bove
2015 1588 2383 1669 inflictum,
2429 1589 2656 1677 ipsum
2693 1585 2878 1654 vulnus

409 1675 717 1744 adhibita
782 1676 1071 1765 spongia
1131 1675 1371 1743 leniter
1418 1674 1699 1762 obligat,
1762 1677 1936 1745 serio
1989 1676 2323 1755 bortatur,
2367 1699 2452 1744 ne
2485 1679 2643 1763 quis
2680 1687 2876 1764 praeter

409 1764 663 1851 ipsum,
707 1763 874 1833 illud
928 1764 1183 1832 solvere
1224 1786 1437 1832 ausus
1486 1765 1594 1832 sit.
1652 1764 1816 1833 Inde
1866 1767 2156 1852 septimo
2204 1765 2315 1833 die
2370 1765 2697 1854 ligamina
2746 1763 2879 1831 aufe-

415 1873 590 1932 rens,
631 1865 763 1921 tarn
819 1874 1064 1921 sanum
1103 1853 1349 1940 reperit
1387 1853 1760 1932 hominem,
1804 1867 1875 1923 ut
1916 1854 2020 1921 vix
2071 1853 2292 1922 ullum
2333 1855 2640 1923 vulneris
2670 1854 2878 1940 signum

409 1940 723 2009 relictum
776 1940 1139 2010 videretur.
1198 1946 1490 2010 Teneros
1552 1942 1860 2029 corporis
1909 1943 2021 2024 ,sui
2073 1956 2266 2012 artus
2317 1943 2420 2011 vir
2468 1943 2880 2012 sanctissimus

410 2044 735 2118 perpetua
769 2028 975 2098 cilicii
1012 2030 1374 2117 asperitate
1423 2030 1770 2104 domabat,
1816 2052 1951 2117 quo
2004 2053 2124 2119 pro
2161 2032 2470 2099 interiori
2527 2033 2748 2101 tunica
2790 2043 2883 2095 utiL

412 2123 634 2198 batur,
685 2140 806 2187 nec
858 2119 921 2186 id
976 2119 1202 2187 crucis
1251 2119 1477 2188 studio
1529 2140 1835 2205 unquam
1890 2119 2230 2208 deposuit,
2272 2120 2388 2188 sed
2444 2121 2513 2188 in
2572 2122 2688 2189 illo
2737 2120 2882 2186 etiam

410 2208 713 2296 sejussit
746 2206 1041 2295 sepeliri.
1084 2209 1396 2275 Lavacris
1435 2209 1535 2274 uti
1570 2229 1926 2293 nunquam
1980 2208 2215 2288 voluit,
2261 2230 2341 2276 ne
2375 2210 2588 2276 animi
2631 2221 2882 2277 constan·

408 2296 522 2376 tia,
583 2317 743 2382 qua,
804 2296 1081 2365 calcatis
1130 2297 1359 2364 carnis
1408 2296 1926 2365 oblectamentis
1973 2310 2036 2364 et
2096 2297 2479 2371 illecebris,
2540 2296 2880 2386 martyrium

408 2384 810 2465 sustinebat,
850 2383 1336 2454 emollesceret.
1382 2388 1634 2453 Caecus
1684 2384 1965 2472 quidam
2018 2387 2222 2455 annis
2271 2387 2674 2473 quindecim
2710 2401 2879 2475 perpe-

409 2486 523 2542 tua
570 2474 940 2544 damnatus
989 2474 1329 2561 caligine,
1384 2475 1603 2542 virum
1657 2475 2170 2544 sanctissimum
2222 2477 2659 2544 continenter
2704 2476 2878 2560 depre-

405 2564 712 2639 cabatur,
768 2577 840 2631 ut
889 2564 1034 2631 suis
1085 2563 1401 2652 precibus
1452 2564 1684 2631 lumen
1739 2564 1868 2652 ipsi
1922 2562 2344 2632 reformaret.
2410 2565 2538 2633 Sed
2613 2567 2880 2652 Episcopo

357 2681 369 2693 ·
406 2650 533 2720 hoc
559 2651 644 2720 ob
673 2652 1017 2719 vitandam
1056 2652 1574 2720 ostentationem
1604 2651 1980 2731 differente,
2017 2654 2375 2723 Rusticum
2410 2654 2876 2722 subdiaconum.

404 2740 521 2825 qui
572 2741 632 2809 ei
681 2741 933 2809 servire
979 2753 1446 2821 consueverat,
1486 2762 1735 2808 caecus
1769 2741 2050 2829 rogavit,
2098 2755 2172 2810 ut
2208 2755 2418 2810 noctu
2463 2744 2777 2831 Episcopo
2814 2757 2881 2803 ec·

405 2828 649 2898 clesias
700 2829 1036 2910 visitante,
1073 2830 1304 2917 ipsum
1364 2829 1764 2918 perduceret
1812 2830 1894 2897 ad
1963 2830 2200 2918 templi
2264 2831 2704 2909 vestibulum,
2758 2824 2880 2894 unde

405 2916 521 2983 ille
567 2930 742 2986 esset
802 2940 1228 3005 egressurus.
1293 2918 1471 2986 Fecit
1520 2916 1583 2984 id
1647 2918 2158 2997 subdiaconus,
2213 2931 2277 2986 et
2330 2920 2430 2986 vir
2492 2921 2719 2988 beatus
2764 2919 2874 2982 dum

406 3004 548 3073 vult
599 3006 921 3074 excedere
969 3029 1005 3074 e
1063 3006 1355 3093 temp10,
1422 3007 1487 3074 in
1540 3028 1820 3075 caecum
1887 3006 2175 3093 pedibus
2221 3007 2518 3076 molliter
2573 3005 2876 3096 impingit·

403 3115 649 3163 caecus
696 3096 844 3182 ejus
903 3095 1290 3163 veneranda
1339 3095 1621 3183 vestigia
1672 3095 1961 3184 supplex
2011 3096 2476 3185 amplectitur,
2531 3111 2671 3165 orat
2712 3095 2874 3161 visun

407 3182 538 3251 sibi
594 3197 666 3252 ut
725 3184 1054 3253 restituat.
1109 3188 1343 3271 Itaque
1402 3186 1784 3272 Episcopus
1833 3184 2123 3252 fidenter
2177 3186 2492 3253 obsecrat
2555 3185 2874 3253 Dominum.

405 3272 638 3363 Crucis
678 3273 955 3361 signum
994 3273 1331 3361 imprimit
1378 3273 1599 3341 oculis
1638 3274 1811 3359 ejus,
1866 3288 1930 3340 et
1971 3273 2094 3342 diu
2144 3272 2442 3354 extincta
2491 3274 2746 3342 lumina
2776 3285 2878 3336 mol

406 3376 832 3449 reparantur.
858 3360 1222 3431 Osculatur
1242 3361 1593 3429 hominem
1619 3363 2020 3448 Episcopus,
2045 3362 2446 3435 obtestatur.
2480 3377 2552 3430 ut
2587 3384 2714 3432 rem
2747 3351 2873 3445 apud

407 3471 475 3517 se
526 3451 798 3518 tacitam
851 3449 1119 3529 habeat,
1164 3449 1347 3536 quod
1390 3461 1616 3518 tamen
1666 3449 1780 3518 ille
1819 3473 1978 3538 prae
2029 3452 2366 3519 immensa
2417 3452 2634 3519 animi
2679 3446 2874 3540 exulta·

408 3539 587 3606 tione
637 3552 980 3627 praestare
1014 3560 1144 3606 non
1188 3539 1438 3627 potuit:
1493 3560 1917 3625 quamquam
1965 3540 2233 3607 etiamsi
2276 3541 2501 3608 celare
2544 3539 2656 3607 ille
2694 3535 2872 3603 voluis-

405 3640 524 3705 set,
557 3627 737 3713 quod
777 3640 1033 3696 secreto
1068 3628 1321 3695 factum
1359 3641 1525 3705 erat,
1566 3649 1698 3694 non
1738 3628 1955 3716 potuit
1991 3642 2213 3696 tamen
2258 3651 2536 3697 manere
2570 3626 2868 3697 occultum.

403 3716 582 3800 quod
643 3714 864 3803 palam
915 3717 1226 3784 omnium
1280 3716 1501 3783 oculis
1552 3717 1980 3784 cernebatur.

492 3807 526 3890 ξ
575 3810 705 3876 n.
762 3810 1135 3874 Innumera
1176 3818 1338 3874 sunt
1390 3804 1765 3873 beatissimi
1817 3804 2146 3874 antistitis
2197 3806 2558 3883 miracula.
2617 3825 2722 3871 nec
2769 3817 2872 3893 pe<-

407 3906 567 3961 sunt
613 3896 846 3961 omnia
917 3894 1490 3972 commemorari,
1546 3892 1991 3978 quantumvis
2070 3893 2328 3982 prolixa
2388 3908 2643 3962 texatur
2694 3900 2866 3957 Oralw.

409 3980 836 4050 Facillimum
881 3983 938 4050 ei
973 3998 1115 4050 erat
1164 3981 1562 4049 illuminare
1596 4003 1855 4060 caecOS,
1895 4003 2138 4063 sanare
2169 3981 2482 4061 claudos,
2517 3983 2642 4050 vita
2671 3980 2869 4046 {unctos

404 4071 721 4138 excitare.
760 4072 1060 4156 Denique
1113 4070 1283 4138 nibil
1338 4092 1470 4138 non
1516 4069 1782 4137 efficere
1816 4083 2097 4159 poterat,
2144 4072 2264 4156 qui
2318 4073 2494 4139 intra
2541 4093 2608 4139 se
2655 4080 2865 4134 manen·

407 4172 537 4226 tem
594 4158 884 4228 habebat
934 4159 1264 4248 Spiritum
1320 4165 1673 4228 Sanctum.
1729 4165 1992 4228 Interea
2041 4173 2296 4241 autem,
2358 4160 2524 4228 dum
2587 4171 2668 4227 tot
2714 4152 2862 4219 claret

407 4248 762 4316 miraculis
810 4261 873 4317 et
926 4249 1285 4317 immensis
1324 4247 1690 4336 mysteriiS,
1731 4247 1913 4315 diem
1967 4247 2198 4316 obitus
2253 4250 2359 4317 sui
2419 4249 2636 4316 divina
2679 4235 2865 4337 rmjeta-

407 4336 589 4401 tione
618 4337 991 4422 cognoscit.
1033 4342 1202 4405 Turn
1247 4358 1399 4405 vero
1437 4335 1710 4425 publice
1763 4358 2036 4405 summa
2081 4337 2470 4405 humilitate
2512 4336 2591 4405 ab
2616 4327 2864 4401 omnibus

409 4423 782 4503 contendit,
824 4437 898 4493 ut
948 4425 1080 4514 ipsi
1123 4426 1593 4514 permitterent
1641 4425 1834 4515 prius
1887 4423 2108 4493 natale
2160 4425 2382 4495 solum
2419 4440 2481 4496 et
2527 4421 2862 4515 propirtquOS
