2993 4837
504 269 631 332 378
1264 283 1342 329 DE
1392 284 1446 331 s.
1503 283 1752 329 Annam
1801 282 2105 329 Avernum
2635 263 2787 329 Not.
2830 262 2889 327 lo
2984 270 2985 313 3

416 392 712 461 magnus
744 367 1096 438 fructuum
1136 379 1504 456 proventus
1537 379 1889 457 appareat,
1932 380 2245 454 recteque
2280 367 2586 438 instituta
2629 367 2897 435 Cliristia·
2980 396 2985 407 Ἀ

417 480 659 528 norum
700 457 856 538 vita,
915 471 1262 543 tamquam
1306 457 1374 525 in
1410 457 1657 547 pingui
1697 469 1901 544 atque
1940 455 2271 547 frugifero
2321 455 2487 537 solo,
2536 454 2896 545 praeclaram
2984 488 2985 523 Ξ

413 559 477 617 et
524 545 1001 616 admirabilem
1037 544 1118 613 ad
1163 545 1370 614 finem
1422 567 1640 632 usque
1672 558 1970 634 segetem
2006 545 2199 626 ferat,
2245 546 2433 615 unde
2484 544 2679 614 nobis
2710 565 2897 633 prove·
2983 608 2985 613 Α

414 637 555 706 niat
605 635 871 704 fructus
921 647 1234 703 aeternae
1288 634 1462 702 vitae
1517 636 1582 702 in
1639 634 1903 704 Christo
1948 640 2114 703 Jesu
2173 635 2458 703 Domino
2514 643 2760 711 nostro,
2815 633 2897 701 cui
2984 676 2985 681 κ

412 747 569 795 cum
605 729 797 793 Patre
845 736 909 793 et
949 724 1208 812 Spiritu
1258 728 1503 792 Sancto
1552 722 1794 812 gloria,
1837 724 2056 792 honor
2091 734 2155 791 et
2197 724 2566 811 imperium
2610 723 2676 790 in
2724 719 2901 790 secula
2983 750 2986 765 ·

414 812 830 884 seculorum.
870 818 1103 881 Amen.

1091 1125 1174 1225 S.
1251 1121 1731 1225 ANDREAE
1801 1124 2277 1224 AVELLlNl

897 1346 1724 1414 CONGREGATIONIS
1756 1292 2482 1411 ‘THEATINORUM

1567 1538 1814 1615 VITA

414 1775 492 1821 Ex
541 1774 738 1820 Βυιω.
784 1771 1332 1827 canonizationis,
1372 1746 1413 1817 A
1461 1760 1781 1819 cmm-mre
1830 1772 1919 1829 xi,
1976 1771 2147 1818 ANNO
2195 1771 2470 1825 nocent,
2523 1768 2911 1817 peonnam,
2984 1734 2985 1757 ³

881 1952 1101 2006 Natus
1131 1964 1308 2005 anno
1337 1951 1507 2014 1521,
1542 1949 1715 2005 obiit
1743 1964 1920 2005 anno
1951 1951 2117 2004 1608
2147 1977 2212 1987 -
2249 1949 2490 2004 Italus

505 2147 903 2211 Paoosmtm.
951 2146 1312 2227 Nunquam
1359 2139 1682 2229 profecto,
1716 2139 1950 2209 divina
1984 2139 2248 2208 favente
2296 2140 2627 2222 bonitate,
2661 2139 2913 2226 contigit

415 2231 723 2300 excitatis
772 2230 857 2299 ab
909 2229 1332 2320 implacabili
1386 2229 1673 2298 humani
1727 2229 1999 2319 generis
2048 2228 2239 2297 hoste
2291 2228 2617 2318 procellis
2674 2229 2917 2382 dirisque

419 2320 938 2409 tempestatibus
977 2373 991 2399 ‚
1048 2319 1136 2387 ita
1200 2339 1385 2386 mare
1444 2332 1823 2386 tumescere
1871 2340 1948 2386 ac
2006 2317 2417 2398 infremere,
2477 2332 2557 2386 ut
2622 2315 2917 2407 apostoici

417 2408 782 2478 Piscatoris
821 2406 1092 2497 cymba,
1154 2407 1222 2476 in
1266 2405 1479 2477 altum
1525 2406 1816 2494 jactata,
1873 2406 1972 2475 vel
2034 2406 2337 2495 scopulis
2389 2407 2645 2477 misere
2694 2404 2915 2477 allidat.
2984 2429 2985 2482 3

419 2497 518 2566 vel
558 2498 623 2565 in
659 2496 1077 2586 profundum
1109 2495 1452 2584 naufragii
1484 2495 1947 2586 demergatur;
1982 2496 2319 2581 quinimo,
2353 2497 2581 2585 magis
2625 2497 2919 2585 magisque
2983 2525 2986 2570 l

419 2586 879 2654 saevientibus
911 2586 1263 2662 fluctibus,
1317 2607 1396 2653 ac
1429 2586 1792 2673 ingruente
1824 2584 2170 2671 aquilonis
2202 2584 2498 2662 turbine,
2542 2586 2794 2654 exoriri
2830 2597 2919 2650 non
2983 2617 2985 2660 ι

419 2696 573 2742 raro
622 2674 790 2742 solet
836 2675 1138 2743 amicum
1193 2672 1397 2752 fidus,
1453 2695 1715 2759 suoque
1766 2673 2029 2742 lumine
2076 2673 2316 2742 offusis
2364 2673 2827 2760 undequaque
2858 2684 2919 2737 te-
2983 2697 2985 2752 4

422 2763 655 2831 nebris
680 2761 1056 2851 dissipatis,
1091 2775 1311 2831 tutum
1350 2762 1472 2831 iter
1505 2761 1998 2851 placidumque
2022 2784 2231 2851 super
2262 2761 2568 2831 instabili
2602 2763 2919 2852 elemento,-

419 2851 874 2938 despumante
934 2850 1199 2920 furores
1255 2873 1443 2930 suos,
1523 2851 1788 2940 aperire
1850 2873 1930 2919 ac
1978 2852 2298 2919 sternere.
2353 2854 2495 2919 Hac
2556 2873 2727 2920 sane
2783 2850 2921 2916 ducti

421 2938 714 3020 fiducia,
767 2960 974 3026 quam
1030 2940 1227 3009 nobis
1273 2939 1508 3008 divina
1570 2938 1849 3008 oracula
1899 2938 2240 3016 fecerunt,
2298 2951 2391 3007 tot
2438 2937 2852 3008 calamitates
2884 2943 2925 2999 et

420 3028 665 3097 acerba
716 3028 1019 3108 vulnera,
1074 3028 1490 3097 christianae
1524 3027 1946 3118 reipublicae
1992 3027 2423 3098 difficillimis
2472 3027 2668 3097 hisce
2717 3042 2921 3110 tempo·

421 3117 616 3187 ribus
664 3116 876 3198 illata,
931 3118 1140 3186 alacri
1187 3129 1549 3203 erectoque
1601 3118 1833 3186 animo
1887 3116 2298 3196 ferebamuS,
2353 3131 2713 3205 sperantes
2758 3138 2795 3184 a
2838 3117 2923 3180 Deo

421 3206 1053 3275 misericordiarum
1091 3207 1437 3292 totiusque
1469 3205 1959 3275 consolationis
2007 3219 2082 3275 ut
2123 3205 2490 3274 Ecclesiam
2535 3227 2736 3274 suam
2770 3217 2925 3290 spon·

418 3317 567 3365 sam
621 3295 942 3365 intactam
981 3307 1045 3363 et
1084 3294 1600 3363 immaculatam
1657 3294 1998 3385 praesenti
2046 3294 2300 3363 auxilio
2335 3294 2558 3364 fovere
2592 3316 2675 3363 ac
2713 3293 2923 3379 erigere

419 3383 860 3474 dignaretur,
915 3382 1086 3451 illud
1143 3382 1405 3472 jugiter
1450 3382 1766 3452 divinum
1818 3383 2133 3469 interque
2185 3404 2457 3452 amaros
2509 3382 2922 3471 lacrymarum

421 3473 680 3542 imbres
733 3472 1090 3542 nobiscum
1138 3471 1512 3541 recolentes
1578 3471 1996 3560 promissum
2056 3477 2295 3539 Portae
2356 3473 2565 3560 inseri
2606 3494 2733 3541 nou
2776 3486 2927 3559 prae·

417 3564 759 3630 valebunt.
814 3560 1080 3629 Affulsit
1128 3559 1400 3628 tandem
1452 3572 1913 3651 exspectatum
1958 3572 2405 3649 optatumque
2438 3580 2475 3627 e
2504 3559 2695 3629 coelo
2732 3557 2919 3646 jubar.

422 3650 780 3738 nobisque,
820 3649 976 3719 licet
1008 3648 1568 3728 immerentibuS‚
1624 3651 1926 3738 superna
1976 3661 2199 3716 tamen
2244 3647 2789 3736 dispensatione.
2837 3646 2923 3710 tla-

424 3738 716 3808 tbolicae
745 3737 1084 3808 Ecclesiae
1116 3736 1588 3828 gubernaculo
1613 3737 2042 3826 praepositis,
2080 3749 2332 3804 certam
2362 3736 2923 3816 firmissimamque

422 3828 491 3895 in
534 3828 818 3897 Domino
860 3848 1051 3916 spem
1093 3826 1428 3906 excitavit,
1481 3847 1722 3896 omnes
1757 3825 1971 3895 seculi
2006 3826 2257 3894 fluctus
2291 3837 2354 3893 et
2387 3824 2808 3894 tenebrarum
2840 3837 2923 3907 ptr

423 3929 696 3986 testates
728 3928 1045 4005 aspectus
1073 3914 1182 3984 sui
1217 3913 1710 4001 tranquillitate
1745 3913 1943 3984 facile
1975 3913 2401 3982 sedaturum.
2439 3914 2695 3982 Etenim
2727 3932 2797 3978 ex
2820 3904 2921 3975 alta

423 4005 787 4074 militantis
821 4003 1162 4074 Ecclesiae
1197 4002 1478 4093 specula
1520 4002 1943 4089 sublimique
1978 4002 2135 4071 fidei
2186 4014 2251 4070 et
2293 4002 2409 4071 reli
2468 4003 2645 4070 ionis
2689 4018 2825 4068 arce
2856 3989 2918 4058 ad

424 4105 771 4163 aeternam
809 4092 998 4162 illam
1050 4092 1459 4179 beatamque
1506 4092 1796 4181 patriam
1838 4090 2152 4161 coelestis
2196 4096 2442 4160 Jerusa
2472 4113 2607 4172 em,
2643 4109 2767 4177 quo
2807 4101 2919 4151 cor·

424 4203 677 4271 poreus
729 4203 865 4251 non
920 4181 1139 4251 fertur
1189 4181 1507 4262 intuitu5‚
1553 4181 1770 4250 effuso
1822 4179 2133 4249 translati
2182 4178 2545 4261 desideri0,
2601 4177 2912 4267 amictum,

426 4290 592 4357 prae
627 4271 934 4350 caeteris,
977 4269 1489 4359 splendoribus,
1531 4281 1597 4337 et
1631 4268 2175 4359 triumphalibus
2215 4268 2509 4337 laetitiae
2548 4263 2794 4337 coronis
2818 4275 2917 4326 ctr-

427 4354 828 4438 cumdatum
864 4411 879 4437 ,
934 4359 1286 4447 egregium
1340 4357 1825 4446 insignemque
1875 4356 2233 4427 miraculis
2282 4358 2531 4436 virum,
2593 4378 2665 4425 ex
2709 4347 2910 4434 inclyti}
