2993 4837
406 311 417 322 ⁹
526 334 610 397 82
1159 350 1232 395 113
1281 349 1335 395 5.
1389 347 1705 394 nimenta
1756 349 1853 393 av.
1910 349 2248 395 mutumne
2677 329 2889 395 Nota

435 434 803 504 Malchum.
855 436 997 501 Non
1051 445 1273 500 tamen
1310 485 1327 511 ,
1396 445 1472 500 ut
1519 453 1648 521 ope
1697 431 1886 500 illius
1955 454 2245 522 regnum
2317 446 2758 522 recuperaret:
2806 431 2891 501 sed

438 523 660 613 magis
704 521 1021 611 princeps
1059 519 1340 590 devotus
1371 519 1559 590 dedit
1603 520 1828 590 locum
1884 519 2047 600 irae,
2100 534 2165 589 61
2205 520 2662 591 necessitatem
2705 520 2766 589 in
2795 520 2894 589 vir·

437 626 648 682 tutem
680 610 1031 689 convertit,
1059 609 1386 699 privatam
1420 609 1684 699 eligens
1713 607 1963 678 ducere
1989 610 2217 678 vitam.
2249 614 2555 697 Cumque
2587 608 2900 699 Episcopus

439 706 686 801 Regem
730 698 1077 788 suscipere
1114 697 1342 769 debito
1376 697 1632 766 honore
1675 709 1965 788 pararet,
2003 697 2247 767 abnuit
2285 697 2403 767 ille
2432 753 2448 778 ,
2493 719 2564 768 se
2611 696 2788 766 malle
2827 697 2901 764 in·

432 811 703 876 quiens.
744 801 1092 874 tamquam
1130 808 1347 857 unum
1389 807 1469 855 ex
1507 785 1643 855 illis
1688 808 1837 857 esse
1880 786 2302 877 pauperibus
2338 786 2657 857 fratribus
2690 785 2792 872 qui
2825 785 2900 854 illi

435 877 926 947 adhaererent:
983 874 1244 964 regium
1296 873 1549 944 fastum
1598 873 1984 966 deponere,
2037 888 2101 944 et
2148 875 2501 945 communi
2571 886 2901 966 paupertate

438 965 579 1035 fore
609 977 1030 1044 contentum,
1070 977 1459 1055 exspectare
1512 963 1737 1053 potius
1785 964 2053 1032 Domini
2097 963 2548 1045 voluntatem,
2584 985 2773 1051 quam
2818 984 2908 1052 per

439 1055 571 1123 vim
619 1053 916 1143 recipere
967 1074 1298 1144 regnum:
1359 1073 1481 1121 nec
1532 1052 1699 1121 velle
1733 1073 1853 1141 pro
1895 1075 2020 1121 suo
2069 1052 2324 1121 honore
2374 1065 2638 1123 terreno
2680 1051 2908 1141 sangui-

439 1164 589 1211 nem
624 1143 1006 1211 humanum
1038 1140 1411 1220 effundere,
1454 1141 1575 1227 qui
1609 1152 1844 1210 contra
1875 1163 1947 1210 se
1980 1139 2230 1210 clamet
2276 1140 2359 1210 ad
2400 1145 2610 1211 Deum
2642 1141 2719 1210 de
2748 1153 2905 1209 terra.

435 1237 581 1316 Quo
619 1230 875 1306 audito,
927 1229 1183 1299 exultat
1226 1230 1656 1318 Episcopus:
1708 1243 1772 1298 et
1819 1228 2203 1299 admiratus
2249 1230 2711 1308 devotionem,
2759 1228 2904 1297 satis·

438 1320 595 1388 facit
642 1335 812 1387 voto.
867 1318 1041 1401 Quid
1081 1316 1334 1406 plura?
1372 1318 1691 1388 Traditur
1740 1318 1903 1406 Regi
1948 1317 2365 1408 paupercula
2415 1318 2662 1388 domus
2706 1316 2781 1386 ad
2822 1316 2912 1386 ba·-

434 1407 821 1486 bitandum,
859 1422 923 1476 61
958 1405 1325 1476 Μ313611135
1376 1408 1440 1475 111
1480 1429 1586 1474 1113
1642 1406 2036 1494 istrum-ad
2082 1407 2332 1475 victum
2375 1407 2573 1497 panis
2614 1429 2761 1476 cum
2806 1404 2914 1473 5316

430 1510 494 1566 61
532 1519 733 1583 aqua.
789 1501 992 1565 Porro
1039 1494 1120 1563 ad
1173 1494 1456 1564 delicias
1486 1519 1565 1567 su
1623 1494 1870 1564 tciebat
1903 1495 2089 1585 Regi,
2130 1494 2501 1564 Malachiae
2552 1494 2909 1584 praesentia.

434 1587 566 1655 vita
600 1598 803 1672 atque
836 1584 1191 1654 doctrina:
1250 1584 1341 1653 ita
1389 1596 1464 1652 ut
1495 1584 1750 1653 diceret
1794 1584 1855 1651 ei
1888 1609 1902 1649 ε
1955 1591 2168 1666 Quam
2201 1585 2432 1653 dulcia
2461 1585 2764 1673 saum‘bus
2791 1581 2912 1650 met's

430 1676 699 1765 eloquia
747 1685 889 1753 tua,
940 1696 1141 1764 super
1186 1675 1319 1741 mel
1366 1674 1472 1741 ori
1512 1695 1653 1742 meo
1698 1673 1837 1761 (Ps.
1895 1672 2070 1761 tls).
2125 1673 2215 1741 Ad
2271 1673 2435 1742 haec
2487 1695 2608 1764 per
2653 1672 2751 1742 sin
2841 1669 2916 1740 las

433 1777 663 1832 noctes
726 1762 1050 1831 lacrmis
1098 1760 1244 1830 suis
1293 1773 1578 1830 stratum
1645 1783 1848 1831 suum
1915 1760 2226 1862 rigabat:
2279 1761 2396 1830 sed
2447 1775 2510 1830 et
2564 1694 2918 1850 quotiffliuo

431 1872 646 1937 aquae
681 1851 835 1941 frigi
891 1873 968 1919 ae
1003 1849 1246 1920 balneo
1280 1849 1456 1917 male
1505 1848 1838 1920 calentem
1875 1849 2314 1939 extinguebat
2363 1850 2427 1918 in
2478 1872 2687 1920 carne
2735 1847 2916 1918 tibidi-

433 1962 611 2009 nem.
666 1945 741 2008 Et
773 1961 976 2008 orans
1028 1944 1185 2018 Rex,
1238 1960 1397 2007 cum
1453 1944 1632 2027 Rege
1680 1937 1982 2008 dicebat:
2045 1939 2200 2007 Vide
2243 1939 2698 2009 humilitatem
2743 1958 2916 2008 mean

428 2039 488 2096 et
531 2031 819 2098 laborem
868 2051 1086 2097 meum
1121 2081 1135 2108 ,
1189 2037 1251 2096 et
1300 2028 1560 2096 dimitte
1606 2029 1923 2097 universa
1969 2028 2218 2096 delicta
2272 2051 2422 2097 mea
2472 2028 2636 2117 (Ps.
2675 2027 2819 2116 21).
2861 2019 2918 2094 R

433 2139 561 2185 non
615 2118 868 2187 amovit
902 2122 1079 2186 Deus
1110 2115 1486 2184 orationem
1537 2116 1710 2205 ejuS,
1766 2129 1830 2184 et
1879 2114 2417 2185 misericordiam
2471 2139 2668 2185 suam
2721 2115 2801 2184 ab
2838 2133 2912 2182 eo.

430 2210 501 2273 Et
544 2205 860 2275 exaudita
917 2219 1018 2274 est
1075 2203 1291 2273 oratio
1345 2205 1539 2291 ejus:
1601 2206 1727 2274 etsi
1790 2227 2034 2285 secus,
2087 2226 2295 2290 quam
2349 2204 2728 2274 intenderet
2781 2204 2914 2293 ipse.

418 2300 590 2364 ,Nam
643 2296 701 2362 is
747 2293 1026 2382 quidem
1079 2291 1413 2363 sollicitus
1460 2307 1604 2362 erat
1654 2314 1776 2381 pro
1823 2295 2054 2361 anima
2105 2315 2271 2362 sua:
2326 2292 2438 2362 sed
2481 2293 2724 2362 vindex
2759 2292 2915 2361 inno-

425 2383 686 2453 centiae
727 2388 925 2461 Deus,
968 2381 1365 2451 hominibus
1395 2380 1751 2452 ostendere
1787 2380 2039 2462 volens,
2071 2381 2394 2468 quoniam
2432 2396 2595 2451 sunt
2634 2378 2916 2470 reliquiae

424 2472 687 2540 homini
742 2471 1068 2559 pacifico,
1129 2470 1409 2559 parabat
1457 2471 1729 2540 interim
1765 2470 2012 2540 ‘facere
2053 2470 2397 2558 judicium
2453 2470 2779 2558 injuriam
2830 2488 2915 2559 pa·

426 2560 637 2639 tienti,
681 2559 864 2646 quod
900 2558 1013 2627 ille
1057 2560 1328 2648 penitus
1362 2580 1493 2628 non
1529 2559 1868 2649 sperabat.
1922 2564 1998 2628 Et
2031 2559 2383 2629 suscitavit
2427 2564 2601 2629 Deus
2636 2584 2670 2630 s
2728 2559 2920 2630 iritum

424 2649 629 2718 vicini
678 2649 880 2738 Regis
916 2649 1169 2736 (neque
1199 2648 1382 2717 enim
1426 2671 1643 2717 unum
1694 2662 1795 2716 est
1842 2649 2167 2717 Hibernia
2222 2670 2288 2716 re
2344 2669 2537 2729 num,
2582 2672 2654 2719 se
2738 2646 2922 2718 divis&

423 2738 490 2805 in
528 2736 778 2826 plura).
833 2738 955 2806 Hic
987 2737 1213 2823 itaque
1246 2735 1481 2807 videns
1521 2758 1697 2823 quae
1733 2735 1904 2805 facta
1954 2748 2138 2817 sunt,
2195 2671 2494 2837 repkletus
2541 2752 2644 2807 est
2675 2737 2845 2807 zelo:
2872 2744 2922 2803 et

423 2825 582 2894 hinc
614 2825 890 2913 quidem
929 2824 1301 2914 indignans
1353 2825 1773 2914 praedonum
1811 2824 2129 2905 libertati,
2177 2839 2241 2894 et
2276 2825 2683 2896 insolentiae
2717 2844 2918 2915 super·

422 2914 710 2994 borum,
765 2913 922 2983 inde
974 2935 1126 2982 vero
1178 2914 1512 2984 miserans
1569 2914 1760 3004 regni
1817 2912 2304 2984 desolationem
2338 2967 2353 2997 ,
2406 2926 2472 2985 et
2519 2916 2726 3005 Regis
2772 2913 2918 3002 deje-

419 3003 757 3084 ctionem,
810 3002 1160 3073 descendit
1206 3000 1291 3071 ad
1333 3002 1652 3073 cellulam
1708 3003 2075 3092 pauperis:
2129 3001 2370 3072 suadet
2435 3002 2773 3083 reditum,
2823 2992 2930 3075 sed'.

421 3112 552 3159 non
610 3091 993 3181 persuadet.
1046 3096 1259 3160 Instat
1310 3104 1559 3171 tamen,
1615 3091 1904 3180 spondet
1950 3112 2174 3180 opem,
2217 3090 2301 3159 de
2333 3091 2577 3161 effectu
2630 3115 2763 3162 non
2815 3086 2922 3159 dis-³

418 3178 624 3249 fidere
657 3193 905 3261 monet,
964 3186 1172 3249 Deum
1223 3180 1598 3250 affuturum
1655 3179 2006 3270 promittit,
2059 3180 2169 3248 cui
2226 3201 2356 3248 non
2413 3193 2737 3271 poterunt
2785 3178 2920 3249 resi·

415 3280 589 3338 stere
636 3291 875 3338 omnes
922 3268 1294 3338 adversarii
1340 3268 1518 3356 ejus.
1577 3269 1893 3358 Proponit
1938 3267 2143 3337 etiam
2205 3269 2723 3358 oppressionem
2821 3288 2922 3337 au·

418 3366 699 3447 perum:
754 3359 1009 3448 patriae
1059 3357 1528 3437 vastationem,
1565 3368 1630 3427 61
1666 3378 1796 3425 11011
1854 3356 2140 3457 proficit.
2197 3361 2544 3426 Caeterum
2581 3380 2741 3428 acce
2792 3368 2922 3426 ente

418 3446 736 3515 mandato
785 3446 1125 3536 Episcopi,
1159 3460 1224 3515 et
1264 3446 1635 3516 Malachiae
1681 3445 1994 3527 consilio,
2031 3446 2114 3514 de
2158 3446 2415 3533 quibus
2457 3445 2569 3514 ille
2607 3445 2922 3538 pendebat

414 3548 613 3614 totuS,
645 3535 749 3603 vix
778 3534 1048 3604 tandem
1082 3535 1477 3621 acquiescit.
1512 3535 1831 3621 Sequitur
1863 3539 1999 3604 Rex
2032 3538 2125 3604 Re
2173 3556 2305 3614 em,
2340 3535 2622 3625 etjuxta
2658 3537 2918 3605 verbum

418 3624 638 3714 RegiS,
695 3624 873 3693 sicut
912 3623 1129 3692 fuerat
1171 3622 1482 3693 voluntas
1528 3623 1593 3691 in
1644 3621 1872 3704 00610,
1930 3634 2062 3693 1013
2111 3557 2432 3692 &uilitate
2477 3622 2697 3713 pulsis
2751 3642 2921 3715 prae·

411 3710 708 3782 donibus
738 3765 759 3791 ,
817 3711 1167 3781 reducitur
1226 3711 1427 3781 homo
1489 3712 1555 3779 in
1615 3734 1739 3780 sua
1787 3734 1944 3780 cum
1996 3711 2410 3782 exultatione
2448 3734 2735 3782 suorum
2774 3767 2788 3793 ,
2834 3732 2920 3779 re·

411 3822 680 3889 gnoque
713 3800 1269 3870 restituitur-suo.
1315 3801 1552 3869 Dilexit
1584 3813 1829 3870 extunc
1867 3805 2002 3870 Rex
2044 3800 2180 3880 ille,
2217 3813 2281 3869 et
2307 3823 2577 3890 semper
2610 3801 2920 3870 reveritus

408 3903 509 3958 est
569 3889 1019 3958 Malachiam:
1075 3910 1288 3976 eoque
1348 3889 1757 3978 propensius
1791 3943 1805 3967 ,
1858 3911 1995 3976 quo
2044 3888 2318 3991 plenius
2368 3890 2436 3958 in
2502 3903 2737 3960 sancto
2795 3888 2920 3956 viro

408 3976 617 4065 digna
646 3978 1072 4048 veneratione
1100 3991 1165 4046 61
1198 4000 1425 4047 amore
1451 3990 1898 4067 compererat.
1940 3982 2147 4067 Cujus
2180 3979 2360 4047 enim
2399 3991 2652 4047 tantam
2689 3975 2922 4047 meruit

411 4065 477 4132 in
515 4088 639 4135 sua
674 4065 1074 4137 adversitate
1115 4065 1668 4146 familiaritatem,
1701 4066 2125 4136 sanctitatem
2158 4067 2473 4167 ignorare
2516 4089 2646 4135 non
2693 4065 2915 4167 potuit.

408 4158 764 4241 Propterea
800 4155 1019 4245 magis
1054 4155 1119 4224 in
1155 4177 1277 4225 sua
1323 4155 1767 4246 prosperitate
1803 4156 2149 4246 perpetuis
2193 4155 2386 4225 illum
2429 4155 2775 4235 311ιί011115,
2817 4152 2920 4221 de·

408 4242 713 4329 votisque
758 4243 1023 4313 colebat
1068 4244 1455 4333 obsequiis:
1509 4259 1574 4314 et
1632 4244 1919 4314 libenter
1965 4244 2289 4314 audiebat
2340 4267 2525 4324 eum,
2588 4258 2651 4312 et
2701 4241 2918 4313 audito

404 4353 522 4407 eo,
586 4332 797 4403 multa
846 4331 1157 4402 faciebat.
1228 4339 1303 4402 Et
1363 4333 1447 4402 de
1501 4333 1608 4403 his
1662 4333 1850 4402 satis.
1911 4338 2387 4402 Verumtamen
2449 4355 2584 4402 11011
2646 4330 2915 4403 fortuitu

402 4419 655 4489 sactum
709 4442 880 4502 reor,
934 4422 1115 4506 quod
1182 4421 1269 4490 ita
1318 4422 1460 4510 jam
1525 4437 1686 4491 tunc
1739 4421 2202 4511 magnificavit
2248 4443 2404 4491 eum
2472 4421 2796 4492 Dominus
2853 4418 2910 4485 in
