2993 4837
518 326 646 389 292
1272 343 1349 387 nn
1399 344 1453 388 s.
1508 339 1746 388 canopo
1795 342 2126 389 noanomeo
2679 324 2821 389 NOV.
2862 312 2940 388 t*

429 427 875 516 opinionem;
930 425 1215 515 plurimi
1270 427 1480 507 enim,
1529 426 1774 526 primis
1822 427 2027 494 annis
2077 427 2283 495 variis
2326 427 2701 497 nominibus
2727 428 2895 495 obtre-

431 516 706 585 ctabant
738 569 753 594 ,
809 514 1315 583 simulationem
1354 569 1369 594 ,
1424 513 1761 601 quidquid
1823 515 2096 605 egregie
2145 526 2564 597 conaretur,
2599 515 2893 593 dicebant;
2949 552 2950 569 ι

431 606 652 694 ipsam
720 604 1055 672 honorum
1129 602 1673 689 facultatumque
1740 603 2330 692 amplissimarum
2393 606 2894 692 contemptionem
2949 633 2950 655 1

434 692 632 761 multi
667 690 1207 772 cavillabantur;
1251 714 1409 760 cum
1448 713 1604 760 vero
1634 691 2056 760 diuturnitas
2089 705 2153 762 et
2184 693 2588 773 constantia,
2623 693 2682 761 in
2717 692 2902 781 primis
2949 706 2950 743 ³

432 803 587 849 vero
621 780 794 848 vitae
825 779 1149 869 pericula,
1177 780 1385 870 pestis
1421 793 1745 870 tempore,
1785 780 1992 859 adita,
2017 780 2483 850 simulationis
2515 782 2754 850 crimen
2778 781 2900 850 satis
2949 806 2950 825 ι

435 868 884 948 refellissent,
942 871 1190 938 bonam
1247 881 1537 937 mentem
1609 868 1997 938 fatebantur
2030 925 2045 951 ,
2101 869 2217 939 sed
2269 869 2612 959 judicium
2666 869 2902 960 pruden·
2949 896 2950 899 ¹

434 959 737 1045 tiamque
773 958 1259 1043 requirebant;
1315 957 1521 1027 tantis
1563 957 1767 1027 rebus
1807 957 2088 1037 demum
2141 970 2274 1027 tam
2322 960 2664 1048 praeclare
2703 958 2898 1048 gestis,
2948 988 2950 999 ι

367 1098 382 1119 .
437 1046 689 1133 talique
741 1068 966 1115 rerum
1023 1047 1334 1115 omnium
1383 1046 1591 1127 exitu,
1646 1068 1889 1115 sensus
1939 1046 2303 1133 ejusmodi,
2353 1069 2490 1115 non
2536 1046 2645 1117 ille
2688 1045 2904 1134 quiden

433 1136 714 1204 omnino
754 1136 1091 1204 extinctus
1137 1147 1303 1214 erat,
1363 1134 1479 1203 sed
1529 1147 1779 1215 tamen,
1822 1148 2159 1220 quantum
2211 1136 2520 1205 humana
2553 1148 2893 1205 consuetu

435 1223 848 1310 miseriaque
896 1224 1177 1313 patitur,
1230 1223 1686 1302 imminutus3
1734 1223 1913 1309 quod
1965 1223 2049 1292 de
2101 1224 2249 1313 ipso
2286 1225 2534 1307 evenit,
2580 1225 2644 1292 id
2688 1221 2908 1293 caeteris

436 1311 832 1401 praedicare
874 1312 1135 1382 solebat
1187 1326 1553 1398 antequam
1609 1312 1951 1380 eveniret:
1998 1334 2131 1381 non
2184 1313 2511 1383 deterreri
2562 1314 2906 1402 Episcopum

434 1401 706 1480 debere,
746 1401 1044 1469 aliumve
1080 1399 1186 1468 Dei
1232 1421 1530 1479 servum,
1583 1400 1637 1469 si
1678 1400 1901 1489 primo
1939 1422 2116 1487 quae
2166 1401 2412 1471 faceret
2464 1402 2697 1471 multis
2728 1398 2888 1488 displi
2949 1416 2950 1421 ’

435 1511 608 1569 cere,
657 1490 711 1557 si
770 1490 970 1558 etiam
1014 1488 1375 1558 obtrectari
1429 1488 1561 1557 sibi
1602 1488 1897 1558 videret:
1954 1512 2110 1558 nam
2168 1491 2223 1558 si
2274 1503 2456 1559 recta
2492 1491 2602 1560 via
2643 1512 2819 1580 perge
2857 1507 2907 1554 ·..-3÷.

432 1577 573 1647 sore
603 1577 900 1655 tandem,
938 1590 1012 1647 ut
1043 1576 1229 1646 aliud
1270 1577 1578 1666 plerique
1616 1578 1967 1647 sentirent.
2000 1583 2338 1668 Integram
2376 1591 2609 1648 autem
2647 1581 2875 1669 Episco
2906 1627 2909 1638 .
2948 1594 2950 1631 ⁴

434 1667 501 1734 in
569 1667 810 1756 primis
851 1666 1119 1735 dicebat
1223 1666 1589 1755 ropositam
1642 1688 1793 1735 esse
1852 1666 2100 1737 debere
2151 1667 2421 1736 virtutis
2477 1668 2875 1757 disciplinam
2945 1687 2948 1706 ²

438 1776 593 1823 nam
633 1755 687 1824 si
736 1776 869 1841 qua
925 1766 1109 1843 parte
1197 1754 1489 1835 eficeret,
1540 1754 1630 1823 ibi
1680 1754 2105 1824 obtrectandi
2155 1755 2764 1844 calumniandique
2803 1752 2950 1823 ret's

432 1865 592 1930 qua,
637 1843 987 1912 malevolis
1020 1866 1098 1912 ac
1148 1844 1443 1912 infirmis
1478 1842 1739 1911 aditum
1783 1843 1932 1912 dari
1966 1868 1980 1909 z
2031 1856 2096 1912 et
2126 1866 2206 1912 ex
2243 1867 2320 1911 ea
2364 1859 2559 1934 parte
2597 1867 2729 1914 rem
2763 1856 2854 1913 tot
2879 1865 2915 1910 ιτ·-

436 1932 633 2001 facile
689 1932 1065 2019 corrumpi.
1120 1937 1440 2019 Magnum
1503 1931 1714 2021 igitur
1758 1945 1903 2001 erat
1957 1933 2109 2022 ejus
2155 1932 2340 2021 apud
2407 1955 2656 2003 omnes
2710 1931 2893 2023 pond

434 2021 900 2101 auctoritatis;
938 2021 1349 2089 verebantur
1377 2020 1571 2089 illum
1610 2020 1812 2090 etiam
1850 2022 2107 2090 summi
2150 2022 2298 2101 viri,
2338 2018 2913 2111 summisque

431 2109 785 2180 collocati:
840 2111 898 2178 si
930 2109 1092 2196 quid
1135 2109 1386 2198 peccati
1432 2121 1630 2188 esset,
1677 2110 1982 2179 studiose
2026 2111 2376 2191 cavebant,
2419 2133 2508 2181 ne
2548 2112 2637 2181 ad
2670 2133 2810 2181 eum
2876 2135 2891 2144 ’·

428 2198 750 2277 ferretum
795 2221 874 2268 eo
906 2198 1329 2276 adveniente,
1363 2198 1822 2276 removebant,
1862 2198 1921 2266 si
1953 2198 2114 2286 quid
2154 2220 2283 2268 non
2328 2202 2594 2290 optime
2633 2223 2703 2269 se
2731 2200 2859 2268 har·
2910 2223 2919 2238 ’-

431 2287 615 2377 aphd
668 2309 739 2356 se
778 2287 1226 2356 adverterent.
1265 2285 1551 2368 Quidvis
1589 2286 1682 2354 illi
1728 2299 1906 2355 recte
1938 2288 2270 2356 committi
2308 2309 2510 2377 posse
2564 2290 2912 2379 putabatur:

432 2377 500 2445 in
536 2377 683 2465 ejus
719 2376 920 2445 sidem
961 2375 1130 2444 nihil
1174 2375 1591 2476 suspicionis
1624 2374 1708 2444 ab
1759 2374 1902 2445 ulla
1952 2389 2138 2466 parte
2170 2376 2456 2458 cadere;
2515 2400 2644 2448 sua
2687 2377 2913 2465 quisqa-

432 2466 585 2554 ejus
642 2465 925 2534 arbitrio
976 2464 1427 2533 libentissime
1490 2465 1880 2555 permittere
1911 2519 1925 2545 ‚
1989 2478 2212 2535 tutum
2256 2479 2719 2554 sanctumque
2753 2461 2923 2536 exis'

435 2576 644 2634 mare,
689 2554 868 2640 quod
925 2555 1074 2643 ejus
1130 2552 1289 2622 fidei
1331 2553 1887 2622 commendatum
1924 2567 2123 2623 esset.
2168 2556 2305 2644 Ipsi
2343 2555 2675 2626 haeretici
2709 2557 2761 2625 si
2802 2553 2852 2622 fo

431 2643 773 2721 viderunt,
828 2655 946 2710 aut
993 2642 1076 2710 de
1116 2664 1193 2710 eo
1237 2642 1629 2722 audierunt,
1686 2642 1954 2711 virtutis
1996 2644 2285 2712 eximiae
2328 2645 2392 2711 vi
2427 2646 2678 2725 coacti,
2734 2662 2921 2725 magr-'-

433 2743 595 2799 sunt
623 2752 778 2799 eum
817 2731 1074 2799 honore
1116 2730 1481 2820 prosecuti.
1516 2731 1644 2813 Qui
1671 2753 1748 2799 ex
1783 2732 2230 2822 transalpinis
2254 2732 2568 2803 ecclesiis
2613 2735 2679 2802 in
2717 2730 2917 2801 Italia

433 2819 763 2900 venirent,
811 2820 895 2887 iis
929 2833 1262 2906 quantum
1297 2841 1373 2887 ex
1405 2820 1777 2889 multorum
1811 2818 1985 2888 facto
2026 2822 2502 2908 cognovimus,
2551 2820 2925 2912 proposita

435 2907 501 2974 in
537 2908 781 2996 primis
817 2908 1195 2985 videbatur,
1239 2905 1695 2977 Mediolanum
1731 2907 1812 2976 ad
1856 2929 2014 2977 eum
2050 2909 2406 2979 visendum
2448 2912 2799 2980 divertere.
2829 2911 2920 2974 ltu·

434 2995 566 3064 liae
615 2995 1044 3083 aliarumque
1088 2998 1594 3086 provinciarum
1637 2997 1954 3086 Episcopi
1999 2996 2499 3068 ecclesiasticae
2543 2997 2916 3089 disciptinae,

430 3083 895 3172 ecclesiaeque
928 3086 1101 3155 bene
1134 3085 1472 3174 gerendae
1522 3085 1834 3165 studiosi,
1874 3086 1961 3154 ab
1994 3108 2073 3154 eo
2109 3101 2466 3176 praecepta
2500 3088 2922 3169 auxiliumque

431 3173 750 3263 petebant
782 3200 796 3258 3
835 3174 1174 3263 designati
1214 3173 1572 3254 curabant,
1610 3186 1683 3242 ut
1722 3175 1809 3243 ab
1842 3195 1919 3242 eo
1963 3175 2091 3244 sibi
2138 3197 2385 3245 manus
2428 3177 2918 3267 imponerentur3

429 3263 581 3352 ejus
627 3275 799 3344 acta,
867 3264 1464 3352 praescriptaque,
1534 3263 1738 3331 totius
1803 3262 2100 3349 denique
2165 3264 2712 3352 gubernationis,
2775 3276 2922 3347 atque

433 3352 601 3420 adeo
636 3354 807 3421 vitae
852 3352 1219 3432 rationem,
1277 3351 1757 3440 postulabant:
1812 3352 1991 3438 quod
2047 3352 2223 3421 idem
2277 3352 2696 3443 amplissimi
2752 3344 2921 3421 Cardi-

431 3441 623 3510 nales
675 3441 874 3509 multi
922 3441 1183 3520 fecere;
1235 3440 1491 3527 quibus
1541 3438 1822 3509 Carolus
1872 3462 2090 3527 neque
2136 3442 2394 3529 optimo
2442 3442 2737 3511 consilio
2781 3434 2922 3508 auxi-

432 3528 659 3616 lioque
691 3529 943 3611 deerat,
982 3543 1044 3598 et
1088 3529 1234 3618 pari
1288 3529 1615 3598 modestia
1670 3540 1894 3597 tamen
1948 3529 2425 3619 respondebat.
2481 3535 2529 3599 E
2588 3531 2924 3619 iscoporum

431 3639 634 3707 porro
687 3641 816 3686 non
882 3618 1207 3708 magister
1258 3617 1532 3700 solum,
1587 3617 1699 3685 sed
1759 3617 2147 3708 perfugium
2212 3641 2484 3706 quoque
2598 3619 2924 3711 abebatutjt

428 3707 548 3794 qui
612 3705 1132 3776 si'difficultate
1194 3705 1428 3793 aliqua
1479 3720 1952 3795 premerentur
1984 3762 2003 3788 ,
2081 3711 2330 3798 magna
2379 3708 2462 3777 ad
2511 3731 2676 3777 eum
2725 3695 2926 3776 fiducia

429 3795 633 3864 consu
664 3796 942 3875 nebant,
972 3796 1256 3883 ejusque
1278 3794 1870 3864 commendatione
1896 3818 1974 3865 ac
2004 3797 2381 3885 patrocinio
2408 3797 2593 3886 apud
2625 3807 2924 3866 summum

428 3885 618 3953 Ponti
654 3906 853 3964 icem,
903 3905 1315 3970 sacrumque
1347 3884 1535 3952 orbis
1569 3883 1929 3953 christiani
1966 3889 2314 3965 Senatum,
2369 3897 2514 3954 tum
2549 3887 2752 3955 etiam
2781 3873 2922 3969 apud

431 3977 648 4063 Reges
712 3978 803 4042 Re
860 3972 1145 4061 ulosque
1194 3972 1584 4042 utebantur.
1653 3977 1745 4041 Ex
1791 3975 1892 4042 eis
1941 3972 2140 4042 multi
2203 3972 2287 4042 ad
2353 3995 2511 4042 eum
2580 3970 2922 4042 veniebant:

431 4061 751 4130 nonnulli
853 4063 924 4131 iu
973 4062 1443 4142 morabantur,
1496 4074 1575 4129 ut
1621 4061 1854 4131 omnia
1906 4060 2179 4151 plenius
2227 4074 2735 4151 cognoscerent;
2773 4074 2924 4146 prae·

430 4151 644 4238 ceptis
677 4151 1088 4240 scriptisque
1137 4150 1342 4219 variis
1392 4149 1786 4239 locupletati
1821 4150 2283 4231 discederent:
2326 4150 2737 4238 quandoque
2761 4145 2924 4240 etiatn

432 4237 715 4306 clericos
747 4242 897 4327 ejus
947 4239 1467 4329 gubernationis
1517 4239 1769 4328 peritos
1818 4239 2299 4329 impetrabant,
2355 4260 2528 4325 quos
2577 4238 2710 4316 ille,
2760 4234 2811 4305 si
2852 4251 2923 4295 vt·

434 4324 621 4393 deret
671 4327 762 4394 ita
804 4328 973 4416 reip.
1018 4327 1433 4397 christianae
1479 4328 1912 4408 conducere,
1970 4349 2219 4417 parcus
2283 4327 2563 4415 alioqui,
2639 4334 2922 4414 tenaxque

436 4411 504 4479 in
559 4412 702 4482 suis
766 4414 896 4483 sibi
958 4415 1482 4498 conservandiS,
1552 4416 1637 4485 ad
1704 4430 1978 4507 tempus
2050 4438 2185 4486 non
2260 4418 2526 4507 negavit
2549 4438 2566 4503 5
2632 4415 2920 4484 concessit
