2993 4837
520 302 650 366 400
1166 314 1249 364 na
1296 320 1351 366 s.
1405 320 1682 366 marino
1730 320 1827 367 Er.
1880 317 2233 367 Tunonmvst
2640 301 2791 368 Not&
2830 302 2883 363 lt

432 403 668 472 aedem
722 424 938 489 usque
986 403 1069 471 ad
1121 401 1572 473 fundamenta
1620 405 1949 485 dirueret,
1998 427 2153 473 aras
2200 427 2442 473 omnes
2490 417 2679 491 atque
2730 405 2899 473 simu·

436 492 616 560 lacra
660 491 918 579 redegit
959 491 1026 560 in
1082 492 1453 580 pulverem.
1508 498 1654 575 Quo
1694 494 1860 575 viso,
1902 494 2142 563 rustici
2192 516 2349 563 cum
2404 515 2475 564 se
2515 493 2913 583 intelligerent

434 580 668 647 divino
733 594 901 649 nutu
965 580 1470 670 obstupefactos
1519 595 1720 669 atque
1770 583 2184 671 perterritOS,
2241 605 2324 649 ne
2374 583 2698 671 Episcopo
2754 602 2915 673 repuz

435 681 745 757 gnarent‚
801 690 1041 737 omnes
1089 669 1226 737 fere
1281 672 1350 738 in
1400 670 1631 739 lesum
1683 672 2046 740 Dominum
2098 671 2561 749 crediderunt,
2597 670 2915 740 clamant&

439 758 691 847 palam,
731 770 798 825 et
846 758 1268 840 confitentes,
1323 764 1533 827 Deum
1588 759 1855 828 Martini
1914 781 2063 830 esse
2110 760 2502 840 colendum,
2544 759 2721 828 idola
2756 758 2913 849 ncgli¹

435 846 686 936 genda,
724 868 899 933 quae
941 847 1069 916 sibi
1107 847 1344 918 adesse
1380 869 1512 916 non
1556 861 1855 937 possent.

527 938 562 1021 ξ
611 940 742 1005 11.
787 936 961 1017 Quid
1015 936 1217 1004 etiam
1274 937 1339 1004 in
1386 958 1561 1027 pago
1610 936 2005 1005 Heduorum
2039 950 2304 1027 gestum
2344 938 2454 1018 sit,
2495 937 2798 1005 referam.
2834 934 2923 1006 chi

436 1024 600 1091 dum
658 1023 986 1113 templum
1043 1024 1275 1093 itidem
1318 1039 1666 1103 everteret,
1725 1024 1961 1095 furens
2011 1026 2371 1115 gentilium
2443 1028 2837 1095 rusticorum
2874 1024 2920 1091 iu

435 1134 592 1180 eum
647 1112 850 1181 irruit
899 1113 1290 1183 multitudo.
1361 1118 1668 1201 Cumque
1742 1136 1927 1183 unus
1992 1114 2323 1184 audacior
2370 1115 2680 1194 caeteriS,
2744 1114 2923 1181 stricte

435 1223 591 1269 eum
645 1202 875 1289 gladio
926 1215 1212 1291 peteret,
1276 1202 1523 1291 rejecto
1578 1202 1818 1291 pallio,
1886 1203 2140 1272 nudam
2200 1204 2529 1272 cervicem
2587 1200 2921 1293 percusso'

439 1291 774 1380 praebuit.
809 1295 937 1360 Nec
968 1304 1332 1360 cunctatus
1357 1304 1458 1361 est
1491 1292 1690 1359 ferire
1722 1292 2022 1380 gentilis:
2056 1291 2169 1360 sed
2208 1315 2365 1360 cum
2395 1291 2741 1361 dexteram
2766 1291 2862 1359 alti

434 1378 806 1458 extulisset,
863 1382 1234 1470 resupinus
1285 1380 1442 1459 ruit,
1496 1393 2110 1467 consternatusque
2156 1380 2389 1449 divino
2447 1396 2659 1460 metu,
2707 1380 2873 1447 venia

439 1469 870 1555 precabatur.
930 1473 1060 1537 Nec
1111 1468 1448 1537 dissimile
1499 1468 1661 1537 huic
1716 1469 1845 1537 fuit
1896 1469 2117 1539 illud:
2193 1492 2349 1538 cum
2419 1491 2578 1538 cum
2637 1467 2877 1538 idolad

438 1570 810 1625 struentem
854 1557 1075 1626 cultro
1108 1557 1388 1644 quidam
1428 1556 1628 1625 ferire
1663 1557 2008 1637 voluisset,
2048 1558 2115 1625 in
2154 1558 2301 1648 ipso
2335 1558 2472 1626 ictu
2504 1557 2763 1627 serrum
2793 1557 2844 1625 ei

437 1645 762 1715 manibus
802 1667 1192 1725 excussum,
1259 1668 1390 1715 non
1449 1647 1859 1735 comparuit.
1907 1646 2316 1733 Plerumque
2362 1660 2590 1715 autem
2636 1661 2854 1715 contra
2892 1644 2903 1655 ”

436 1734 752 1802 centibus
784 1734 914 1802 sibi
951 1736 1248 1815 rusticis,
1298 1757 1378 1802 ne
1409 1757 1644 1804 eorum
1698 1734 1856 1804 fana
1903 1734 2305 1817 destrueret,
2342 1735 2433 1803 ita
2469 1736 2835 1822 praedicati

436 1836 671 1891 sancta
706 1823 1068 1911 gentilium
1117 1825 1390 1892 animos
1445 1823 1826 1913 mitigabat,
1868 1836 1942 1893 ut
1991 1823 2143 1893 luce
2190 1824 2290 1892 eis
2342 1824 2643 1893 veritatis
2678 1839 2850 1894 osten

436 1912 566 1999 ipsi
621 1933 744 1980 sua
801 1912 1052 2001 templa
1104 1914 1595 1982 subverterent.
1637 1914 2077 1981 Curationum
2122 1935 2278 1982 vero
2330 1926 2459 1980 tam
2504 1926 2749 2002 potens
2793 1913 2850 1980 in

435 2000 651 2090 gratia
716 2014 882 2079 erat,
933 2013 1009 2070 ut
1046 2001 1284 2070 nullus
1334 2000 1471 2069 sere
1513 2000 1603 2068 *ad
1655 2022 1811 2069 eum
1865 2015 2186 2092 aegrotus
2233 2002 2617 2083 accesserit,
2721 2002 2787 2070 ui
2831 2021 2863 2067 n

435 2090 764 2157 continuo
814 2090 1142 2180 receperit
1190 2091 1593 2159 sanitatem:
1651 2090 1830 2176 quod
1902 2091 2002 2159 vel
2054 2113 2133 2159 ex
2192 2092 2638 2177 consequenti
2726 2087 2909 2178 ique'

433 2177 768 2267 exemplo.

527 2274 562 2345 ἓ
612 2272 761 2338 12.
815 2268 1118 2335 Treveris
1169 2266 1396 2357 puella
1443 2267 1782 2353 quaedam
1834 2267 1982 2335 dira
2028 2267 2368 2357 paralysis
2414 2268 2933 2357 aegritudinem—

436 2356 750 2436 nebatur,
796 2356 879 2424 ita
918 2369 993 2425 ut
1031 2357 1176 2446 jam
1231 2377 1351 2446 per
1399 2355 1695 2426 multum
1750 2369 2023 2446 tempus
2075 2356 2264 2426 nullo
2304 2357 2384 2426 ad
2433 2357 2778 2428 humanos
2807 2372 2933 2452 usu}

435 2445 743 2534 corporis
793 2445 1015 2514 officio
1063 2445 1500 2534 fungeretur:
1554 2445 1740 2514 omni
1792 2466 1871 2514 ex
1959 2459 2100 2514 arte
2150 2460 2610 2536 praemortua,
2653 2449 2761 2516 vix
2794 2460 2933 2513 tenui

437 2534 688 2622 spiritu
740 2533 1138 2622 palpitabat.
1193 2535 1442 2603 Tristes
1491 2534 1574 2602 ad
1629 2534 1841 2603 solam
1925 2533 2158 2602 uneris
2183 2535 2758 2622 exspectationem
2805 2531 2939 2602 assi-

435 2623 704 2690 stebant
754 2624 1174 2711 propinqui:
1243 2645 1400 2691 cum
1463 2622 1691 2691 subito
1753 2624 2170 2703 nunciatur,
2232 2624 2315 2692 ad
2379 2623 2724 2693 civitatem
2792 2621 2937 2718 illaqt

434 2711 702 2778 venisse
764 2712 1153 2779 Martinum.
1208 2711 1398 2793 Quod
1460 2711 1578 2779 ubi
1648 2711 1914 2802 puellae
1980 2726 2168 2801 pater
2229 2713 2613 2802 comperit,
2682 2733 2879 2781 cucur

436 2800 777 2866 exanimis
809 2853 823 2878 ‚
881 2821 1002 2887 pro
1052 2800 1191 2868 filia
1243 2815 1631 2890 rogaturus.
1686 2805 1762 2868 Et
1823 2800 1992 2868 sorte
2051 2801 2382 2869 Martinus
2425 2801 2572 2888 jam
2623 2801 2911 2896 ecclesia·

435 2886 657 2955 fuerat
684 2888 1057 2975 ingressus.
1098 2888 1197 2957 Ibi
1238 2889 1658 2978 inspectante
1702 2889 1979 2978 popul0‚
2023 2889 2395 2977 multisque
2433 2889 2591 2959 aliis
2634 2891 2939 2980 Episcopis

436 2978 965 3065 praesentibuS‚
1043 2977 1315 3062 ejulans
1379 2999 1578 3046 senex
1644 3000 1868 3066 genua
1934 2979 2084 3068 ejus
2150 2977 2641 3068 amplectitur,
2701 2980 2934 3047 dicens:

435 3087 471 3129 «
511 3063 675 3132 Filia
729 3087 873 3133 mea
927 3067 1219 3135 moritur
1285 3067 1533 3135 misero
1582 3088 1828 3155 genere
1880 3066 2234 3156 languoris
2268 3123 2283 3146 ‚
2336 3080 2401 3135 et
2447 3068 2631 3154 quod
2691 3069 2831 3157 ipsa
2869 3071 2939 3131 est

435 3167 652 3222 morte
700 3154 1075 3232 crudelius,
1131 3155 1274 3224 solo
1309 3156 1559 3244 spiritu
1610 3155 1790 3234 vivit,
1834 3155 1979 3244 jam
2032 3177 2238 3225 carne
2288 3156 2751 3245 praemortua.
2798 3161 2943 3240 Rogo

432 3256 510 3310 ut
547 3263 695 3310 eam
746 3243 951 3312 adeas
983 3297 1001 3323 ,
1064 3256 1267 3330 atque
1316 3243 1707 3312 benedicas.
1763 3243 2041 3313 Confido
2094 3245 2278 3313 enim
2330 3245 2512 3332 quod
2566 3267 2691 3333 per
2726 3261 2785 3314 te
2832 3240 2945 3312 red·

435 3330 656 3400 denda
711 3333 797 3399 sit
846 3333 1142 3401 sanitati.
1186 3356 1222 3398 »
1272 3337 1420 3415 Qua
1452 3333 1568 3401 ille
1608 3354 1768 3401 voce
1814 3333 2146 3403 confusus
2193 3333 2548 3423 obstupuit
2596 3335 2663 3403 et
2713 3332 2941 3420 refugit.

436 3419 675 3490 dicens
727 3421 852 3488 boc
918 3442 1081 3490 suae
1133 3442 1262 3489 non
1328 3443 1473 3491 esse
1543 3421 1859 3502 virtutis;
1912 3444 2142 3491 senem
2206 3444 2432 3491 errare
2470 3423 2792 3510 judicio;
2842 3438 2941 3488 non

435 3530 583 3578 esse
613 3530 684 3577 se
733 3509 1051 3598 dignum,
1109 3532 1227 3598 per
1259 3531 1461 3596 quem
1509 3514 1685 3580 Deus
1726 3511 2001 3600 signum
2056 3510 2324 3581 virtutis
2376 3511 2782 3582 ostenderet.
2824 3515 2947 3602 Per·

436 3608 615 3666 stare
662 3600 884 3687 coepit
932 3599 1399 3667 vehementius
1450 3598 1623 3666 flens
1676 3613 1886 3689 pater,
1942 3612 2006 3667 et
2054 3621 2270 3683 orare,
2329 3615 2400 3669 ut
2446 3602 2826 3669 exanimem
2874 3619 2943 3662 vl·

435 3686 713 3755 sitaret:
769 3701 1113 3776 postremo
1171 3709 1206 3756 a
1275 3688 1888 3757 circumstantibus
1952 3690 2309 3779 Episcopis
2360 3690 2456 3757 ire
2522 3688 2937 3780 compulsus,

435 3774 790 3843 descendit
838 3776 920 3843 ad
973 3776 1255 3844 domum
1315 3776 1603 3864 puellae.
1661 3781 1910 3865 Ingens
1959 3778 2160 3846 turba
2228 3800 2387 3868 prae
2434 3778 2701 3846 foribus
2746 3793 2943 3862 exspe-

435 3876 611 3942 tanS,
666 3865 996 3948 quidnam
1055 3865 1162 3933 Dei
1218 3887 1452 3934 servus
1484 3879 1662 3934 esset
1710 3866 2039 3934 facturus.
2078 3871 2165 3936 Ac
2258 3867 2508 3935 rimum
2546 3871 2750 3954 (quae
2785 3871 2943 3932 erant

436 3952 624 4021 illius
675 3953 1038 4022 familiaria
1075 3954 1142 4021 in
1180 3953 1567 4022 istiusmodi
1609 3954 1812 4022 rebus
1860 3954 2084 4043 arma)
2133 3978 2205 4024 so
2237 3978 2276 4023 o
2320 3969 2703 4044 prostratus
2734 3951 2933 4024 oravit.

437 4041 604 4110 Inde
637 4064 910 4130 aegram
968 4044 1264 4122 intuens,
1319 4042 1464 4110 dari
1519 4043 1649 4111 sibi
1698 4042 1921 4112 oleum
1981 4043 2300 4133 postulat.
2338 4044 2531 4126 Quod
2572 4067 2729 4114 cum
2778 4042 2942 4110 bene·

436 4130 737 4209 dixisset,
795 4132 860 4198 in
913 4154 987 4200 os
1038 4130 1307 4221 puellae
1357 4132 1491 4198 vim
1544 4133 1761 4199 sancti
1806 4132 2092 4218 liquoris
2128 4132 2405 4212 infudit,
2459 4134 2815 4220 statimque
2846 4146 2939 4193 vox

438 4218 701 4286 reddita
728 4234 850 4288 est.
886 4226 1053 4289 Tum
1088 4220 1417 4310 paulatim
1456 4219 1734 4310 singula
1760 4234 2078 4290 contactu
2104 4221 2253 4311 ejus
2278 4235 2651 4311 coeperunt
2677 4217 2935 4290 membra

441 4305 787 4388 viviscere,
842 4307 1058 4377 donec
1110 4309 1398 4378 firmatis
1431 4310 1810 4397 gressibus,
1852 4309 2107 4399 populo
2142 4323 2332 4390 teste,
2371 4312 2686 4381 surrexit.
2728 4305 2934 4398 Eodem

439 4406 744 4480 tempore
791 4397 1080 4465 Tetradii
1143 4397 1508 4486 cujusdam
1582 4398 2096 4487 proconsularis
2152 4400 2277 4467 viri
2331 4421 2569 4470 servus
2622 4399 2934 4467 daemomo
