2993 4837
568 283 696 345 636
1306 298 1383 342 nr.
1428 295 1484 342 S.
1541 295 1915 343 commemo
1963 297 2202 343 Anaua
2668 277 2797 341 Noli.
2827 277 2878 339 21

482 383 867 474 reperitque
916 382 1005 451 ita
1055 382 1291 462 fuisse,
1349 381 1530 453 sicut
1577 382 1722 451 viro
1762 382 1873 452 Dei
1911 381 2130 453 fuerat
2178 380 2563 451 revelatum.
2605 384 2893 449 Pet-secutus

477 485 580 543 est
627 485 851 541 autem
903 470 1366 540 Theodericus
1414 470 1982 550 Theodebertum,
2026 482 2094 540 et
2139 492 2422 541 suorum
2476 467 2794 557 proditione
2821 488 2897 536 et-

481 575 701 652 ptum,
758 559 838 628 ad
893 560 1114 628 aviam
1180 558 1704 628 Brunechildem
1761 560 2070 628 remisit:
2122 581 2301 647 quae
2345 581 2506 628 cum
2554 556 2765 625 faveret
2800 577 2901 644 par·

480 650 664 720 tibus
691 648 1112 726 Theudorici,
1152 647 1530 718 furibunda
1554 648 2091 718 Theodebertum
2135 648 2464 717 clericum
2506 645 2646 715 fieri
2669 644 2837 725 voluit,
2861 654 2906 710 et

482 751 631 829 post
664 737 811 807 dies
852 759 984 807 non
1026 734 1300 817 multoe,
1339 759 1495 806 cum
1538 737 1684 827 jam
1739 750 1916 806 esset
1955 737 2280 817 ClericuS,
2330 735 2540 805 nimis
2586 734 2765 822 impie
2793 733 2917 821 peri

482 826 810 897 mendum
846 825 1133 895 curavit.

566 918 603 1002 ἓ
653 919 821 987 20.
877 919 1082 984 Porro
1141 913 1603 984 Theodericus
1652 914 1838 1003 apud
1905 920 2200 984 Metense
2261 912 2595 1004 oppidum
2658 921 2900 987 moratus,

480 1003 811 1073 divinitus
848 1023 1243 1091 percussus,
1298 1001 1474 1071 inter
1521 1003 1879 1094 flagrantis
1929 1003 2111 1093 ignis
2161 1001 2485 1071 incendia
2539 1010 2888 1070 mortuus&

482 1091 960 1162 Bruncchildis
1005 1102 1233 1161 autem
1286 1090 1506 1160 filium
1558 1090 1708 1180 ejus
1758 1092 2186 1181 Sigebertum
2236 1093 2298 1160 ei
2341 1090 2612 1160 suffecit
2664 1090 2722 1156 in
2767 1102 2881 1185 ψ

481 1185 715 1268 Itaque
764 1180 1099 1249 Clotarius
1163 1200 1424 1249 memor
1490 1180 1891 1271 prophetiae
1939 1181 2066 1250 viri
2117 1181 2282 1260 Dei,
2337 1179 2622 1250 collecto
2666 1186 2882 1245 exem.

483 1270 654 1338 fines
705 1268 921 1359 regni,
972 1268 1094 1355 qui
1141 1267 1296 1355 ejus
1342 1267 1626 1338 ditionis
1672 1279 1906 1349 erant,
1962 1291 2368 1359 recuperare
2416 1281 2722 1337 conatur,
2763 1269 2892 1333 Com

478 1380 636 1428 eum
701 1357 1093 1447 Sigebertus
1158 1371 1591 1447 pugnaturus
1658 1358 1882 1427 venit:
1936 1358 2053 1438 sed
2121 1379 2280 1426 eum
2347 1356 2684 1426 Clotarius

483 1447 790 1536 peremit,
848 1444 1223 1532 fratresque
1261 1446 1411 1535 ejus
1456 1446 1785 1533 quinque,
1839 1446 2239 1516 Theudorici
2289 1445 2497 1525 filios,
2552 1466 2702 1513 cum
2739 1465 2772 1531 p
2805 1471 2823 1499 ι
2861 1481 2867 1496 ·

480 1533 936 1604 Brunechilde
967 1535 1182 1624 cepit;
1229 1555 1476 1624 pueros
1509 1535 1876 1623 separatim
1919 1536 2250 1623 peremit;
2305 1532 2801 1604 Brunechildem
2853 1573 2901 1626 -ιι

485 1624 709 1713 primo
758 1624 775 1690 i
833 1623 1215 1692 nominiose
1264 1623 1526 1691 camelo
1577 1624 2007 1710 impositam,
2065 1624 2379 1693 hostibus
2442 1620 2899 1707 circumducenfl,

481 1725 755 1801 spectan
815 1734 922 1780 am
965 1711 1275 1780 exhibuit
1304 1734 1338 1778 :-
1378 1725 1526 1801 post
1576 1711 2066 1781 indomitorum
2104 1734 2441 1799 equorum
2496 1709 2727 1781 caudis
2764 1704 2901 1784 reli·

481 1813 643 1881 tam,
701 1800 1182 1868 miserabiliter
1229 1801 1361 1869 vita
1414 1800 1723 1890 privavit.
1778 1806 1989 1888 Atque
2041 1801 2129 1870 ita
2192 1800 2514 1871 funditus
2563 1797 2905 1877 radicitusq

479 1888 696 1958 deleta
747 1888 1147 1957 Theodorici
1206 1890 1416 1977 stirpe
1448 1944 1464 1969 ,
1520 1888 1855 1959 Clotarius
1904 1888 2092 1960 solus
2144 1891 2400 1979 potitus
2450 1903 2552 1958 est
2583 1890 2617 1922 ¹*
2664 1887 2826 1955 trium

479 1998 771 2077 gnorum
829 1977 1227 2047 monarchia
1259 2032 1273 2059 ,
1327 1990 1391 2046 et
1446 1978 1621 2046 beati
1677 1976 2084 2048 Columbani
2138 1978 2499 2066 prophetia
2547 1974 2834 2064 completa
2868 1999 2899 2028 κ

478 2089 546 2134 ιη
581 2066 929 2147 omnibus,
967 2066 1382 2135 Theodorico
1424 2066 1603 2134 intra
1641 2067 2013 2135 triennium
2063 2089 2220 2135 cum
2258 2067 2451 2135 omni
2494 2068 2700 2154 stirpe
2743 2058 2913 2151 penit

475 2155 793 2236 extincto,
818 2154 1276 2224 Theodcberto
1305 2156 1371 2222 in
1399 2154 1665 2224 Clerum
1697 2153 1980 2235 adscite,
2010 2154 2299 2225 Clotario
2332 2155 2632 2225 duorum
2657 2164 2910 2241 regnorum

481 2244 870 2313 accessione
918 2255 1118 2312 aucto
1150 2255 1215 2311 et
1262 2242 1565 2311 dilatato.

566 2335 602 2420 ἓ
638 2335 782 2404 M.
825 2338 1065 2401 Beatus
1103 2352 1265 2422 ergo
1313 2331 1779 2401 Columbanus
1825 2342 1902 2401 ut
1936 2330 2102 2400 vidit
2141 2331 2681 2402 'theodebertum
2712 2352 2741 2397 a
2781 2326 2914 2395 Theo·

476 2421 710 2492 dorico
744 2421 1111 2501 devictum,
1168 2421 1400 2490 relicta
1435 2421 1652 2490 Gallia
1692 2434 1896 2507 atque
1943 2422 2332 2502 Germania,
2378 2424 2443 2489 in
2489 2421 2742 2490 Italiam
2771 2416 2916 2502 ingre·

477 2510 665 2579 ditur
694 2509 785 2592 ⁸⁴,
840 2510 958 2579 ubi
1010 2510 1096 2579 ab
1143 2509 1509 2610 Agilulpho
1561 2510 2164 2601 Longobardorum
2201 2515 2383 2598 Rege
2418 2509 2770 2580 honorifice
2799 2526 2885 2571 ex

478 2611 636 2689 ptus
682 2611 806 2677 est,
851 2598 969 2684 qui
1018 2599 1220 2667 etiam
1258 2612 1602 2688 optionem
1652 2599 1713 2667 ei
1762 2598 1971 2678 dedit,
2011 2610 2087 2668 ut
2170 2621 2563 2686 uocumque
2605 2591 2901 2668 ltaliaeln·

476 2686 695 2767 vellet‚
752 2686 1238 2756 habitationem
1292 2687 1420 2756 sibi
1471 2685 1817 2776 deligeret.
1859 2692 2093 2774 Itaque
2118 2621 2291 2755 cdum
2327 2688 2511 2776 apud
2558 2685 2910 2756 Mediolanum

478 2785 809 2856 moratur,
861 2787 927 2844 et
957 2776 1319 2845 haeresum
1355 2775 1654 2857 fraudes,
1709 2788 1911 2862 atque
1943 2776 2267 2845 Arrianae
2300 2775 2629 2866 perfidiae
2657 2771 2911 2843 machis·-

479 2865 977 2953 scripturarum
1022 2864 1323 2934 cauterio
1370 2864 1758 2954 discerpere
1806 2886 1884 2933 ac
1932 2863 2277 2934 dissecare
2323 2877 2637 2946 conatur,
2675 2862 2820 2932 edito
2844 2849 2914 2921 ad-

477 2973 748 3022 versum
801 2951 954 3024 illos
993 2952 1518 3023 florentissimae
1547 2952 1871 3022 scientiae
1902 2951 2158 3033 libello,
2199 2953 2300 3022 vir
2327 2954 2611 3042 quidam
2650 2942 2911 3022 δυουηά*

479 3041 780 3123 nomine,
837 3041 921 3111 ad
974 3046 1223 3143 Regem
1261 3042 1464 3122 venit,
1519 3041 1780 3111 indicat
1828 3063 1899 3113 se
1949 3042 2018 3111 in
2068 3042 2443 3113 solitudine
2483 3043 2747 3113 ruribus
2774 3043 2833 3105 ‚t
2874 3056 2882 3091 ⁴

476 3129 661 3198 ninis
711 3129 888 3200 beati
936 3135 1111 3200 Petri
1159 3129 1631 3220 Apostolorum
1679 3130 2016 3221 principis
2065 3130 2420 3201 basilicam
2479 3131 2693 3210 scire,
2740 3128 2792 3194 in
2833 3136 2919 3206 qm

472 3218 939 3308 experimento
969 3219 1286 3288 didicerit
1316 3219 1601 3289 virtutes
1630 3232 1696 3288 et
1736 3218 2070 3289 miracula
2107 3218 2255 3289 fleri
2287 3243 2302 3306 ;
2338 3220 2565 3291 locum
2608 3220 2802 3309 ipsum
2834 3234 2901 3270 a*

473 3306 781 3377 ubertate
821 3308 1262 3389 foecundum,
1309 3308 1508 3395 aquis
1544 3307 1911 3398 irriguum,
1949 3308 2244 3398 piscium
2278 3308 2478 3399 copia
2512 3305 2916 3388 abundantem:

474 3409 773 3466 veterum
820 3395 1183 3467 traditione
1228 3418 1385 3465 eum
1429 3396 1715 3465 Bobium
1751 3396 1857 3431 *Ψ*
1906 3396 2241 3486 appellari
2291 3420 2331 3466 a
2379 3399 2522 3466 rivo
2567 3394 2820 3484 quodam
2855 3401 2914 3450 §¹⁶

474 3483 699 3565 dicto,
753 3484 894 3554 illic
947 3497 1312 3554 manante:
1365 3485 1480 3555 cui
1529 3484 1904 3572 adjunctus
1954 3485 2043 3554 sit
2089 3485 2316 3554 amnis
2365 3486 2630 3565 Trebia,
2676 3480 2746 3552 ad
2779 3489 2910 3564 quem

472 3573 636 3643 olim
675 3573 960 3644 Annibal
1014 3573 1368 3655 hiemans,
1424 3572 1813 3655 hominum,
1868 3595 2229 3661 equorum,
2284 3573 2778 3663 elephantorum
2812 3580 2910 3662 gra·

474 3663 755 3733 vissima
805 3663 1017 3732 sensit
1062 3661 1340 3731 damna.
1396 3667 1487 3731 Eo
1534 3683 1694 3732 cum
1749 3663 1851 3730 vir
1913 3662 2027 3732 Dei
2077 3684 2330 3753 magna
2373 3663 2591 3732 animi
2641 3663 2906 3731 intentione

473 3752 913 3841 pervenisset,
968 3751 1323 3821 basilicam
1378 3750 1521 3821 illic
1552 3753 1954 3821 semirutam
1990 3752 2261 3841 reperit,
2298 3773 2591 3840 eamque
2620 3752 2906 3833 instaurat}

472 3840 700 3930 prisco
749 3840 977 3910 decori
1012 3840 1326 3910 restituit.
1384 3844 1459 3909 In
1512 3840 1660 3929 ejus
1710 3853 1938 3910 autem
1989 3840 2486 3910 instauratione
2527 3840 2688 3908 mira
2727 3838 2900 3903 Dom¹⁰¹

471 3929 687 3999 virtus
735 3929 1079 3999 declarata
1116 3942 1242 3999 est.
1293 3933 1459 3998 Nam
1511 3950 1669 3997 cum
1708 3949 1829 4018 per
1862 3941 2269 4029 praeruptos
2310 3950 2626 3998 saxorum
2660 3943 2750 3996 sco
2824 3914 2897 3981 ¹⁰⁵·

473 4018 696 4088 trabes
727 4040 803 4087 ex
839 4017 1181 4087 abietibus
1240 4017 1416 4088 inter
1468 4015 1683 4086 densa
1737 4015 1959 4088 saltus
2010 4017 2175 4086 locls
2228 4016 2596 4088 inaccessis
2640 4036 2705 4082 ca
2775 4019 2896 4074 eren·

474 4120 606 4186 tur,
665 4105 764 4176 vel
816 4106 985 4176 alibi
1015 4128 1275 4187 caesae,
1316 4105 1487 4176 inibi
1520 4128 1688 4175 casu
1717 4104 2076 4196 prolapsae
2113 4127 2382 4194 aspero,
2428 4104 2675 4174 aditum
2715 4102 2894 4168 omnem

523 4254 546 4278 *
576 4255 708 4293 Anno
737 4253 921 4293 scillcet
950 4253 1044 4293 ⁶13.

524 4306 577 4332 ω*
608 4308 652 4345 S.
684 4306 1002 4345 Columba-nus
1033 4303 1079 4344 in
1111 4304 1297 4346 ltaliam
1330 4302 1462 4345 venit
1492 4315 1613 4343 :nno
1644 4305 1735 4344 ⁶12.

526 4357 608 4383 ⁸²⁸¹·
637 4357 789 4396 Situm
825 4363 900 4396 est
941 4359 1137 4397 Bobium
1171 4359 1223 4398 tn
1251 4355 1375 4398 nne
1394 4358 1781 4408 profundissima.
1797 4357 1926 4397 haud
1947 4356 2112 4406 procul
2130 4363 2159 4395 ο
2175 4355 2372 4397 flumine
2391 4355 2564 4396 Ττοδίι
2584 4348 2714 4391 &evit
2731 4347 2766 4382 tn
2782 4336 2892 4379 ul*

473 4416 591 4454 quac
614 4420 734 4447 :inno
762 4409 871 4448 lot-t.
893 4425 905 4443 ι
920 4413 1146 4459 ρυωοῃειῐί
1171 4413 1282 4451 sede
1303 4413 1475 4450 donna.
1494 4413 1601 4450 fult.
