2993 4837
70 314 209 380 Nov.
254 315 289 379 4
852 334 928 378 aa
976 333 1029 379 S.
1082 331 1323 379 canoto
1372 331 1704 380 anancaeo
2334 315 2460 379 453

71 418 152 505 pie
185 417 519 503 amiceque
567 428 738 486 tunc
785 416 1105 503 quidem,
1161 417 1503 507 quidquid
1559 433 1788 506 postea
1843 416 2187 496 evenerit,
2241 417 2551 505 accipere

70 504 221 574 visus
254 516 367 576 est.
412 505 597 574 Illud
634 505 1076 575 memorabile
1112 517 1273 576 tunc
1296 507 1677 592 ,Modoetiae
1707 505 2013 595 contigit,
2057 504 2305 574 mulier
2335 505 2548 575 nobili

62 613 263 682 genere
304 607 453 662 nata
491 647 506 672 ‚
567 595 773 683 quus
824 594 993 663 mihi
1043 616 1291 664 nomen
1341 596 1468 664 hoc
1502 594 1780 681 quidem
1839 606 2141 682 tempore
2184 593 2546 662 tacendum

62 694 184 761 est,
225 682 313 751 sic
353 682 772 771 agitabatur,
830 705 907 752 ac
956 682 1242 764 furebat,
1288 697 1362 753 ut
1411 682 1887 753 sanctissimae
1937 682 2402 751 Eucharistiae
2446 706 2550 751 sa-

64 770 493 857 cerdotumque
526 773 983 860 praesentiam
1022 772 1129 840 vix
1165 772 1335 841 ferre
1375 793 1571 860 posse
1606 771 1945 840 videretur
1976 794 1992 845 ς
2033 770 2542 859 implacabilem

68 860 394 927 seoeeteris
429 859 842 950 plerumque
879 863 1267 949 praeberet3
1320 860 1575 929 furiose
1612 874 1894 928 matrem
1937 860 2158 948 ipsam
2198 860 2554 950 impeteret

68 945 392 1027 interdum;
448 962 799 1036 praeterea
851 950 1090 1018 intimo
1137 950 1449 1018 cruciatu
1504 949 1801 1036 quodam
1834 1002 1848 1026 ,
1902 949 2408 1036 agitationeque
2456 948 2550 1016 af-

68 1033 306 1116 flictata,
351 1036 543 1106 nulla
597 1058 689 1118 re,
746 1037 1072 1124 nulloque
1122 1039 1268 1107 loco
1320 1038 1867 1124 conquiescebat.
1923 1038 1997 1106 Id
2039 1036 2158 1105 alii
2210 1037 2554 1107 veneficiis

40 1122 435 1205 ÷trihuebant3
472 1125 597 1195 alii
630 1125 1152 1197 cacodaemonis
1180 1128 1595 1196 vexationem
1626 1126 2162 1206 arbitrabantur,
2201 1148 2280 1195 ac
2318 1126 2552 1196 multis

40 1209 192 1280 &licet
227 1212 542 1283 adhibitis
586 1214 930 1293 remediiS‚
993 1215 1464 1304 adjuratoque,
1527 1215 1586 1283 si
1632 1215 1785 1303 quis
1843 1215 2114 1296 inesset,
2172 1216 2545 1295 daemone,

40 1298 284 1388 ,nullutn
330 1301 632 1372 dabatur
677 1303 1161 1372 levamentum.
1217 1310 1378 1372 Cum
1414 1304 1496 1373 ad
1534 1303 1865 1393 oppidum
1920 1304 2198 1374 Carolus
2232 1305 2542 1382 venisset,

40 1411 43 1478 ξ
78 1387 285 1487 mulier,
324 1413 498 1477 quae
534 1414 741 1479 saepe
779 1413 907 1461 non
947 1391 1273 1482 impedito
1316 1392 1564 1462 mentis
1605 1392 1868 1462 lumine
1900 1415 2096 1461 suam
2140 1392 2552 1481 agnoscebat

40 1478 378 1560 {minei-iam,
420 1482 488 1548 in
526 1502 721 1571 spem
770 1480 971 1560 venit,
1020 1482 1170 1568 ejus
1210 1503 1339 1566 ope
1379 1503 1524 1551 sese
1581 1481 2005 1551 liberandam
2042 1506 2057 1565 3
2096 1503 2396 1568 cumque
2437 1487 2548 1550 Ca·

40 1564 217 1676 [relus
240 1570 654 1656 praeteriret,
690 1569 893 1639 domo
926 1569 1039 1637 illa
1076 1570 1304 1639 subito
1333 1569 1618 1659 prosilit,
1650 1570 1970 1650 accurrit3
2012 1583 2554 1660 praetergressus

64 1653 291 1753 Carolus
322 1674 643 1727 monetur
670 1712 685 1739 ,
726 1659 1083 1728 mulierem
1122 1672 1299 1728 retro
1336 1680 1508 1738 esse,
1545 1680 1722 1744 quae
1754 1659 1886 1728 sibi
1927 1671 2175 1748 peteret
2201 1661 2287 1728 ab
2320 1681 2399 1728 eo
2435 1659 2549 1726 be-

40 1681 278 1828 inedici:
323 1768 700 1816 conversus
745 1747 829 1816 ad
880 1769 1027 1816 eam
1065 1747 1149 1816 de
1199 1769 1385 1817 more
1430 1769 1639 1817 manu
1673 1747 1900 1817 crucis
1940 1748 2217 1837 signum
2262 1747 2549 1827 format3

127 1852 179 1899 m
216 1853 284 1901 ea
319 1837 616 1924 graviter
663 1850 1026 1916 commota,
1070 1836 1298 1906 dolere
1350 1834 1655 1925 perinde,
1709 1858 1788 1906 ac
1836 1836 2177 1905 debilitari
2228 1836 2356 1905 sibi
2412 1836 2552 1906 visa

128 1931 182 1999 t,
222 1925 401 2008 quasi
464 1925 956 2015 gravissimum
1019 1924 1280 2012 aliquid
1328 1947 1405 1995 ex
1472 1925 1971 1994 medicamento
2018 1925 2428 2012 dejecisset;
2490 1938 2554 1994 et

132 2029 228 2106 ‘eo
267 2014 588 2102 temporis
640 2026 897 2102 puncto
943 2014 1124 2084 bona
1170 2028 1370 2084 utens
1413 2013 1828 2092 valetudine,
1865 2012 2034 2081 nihil
2075 2034 2381 2099 unquam
2408 2036 2554 2082 am-

132 2117 213 2166 uis
248 2101 579 2188 ejusmodi
629 2123 831 2192 passa
868 2115 990 2182 est,
1034 2102 1212 2188 quod
1254 2124 1374 2171 nos
1406 2123 1584 2182 eam,
1634 2103 1995 2188 virumque
2050 2102 2351 2181 allocuti,
2397 2102 2554 2170 dili-

72 2187 374 2273 &aterque
411 2191 495 2259 de
538 2203 678 2259 tota
720 2211 789 2258 re
822 2212 953 2259 non
991 2191 1198 2260 semel
1233 2191 1583 2270 sciscitati,
1631 2191 1720 2260 ita
1752 2212 1899 2259 esse
1938 2191 2428 2279 comperimus,

140 2271 329 2372 984.
382 2283 771 2365 Insequens
817 2300 1044 2348 annus
1077 2280 1629 2369 septuagesimus
1682 2279 1970 2365 quintus
2018 2279 2200 2348 ultra
2252 2279 2438 2347 inille
2485 2291 2550 2348 et

80 2373 457 2453 mgentos,
516 2367 637 2437 ille
690 2379 834 2436 erat
894 2366 1145 2437 Jubilei
1213 2368 1488 2437 nomine
1541 2368 1882 2457 insignis,
1956 2389 2094 2455 quo
2158 2382 2552 2437 sanctorum

110 2454 476 2549 postolorum
518 2457 698 2526 Petri
731 2470 795 2524 et
835 2456 1050 2537 Pauli,
1107 2479 1185 2526 ac
1234 2458 1405 2527 alias
1453 2458 1787 2545 quasdam
1837 2463 2179 2527 Romanas
2231 2456 2556 2525 Basilicas

72 2544 428 2637 psentibus,
490 2544 899 2634 plenissima
952 2560 1382 2635 peccatorum
1436 2547 1631 2615 venia
1690 2546 1970 2616 concedi
2023 2546 2210 2615 solet.
2268 2551 2549 2615 Romam

74 2631 424 2729 nequidem
476 2633 768 2704 Carolus
813 2634 1079 2715 salutis,
1136 2636 1368 2723 piique
1432 2635 1725 2723 exempli
1781 2636 1995 2725 gratia
2062 2635 2549 2705 constituerat:

66 2713 163 2814 πᾶ,
201 2720 277 2788 ibi
321 2735 592 2793 tantum
648 2725 947 2803 morari,
1009 2740 1344 2810 quantum
1387 2725 1620 2792 veniae
1677 2724 2239 2811 consequendae,
2299 2722 2554 2812 praeci-

70 2818 303 2893 vuisque
344 2823 405 2879 et
450 2810 1005 2900 religiosioribus
1056 2812 1221 2882 locis
1268 2812 1573 2882 visendis
1623 2812 1787 2881 satis
1826 2828 2036 2882 esset:
2111 2814 2322 2880 immo
2375 2809 2547 2878 nihil

48 2904 297 2981 gvmrsus
338 2900 548 2970 etiam
600 2921 759 2968 cum
811 2900 1135 2970 Pontifice
1181 2922 1404 2992 agere,
1466 2900 1597 2969 nisi
1653 2899 1819 2987 quid
1864 2899 2219 2989 spirituale
2276 2920 2557 2989 prorsus

48 2994 438 3074 i-vaetereu
495 2986 987 3079 profectionem
1025 3002 1249 3058 autem
1289 2990 1356 3057 in
1398 3002 1811 3059 autumnum
1848 2989 2067 3078 ipsius
2101 2989 2267 3056 anni
2307 2988 2550 3068 sancti,

52 3068 333 3163 'nemim
384 3091 571 3147 recte
618 3076 991 3166 appellant,
1036 3077 1459 3162 contulerat;
1515 3100 1671 3147 nam
1727 3091 1996 3178 tempus
2051 3075 2222 3145 illud
2274 3098 2352 3145 ex
2402 3099 2550 3145 om-

88 3150 475 3235 mbiaminus
509 3166 1028 3234 incommodum
1063 3166 1391 3235 ecclesiae
1411 3166 1794 3256 judicabat,
1829 3188 1883 3235 si
1915 3165 2192 3253 qnando
2225 3165 2283 3233 ei
2316 3166 2557 3234 abesse

86 3258 293 3346 {ecesse
316 3267 517 3324 esset.
576 3252 703 3322 Sed
753 3255 1109 3324 antevertit
1155 3255 1479 3336 Pontifex,
1534 3269 1599 3325 et
1636 3278 1768 3323 non
1821 3253 2036 3323 semel
2071 3252 2306 3321 Carolo
2345 3252 2556 3341 jussit

78 3337 426 3423 significari,
484 3354 570 3412 ut
615 3355 773 3411 ante
818 3344 982 3412 anni
1031 3343 1304 3412 initium
1357 3343 1519 3413 iret:
1577 3344 1788 3413 multa
1836 3344 2017 3411 enim
2075 3363 2272 3430 posse
2319 3340 2555 3409 admo-

82 3430 220 3499 nere,
246 3447 403 3516 quae
437 3431 528 3501 ad
560 3436 908 3501 Romanae
940 3432 1279 3502 Ecclesiae
1317 3431 1719 3521 dignitatem
1758 3429 2267 3501 accommodata
2302 3441 2552 3508 essent;

76 3518 127 3573 et
153 3512 222 3579 ad
251 3530 670 3589 externorum
712 3519 1127 3620 exemplum,
1182 3521 1300 3607 qui
1349 3543 1426 3590 ex
1463 3533 1599 3590 toto
1647 3521 2027 3589 Christiano
2074 3519 2236 3588 orbe
2270 3523 2553 3587 Romam

80 3598 504 3677 confluxissent
542 3662 556 3688 ,
610 3609 680 3676 in
727 3609 969 3697 primls
1017 3609 1235 3678 utilia.
1294 3615 1539 3679 Verum
1614 3608 1807 3698 plura
1859 3609 1917 3677 is
1957 3607 2101 3695 jam
2155 3604 2555 3708 suppedita-

82 3702 218 3757 verat
253 3715 358 3780 per
401 3696 770 3767 Caruilium
800 3750 821 3777 ,
880 3697 1085 3767 veluti
1128 3698 1211 3766 de
1262 3720 1645 3788 pauperum
1706 3697 1999 3786 hospitio
2046 3693 2551 3774 constituendO,

78 3768 604 3873 demeretricibus
645 3785 1136 3874 segregandis3
1200 3788 1380 3877 quod
1443 3787 1635 3875 pium
1689 3786 2174 3885 hospitalitatis
2218 3782 2552 3862 officium,

84 3858 286 3954 alioqui
321 3875 525 3944 etiam¹
558 3879 813 3943 Romae
852 3874 1056 3944 sicuti
1105 3876 1440 3954 existimo,
1489 3874 2084 3964 praemeditatum,
2125 3870 2553 3953 Praesulum,

81 3966 575 4054 caeterorumque
631 3961 1027 4044 liberalitaS,
1088 3963 1639 4049 christianaeque
1699 3962 2148 4031 beneficentia
2212 3974 2558 4049 tantopere

84 4039 277 4131 tolum
324 4054 768 4142 utmagnus,
825 4073 943 4150 per
987 4065 1247 4121 exteras
1295 4073 1567 4138 quoque
1611 4052 2035 4139 provincias,
2081 4049 2369 4119 extiterit
2420 4061 2557 4117 tam

86 4122 314 4205 illustris
354 4138 671 4230 exempli,
729 4139 1087 4230 religionis
1132 4140 1535 4228 pietatisque
1568 4138 1856 4209 fructus.
1910 4145 2049 4209 Non
2104 4138 2269 4207 satis
2317 4138 2563 4207 habuit

89 4213 302 4294 Carolus
342 4227 650 4317 exemplo
713 4249 838 4297 suo
873 4283 888 4309 ,
948 4250 1107 4299 suos
1158 4228 1718 4309 Mediolanenses,
1775 4228 2081 4314 aliosque
2132 4227 2424 4296 excitare
2473 4226 2558 4295 ad

93 4300 394 4405 Romanam
448 4315 1065 4406 peregrinationem
1118 4316 1655 4405 suscipiendam,
1712 4316 1867 4385 fecit
1904 4315 1966 4383 id
2009 4334 2285 4404 quoque
2320 4315 2561 4383 litteris

91 4389 277 4467 editis:
323 4424 490 4489 quae
526 4425 651 4495 per
683 4403 873 4487 alias,
915 4426 1050 4474 non
1083 4404 1308 4475 solum
1342 4405 1572 4486 urbeS,
1613 4404 1728 4475 sed
1777 4404 2183 4498 provincias,
2236 4415 2562 4491 quaestus
