2993 4837
58 284 219 348 Nov.
276 285 347 346 21
864 303 940 347 ne
990 303 1043 347 s.
1097 301 1467 349 commemo
1517 300 1754 348 Anum
2361 288 2474 349 631

58 387 287 454 liberos
316 388 471 473 ejus
504 387 678 454 intra
728 387 1004 454 triennii
1046 387 1345 475 spatium
1399 388 1768 455 Dominum
1821 387 2150 456 radicitus
2197 387 2573 475 extirpatu—

56 497 215 544 rum.
257 498 293 537 »
338 481 415 543 At
462 475 967 544 Chrodoaldus:
1008 498 1043 541 «
1090 475 1267 558 Quid
1308 477 1396 544 ita
1436 476 1756 563 loqueri3‚
1793 476 1909 557 ait,
1956 498 2142 544 serve
2195 477 2365 544 Dei?
2408 499 2443 542 κ
2496 481 2574 544 Et

56 564 174 631 ille:
228 585 263 628 «
318 568 463 633 Non
510 564 695 632 enim
749 585 1057 654 possum,
1103 564 1349 651 inquit,
1398 564 1621 643 silere,
1678 585 1852 651 quae
1888 564 2221 633 Dominus
2260 565 2470 654 jussit
2502 577 2580 632 ut

57 652 372 738 loquerer.
411 674 448 715 »
478 657 643 721 Vera
677 666 905 722 autem
955 652 1207 722 dixisse
1257 653 1475 722 virum
1533 653 1668 731 Dei,
1709 674 1949 722 omnes
1984 652 2237 721 Galliae
2272 653 2580 722 nationes

59 752 269 828 postea
322 753 709 810 senserunt:
765 742 1332 828 confirmavitque
1374 740 1479 809 his
1531 742 1754 811 verbis
1787 763 1890 821 ea,
1929 764 2106 828 quae
2137 742 2457 831 superius
2493 742 2578 809 ad

58 830 579 920 Ragamundum
633 830 916 899 dixerat.
962 835 1237 899 Peracto
1287 830 1603 920 prandi0‚
1650 831 1753 899 vir
1801 830 1914 900 Dei
1971 830 2054 899 ad
2106 830 2431 920 scapham
2484 851 2580 897 re·

57 919 212 997 diii,
278 920 403 989 ubi
473 932 615 987 tum
671 919 918 1020 reperit
967 940 1129 988 suos
1194 917 1408 987 multo
1473 940 1779 989 moerore
1850 940 2236 1020 oppressos.
2292 923 2576 988 Causam

58 1008 427 1094 inquirens,
471 1020 788 1096 cognovit
833 1029 949 1076 eos
983 1019 1176 1076 nocte
1227 1009 1612 1096 praeterita,
1665 1029 1841 1095 quae
1892 1030 1957 1076 in
2011 1007 2266 1097 scapha
2298 1007 2584 1077 habuis-

61 1110 214 1175 sent,
252 1095 439 1164 furto
488 1095 915 1185 perdidisse:
968 1094 1316 1183 simulque
1367 1118 1657 1177 aurem,
1713 1119 1885 1183 quos
1935 1097 2000 1164 in
2057 1118 2392 1186 pauperes
2446 1117 2576 1164 nou

61 1196 460 1274 erogaverat,
518 1183 781 1254 ablatos
841 1206 1013 1253 esse.
1081 1190 1223 1253 Mox
1279 1207 1442 1275 ergo
1495 1185 1577 1253 ad
1635 1184 2029 1274 sepulcrum
2085 1186 2258 1253 beati
2312 1184 2575 1253 Martini

66 1273 697 1360 repedat‚·queritur
744 1296 817 1342 se
865 1295 997 1342 non
1047 1273 1302 1342 idcirco
1349 1273 1430 1342 ad
1484 1274 1636 1361 ejus
1685 1276 2059 1343 excubasse
2108 1274 2459 1359 reliquiaS‚
2504 1284 2580 1342 ut

74 1360 165 1428 ille
193 1384 313 1430 sua
352 1376 419 1429 et
469 1383 752 1430 suorum
804 1361 1090 1431 fratrum
1134 1362 1387 1430 damna
1438 1362 1832 1463 negligeret.
1884 1368 2012 1431 Nec
2063 1383 2298 1432 mora:
2358 1363 2415 1431 is
2464 1363 2581 1449 qui

69 1451 395 1518 saeculnm
457 1471 617 1517 cum
671 1451 899 1518 aureis
938 1452 1206 1519 furatus
1252 1463 1417 1531 erat,
1455 1464 1677 1540 coepit
1729 1452 1904 1519 inter
1957 1450 2224 1541 flagella
2275 1451 2582 1541 corporis

68 1559 438 1625 poenasque
471 1538 794 1619 clamare,
837 1537 1200 1626 locumque
1235 1539 1562 1619 indicare,
1595 1541 1712 1608 ubi
1748 1541 1936 1608 aurei
1974 1540 2293 1608 occultati
2328 1551 2576 1609 essent.

69 1627 220 1695 Socii
270 1628 334 1695 id
389 1627 774 1708 audientes,
813 1649 1051 1696 omnes
1097 1648 1176 1695 eo
1222 1641 1535 1708 currunt,
1576 1627 1755 1697 furto
1804 1641 2032 1719 erepta
2096 1629 2331 1697 omnia
2395 1628 2585 1697 resti-

68 1725 269 1797 munt,
326 1717 575 1784 virum·
629 1717 737 1783 Dei
788 1727 1176 1804 precantur,
1221 1730 1297 1784 ut
1346 1729 1530 1785 tanto
1580 1718 1818 1786 sceleri
1872 1718 2200 1807 ignoscat.
2249 1717 2319 1785 Id
2377 1717 2585 1786 mira-

71 1803 277 1872 culum
315 1804 647 1890 omnibus
679 1816 998 1873 terrorem
1052 1806 1363 1883 incussit,
1406 1819 1478 1873 ut
1519 1806 1844 1896 deinceps
1878 1807 1994 1893 qui
2041 1807 2206 1874 haec
2236 1806 2579 1885 audirent,

70 1893 271 1961 omnia
321 1914 504 1981 quae
536 1894 662 1961 viri
700 1893 810 1962 Dei
848 1904 1064 1972 erant,
1108 1906 1457 1981 tamquam
1514 1908 1779 1966 sacrata
1811 1896 2145 1985 attingere
2194 1917 2326 1963 non
2379 1894 2587 1963 aude-

75 1994 221 2049 rent.
273 1987 482 2051 Porro
530 1982 898 2070 Leoparius
942 1982 1344 2071 Episcopus,
1389 2005 1547 2051 cum
1601 1985 1744 2054 viro
1791 1983 1899 2052 Dei
1951 1985 2336 2053 necessaria
2391 2004 2586 2073 prae-

77 2068 328 2152 buisset,
382 2072 442 2139 ei
487 2069 828 2139 valedixit.
867 2070 989 2139 Ille
1026 2071 1249 2140 navali
1301 2072 1538 2141 itinere
1581 2072 1799 2141 laetus
1838 2072 1921 2140 ad
1984 2078 2410 2141 Nannetense
2463 2093 2586 2161 op-

84 2157 288 2243 pidum
344 2160 676 2249 pervenit,
722 2172 926 2247 atque
978 2160 1067 2227 ibi
1122 2159 1618 2250 aliquantisper
1667 2174 1974 2230 moratus
2020 2173 2149 2249 est.

159 2248 367 2331 ξίθ.
426 2248 797 2318 Paululum
861 2270 1016 2317 vero
1067 2248 1208 2318 illic
1265 2261 1568 2318 moratus
1630 2251 1731 2317 vir
1791 2250 1951 2329 Dei,
2002 2250 2084 2318 ad
2139 2248 2504 2318 Clotarium

94 2332 411 2422 chilperici
454 2338 659 2428 Regis
700 2337 948 2417 filium,
989 2338 1106 2425 qui
1158 2338 1225 2406 in
1267 2338 1630 2406 Austrasiis
1681 2338 1979 2418 Francis,
2032 2343 2328 2407 extrema
2372 2336 2588 2406 Gallia

90 2421 156 2488 ad
192 2428 529 2497 Oceanum
586 2428 758 2506 sitis,
824 2425 1196 2516 regnabat,
1260 2426 1603 2515 profectus
1649 2441 1772 2495 est.
1827 2433 2031 2497 Porro
2071 2427 2403 2496 Clotarius
2442 2428 2587 2515 jam

86 2512 382 2596 audierat,
438 2516 721 2601 quantis
768 2527 833 2584 et
877 2516 1204 2602 qualibus
1246 2516 1520 2602 inJ'uriis
1568 2517 1789 2585 virum
1847 2517 1956 2585 Dei
1991 2516 2470 2585 Brunecbildis
2512 2537 2590 2583 ac

84 2599 515 2675 Theodericus
549 2605 956 2674 affecissent.
1003 2610 1165 2673 Cum
1202 2626 1365 2695 ergo
1405 2605 1662 2673 videret
1701 2626 1885 2684 eum,
1920 2619 2265 2691 tamquam
2305 2604 2591 2673 caeleste

84 2706 311 2786 munus
336 2693 593 2783 excipit
624 2715 822 2772 eum;
880 2706 1333 2782 precaturque
1362 2693 1942 2783 gratulabunduS,
1987 2706 2063 2762 ut
2095 2693 2150 2762 si
2187 2691 2365 2773 velit,
2415 2692 2592 2760 intra

86 2794 172 2843 sui
207 2784 387 2871 regni
430 2783 608 2852 fines
656 2782 982 2862 resideat;
1037 2804 1107 2851 se
1154 2782 1213 2850 ei
1252 2804 1374 2871 pro
1424 2783 1643 2870 ipsius
1676 2782 2008 2851 arbitratu
2075 2782 2585 2850 inserviturum.

90 2867 148 2930 At
172 2865 276 2936 ille
308 2893 377 2938 se
411 2872 509 2940 ait
560 2871 644 2939 iis
693 2871 759 2939 in
814 2870 981 2939 locis
1013 2871 1385 2939 consistere
1419 2869 1619 2950 nolle,
1675 2869 1776 2938 vel
1821 2883 1893 2940 ut
1942 2871 2070 2940 sibi
2118 2870 2438 2956 majorem
2478 2890 2593 2958 pe·

93 2956 589 3042 regrinationem
626 2959 904 3038 indicat,
963 2958 1063 3027 vel
1107 2959 1240 3049 ipsi
1290 2959 1576 3027 Clotario
1626 2958 1887 3027 nullam
1934 2959 2449 3029 inimicitiarum
2486 2980 2597 3048 oc-

88 3043 397 3118 casionem
439 3049 782 3136 praebeat.
842 3047 1137 3117 Detinuit
1170 3048 1441 3117 interim
1477 3043 1670 3116 illum
1715 3048 1898 3137 apud
1949 3069 2020 3117 se
2063 3047 2393 3118 Clotarius
2432 3058 2598 3134 quot

90 3133 281 3230 potuit
339 3137 624 3217 diebus;
682 3137 1193 3226 castigatusque
1243 3138 1467 3206 verbis
1530 3137 1615 3206 ab
1650 3143 1728 3205 eo
1782 3136 1868 3205 ob
1929 3136 2264 3223 quaedam
2317 3150 2533 3206 errata
2571 3189 2587 3214 ,

89 3220 314 3300 quibus
343 3227 503 3297 aula
547 3228 725 3316 regia
782 3226 891 3294 vix
923 3235 1129 3306 caret,
1186 3225 1475 3315 spondet
1510 3247 1580 3294 se
1615 3247 1739 3315 pro
1777 3226 1930 3310 ejus
1965 3224 2309 3295 voluntate
2365 3223 2598 3295 omnia

92 3313 615 3385 emendaturum.
649 3321 802 3384 Erat
827 3314 1007 3383 enim
1042 3313 1373 3384 Clotarius
1404 3313 1641 3394 solerS,
1674 3313 2163 3401 studiosusque
2196 3313 2592 3404 sapientiae.

98 3395 298 3482 ltaque
347 3416 533 3474 tanto
574 3403 702 3472 sibi
740 3403 966 3473 oblato
1008 3425 1317 3482 munere,
1363 3402 1863 3494 gratulabatur.
1923 3407 2090 3472 Dum
2144 3415 2371 3471 autem
2408 3401 2596 3491 apud

95 3482 426 3561 Clotarium
467 3507 796 3572 moratur,
832 3491 916 3560 lis
946 3493 1167 3562 oritur
1189 3493 1374 3560 inter
1405 3492 1942 3561 Theodebertum
1977 3504 2040 3560 et
2073 3490 2592 3570 Theodoricum,

98 3584 353 3678 tyroque
385 3582 470 3650 de
508 3582 701 3671 regni
737 3581 998 3651 finibus
1033 3603 1188 3650 cum
1224 3581 1436 3649 altero
1466 3579 1914 3670 disceptante.
1961 3580 2160 3649 Mittit
2199 3592 2482 3668 uterque
2521 3579 2604 3648 ad

99 3657 436 3738 ‹Aonas-ium
497 3670 778 3750 leffatos,
834 3669 951 3756 qui
989 3669 1138 3756 ejus
1178 3669 1512 3739 auxilium
1572 3682 1806 3738 contra
1864 3668 2154 3739 alterum
2211 3668 2607 3759 postularet.

100 3746 264 3824 Quod
322 3778 475 3825 cum
529 3726 864 3827 clotarius
911 3756 1111 3828 beato
1148 3758 1570 3828 columbano
1638 3758 2030 3839 indicasset,
2094 3758 2618 3845 consuleretque

100 3851 261 3939 Qum.
301 3865 458 3914 num
511 3868 712 3938 opem
766 3846 963 3915 alteri
1013 3846 1344 3917 adversus
1393 3847 1683 3917 alterum
1738 3846 1911 3917 ferre
1943 3846 2263 3916 deberet:
2318 3846 2432 3915 ille
2466 3867 2622 3938 pro-

107 3920 344 4072 ssbetico
400 3935 651 4024 plenus
702 3936 977 4025 spiritu,
1035 3959 1069 4002 «
1103 3936 1448 4014 Neutrius,
1517 3937 1766 4024 inquit,
1823 3937 2146 4027 precibus
2197 3935 2624 4023 obtempera-

147 4030 217 4079 ιε.
250 4021 445 4092 Porro
478 4026 653 4093 intra
690 4024 818 4094 hoc
881 4025 1252 4095 triennium
1295 4025 1663 4112 utriusque
1699 4047 1985 4115 regnum
2023 4026 2156 4095 sub
2207 4036 2390 4094 tuam
2429 4023 2628 4091 ditio-

112 4113 242 4196 Πβῐῐι
277 4111 487 4181 cadet.
521 4137 557 4179 »
607 4113 861 4208 Videris
911 4113 1246 4183 Clotarius
1294 4114 1570 4183 beatum
1624 4115 1847 4183 virum
1887 4112 2046 4182 talia
2088 4110 2488 4202 prophetico
2514 4132 2629 4178 ore

111 4180 439 4288 dmentem.
495 4202 717 4270 neutri
783 4204 1022 4292 parere
1082 4202 1343 4281 voluit;
1397 4203 1511 4271 sed
1570 4204 1987 4291 promissum
2041 4202 2172 4271 sibi
2225 4214 2496 4284 tempus
2547 4198 2629 4264 fi-

116 4268 328 4351 deliter
370 4301 790 4380 exspectans,
832 4304 982 4381 post
1030 4291 1351 4360 victoriae
1385 4289 1739 4379 triumpho
1775 4291 2029 4380 potitus
2066 4302 2187 4359 est.

162 4397 183 4424 ³*
208 4403 342 4456 Hujus
361 4419 556 4458 nominis
576 4417 830 4462 secundus.
847 4416 1017 4458 Junior
1039 4419 1088 4456 et.
1104 4418 1302 4467 manns
1324 4417 1679 4466 cognominatus
1704 4426 1763 4455 en.
1787 4418 1873 4454 584.
1896 4417 1955 4456 m.
1978 4415 2085 4466 ⁸28).

2557 2249 2589 2282 η.
