2993 4837
543 307 671 371 606
988 325 1066 370 mv.
1114 325 1169 371 s.
1224 325 1588 383 susurru,
1645 324 1824 372 nasis
1875 324 2243 371 nuscanum
2291 323 2453 370 rius
2633 306 2774 371 Not.
2811 304 2873 370 tt)

452 408 743 488 infodit,
810 421 888 478 ut
947 408 1237 477 timida:
1293 430 1514 495 neque
1560 410 1740 477 arcis
1790 408 2116 489 inclusit,
2168 421 2247 477 ut
2300 430 2539 477 avara:
2583 407 2680 476 sed
2720 408 2886 498 magis

376 496 405 581 nl
452 497 637 587 apud
687 496 1028 567 Christum
1079 497 1295 565 divini
1356 519 1478 586 spe
1525 496 1823 568 foenoris
1868 496 2283 568 collocatura
2318 551 2333 577 ,
2400 496 2610 567 missis
2657 498 2887 566 cirmu-

394 594 402 615 ‘
451 607 726 673 quaque
755 583 1053 666 nunciis,
1082 585 1282 675 jubet
1333 608 1668 675 pauperes
1701 608 2178 673 quoscumque
2209 585 2293 654 ad
2326 585 2502 654 diem
2534 586 2892 655 constitutum

451 674 715 755 adesse,
755 676 1102 764 assignato
1139 674 1391 764 pariter
1431 674 1603 756 loc0,
1644 697 1728 744 ne
1764 675 1923 761 quis
1951 676 2104 764 ejus
2135 674 2557 765 ignoratione
2582 696 2711 743 com
2791 675 2893 743 rere

451 785 586 834 non
638 777 885 853 posset.
941 767 1358 854 congregata
1404 763 1617 853 igitur
1645 764 1729 833 ad
1771 763 1956 833 diem
1994 775 2098 833 est
2143 763 2565 832 incredibilis
2606 785 2661 831 m
2739 760 2892 830 titudo

448 853 810 940 utriusque
843 871 1069 933 sexuS,
1124 863 1200 922 ut
1248 874 1605 939 nunquam
1643 852 1900 942 majore
1933 874 2220 922 numero
2255 874 2373 941 per
2405 851 2694 921 Hassiam
2724 864 2779 920 et
2801 854 2894 918 Tu·

449 940 746 1029 ringiam
790 953 1167 1010 conventus
1215 941 1502 1030 inopum
1554 940 1740 1011 visus
1790 963 1939 1010 esse
1976 941 2322 1010 credatur.
2366 940 2593 1010 Videre
2634 953 2764 1009 tum
2798 950 2892 1007 ent

449 1030 638 1099 varia
684 1051 932 1120 genera
983 1051 1364 1119 pauperum
1414 1044 1479 1098 et
1528 1029 2122 1099 incommodorum
2155 1083 2171 1110 ,
2224 1050 2305 1098 ac
2353 1029 2554 1099 veluti
2605 1028 2888 1116 quemda-

449 1118 733 1188 devictis
781 1118 1094 1188 hostibus
1141 1117 1540 1198 exercitum,
1591 1117 1982 1208 accipiendi·
2018 1117 2344 1208 stipendii
2382 1119 2598 1208 gratia
2636 1116 2716 1185 ad
2745 1117 2886 1213 impe:

448 1219 740 1277 retorem
791 1207 1212 1277 convenisse.
1268 1206 1684 1276 Praefecerat
1730 1217 1958 1276 autem
1999 1206 2344 1277 Elisabeth
2394 1208 2698 1275 universo
2737 1218 2880 1275 coen

448 1296 630 1366 viros
658 1295 993 1381 quosdam
1034 1317 1114 1365 ac
1151 1295 1472 1364 mulieres
1502 1349 1517 1375 ,
1569 1297 1689 1382 qui
1745 1295 2042 1385 singulis
2089 1294 2332 1365 ordine
2377 1294 2674 1364 desidere
2702 1292 2882 1382 jussui

451 1384 949 1453 tumultuantes
977 1394 1043 1453 et
1065 1384 1315 1471 quietis
1346 1384 1777 1473 impatientes
1803 1396 2336 1474 compescerent,
2372 1385 2627 1473 adjecta
2658 1380 2818 1473 publi
2872 1468 2884 1479 ο

446 1471 872 1543 confusionis
922 1494 1161 1562 poena,
1218 1472 1284 1541 id
1333 1484 1457 1553 est,
1492 1472 2102 1542 dehonestamento
2148 1472 2563 1542 detondendi
2608 1470 2890 1560 capilli:

447 1562 606 1647 quis
660 1560 796 1630 iam
842 1560 951 1651 (ut
996 1574 1097 1630 est
1136 1561 1425 1631 aviditas
1474 1561 1865 1632 inconditae
1899 1560 2151 1651 plebis)
2188 1561 2479 1642 deserto,
2521 1583 2713 1648 quern
2756 1578 2900 1628 oce*-

447 1671 581 1740 pan
642 1670 756 1717 um
789 1650 1188 1739 accepisset,
1241 1649 1413 1731 loco,
1467 1650 1569 1719 vel
1605 1650 1760 1719 aliis
1793 1651 2140 1739 negotium
2171 1650 2513 1730 exhibere,
2550 1649 2651 1719 vel
2677 1644 2896 1718 secum

452 1739 697 1828 stipem
738 1740 1085 1828 percipere
1131 1739 1595 1808 adnotaretur.
1666 1737 1908 1808 Aderat
1953 1738 2334 1808 etiamnum
2386 1739 2548 1809 huic
2598 1732 2896 1827 spectacah

446 1826 738 1896 aliorum
792 1828 1149 1898 hominum
1202 1828 1447 1916 ingens
1487 1829 1722 1905 turba,
1782 1849 1957 1914 quos
2013 1827 2110 1895 rei
2162 1828 2426 1897 novitas
2476 1827 2560 1896 ad
2608 1824 2900 1895 videndum

447 1916 806 1985 exciverat.
862 1916 1009 1986 Ibat
1046 1938 1208 2007 ergo
1258 1917 1689 2006 pientissima
1746 1937 2128 2006 pauperum
2179 1916 2591 1985 consolatrix
2638 1915 2701 1985 in
2747 1911 2900 1981 medio

449 2018 673 2074 tantae
699 2004 1190 2087 multitudinis,
1233 2004 1404 2075 laeto
1436 2004 1843 2094 placidoque
1877 2005 2070 2075 vultu
2121 2026 2239 2090 per
2267 2004 2584 2093 singulos
2620 2003 2900 2097 pecuniam

447 2093 895 2175 distribuens,
947 2107 1024 2164 ut
1070 2093 1218 2181 ejus
1254 2094 1549 2183 justitia,
1593 2107 1729 2162 tam
1784 2093 2042 2183 insigni
2089 2092 2423 2182 dissipata
2475 2092 2898 2187 praeconimu

447 2182 852 2263 memoriam
902 2182 1179 2252 duraret
1227 2182 1742 2272 sempiternam.
1797 2187 1898 2251 Ita
1961 2182 2200 2272 paucis
2250 2182 2437 2251 horis
2495 2182 2776 2272 erogavit
2814 2197 2900 2245 ctr-

446 2272 613 2340 citer
673 2272 1086 2361 quingentas
1144 2272 1410 2361 argenti
1473 2271 1721 2340 minaS.
1787 2276 1933 2353 Quo
1988 2284 2295 2360 tempore
2357 2270 2588 2361 puella
2642 2265 2898 2357 quaedam

446 2359 932 2450 capillamento
965 2359 1427 2451 pulcherrimo
1463 2381 1822 2449 passoque,
1864 2372 1939 2428 ut
1978 2360 2508 2449 praevaricatrix
2553 2357 2902 2450 supradictae

448 2449 618 2539 legis
650 2503 665 2530 ‚
720 2462 1192 2539 praesentatur
1236 2462 1760 2536 accusaturque.
1816 2449 1937 2518 Cui
1986 2461 2064 2518 ut
2109 2449 2629 2538 quamprimum
2662 2443 2902 2542 detonde—

448 2553 634 2607 retur
678 2538 973 2628 capillus
1005 2593 1020 2620 ,
1074 2538 1414 2608 Elisabeth
1474 2559 1712 2627 praece
1768 2537 1836 2606 it.
1892 2542 2039 2620 Quo
2087 2537 2315 2606 statim
2362 2538 2647 2617 effecto,
2693 2557 2822 2606 cum
2859 2551 2900 2599 in

451 2626 599 2695 lacr
651 2648 798 2695 mas
847 2626 1074 2716 puella
1138 2639 1617 2715 prorumperet
1661 2649 1707 2695 u
1758 2628 2079 2706 errimaS,
2132 2626 2418 2695 aderant
2464 2627 2584 2713 qui
2632 2625 2900 2696 dicerem.

448 2715 594 2783 nihi
662 2715 1190 2804 praevaricatam
1239 2737 1387 2785 esse
1426 2714 1921 2803 juvenculam:
1976 2714 2264 2804 proinde
2299 2715 2641 2784 immerito
2670 2713 2900 2782 affecta-

446 2803 749 2892 injuria;
802 2805 1067 2873 venisse
1114 2803 1302 2873 illam
1355 2804 1610 2874 sororis
1661 2803 2082 2884 invisendae,
2122 2825 2256 2874 non
2288 2803 2487 2892 stipis
2514 2804 2654 2873 acci
2709 2799 2898 2892 iendae.

446 2892 686 2981 gratia.
740 2892 832 2961 Ad
883 2915 1056 2979 quos
1106 2893 1221 2962 Dei
1268 2891 1567 2962 famula:
1621 2897 1865 2962 «Bene
1912 2893 2138 2973 habet,
2199 2893 2665 2979 inquit3‘nihi
2732 2891 2906 2959 damni

447 2979 674 3070 puella
723 2980 923 3051 fecit:
977 2995 1045 3051 at
1093 2981 1314 3072 magis
1360 2980 1769 3051 detrimento
1814 2981 2225 3072 capillorum
2277 2981 2552 3051 lucrum
2587 2974 2904 3050 animaeia-

445 3080 664 3149 ctura,
719 3069 1042 3160 deinceps
1090 3091 1524 3158 nequaquam
1574 3070 1842 3139 choreis
1883 3092 1956 3140 se
2004 3070 2441 3140 immiscebit.
2477 3092 2514 3137 »
2555 3075 2812 3155 Moxque
2832 3085 2906 3159 δεῖ

444 3158 649 3228 citam
699 3158 1160 3249 interrogavit,
1213 3180 1301 3228 an
1350 3180 1659 3245 unquam
1702 3159 2065 3229 sanctioris
2098 3159 2293 3239 vitae,
2344 3164 2611 3245 Deoque
2641 3148 2904 3227 serviendi

449 3247 765 3317 habuerit
805 3247 1244 3317 voluntatem.
1291 3247 1412 3317 Cui
1461 3247 1736 3348 puella:
1791 3269 1829 3314 «
1858 3247 2059 3328 Olim,
2098 3248 2215 3324 ait,
2252 3261 2484 3317 votum
2521 3247 2904 3335 suscepissem

444 3336 528 3404 ad
579 3336 1063 3405 emendatioris
1119 3335 1408 3406 formam
1460 3335 1805 3416 instituti,
1860 3336 1920 3406 si
1972 3357 2077 3404 me
2140 3334 2608 3425 capillamenti
2664 3345 2904 3404 venusta

445 3446 585 3494 non
638 3425 1045 3496 retraxisset.
1091 3451 1114 3488 ι
1144 3465 1235 3476 —-
1271 3448 1297 3488 ‹
1332 3429 1407 3493 Et
1453 3446 1579 3514 ego
1625 3424 1898 3513 (inquit
1952 3424 2294 3493 Elisabeth
2389 3424 2517 3493 hoc
2561 3424 2765 3514 magis
2799 3439 2906 3510 gra-

445 3513 626 3583 tulor
683 3528 953 3583 tuorum
1003 3513 1388 3584 detonsioni
1434 3512 1872 3602 capillorum,
1928 3536 2065 3600 quo
2114 3512 2286 3601 liqui
2341 3513 2448 3581 ius
2499 3513 2791 3603 pervideo
2835 3526 2904 3575 me

446 3602 570 3672 tibi
621 3624 949 3692 magnum
993 3602 1235 3672 salutis
1282 3600 1622 3672 ademisse
1654 3601 2125 3692 dispendium,
2181 3623 2313 3672 non
2367 3601 2524 3690 plus
2558 3600 2902 3692 gratulatura

444 3690 589 3761 filio
639 3713 811 3772 meo,
851 3691 909 3761 si
941 3691 1136 3761 illum
1173 3691 1259 3760 ad
1292 3691 1583 3761 Romani
1614 3690 1832 3761 fasces
1868 3691 2137 3781 imperii
2179 3689 2454 3779 provehi
2502 3690 2902 3790 contigisset.»

447 3781 823 3868 Statimque
845 3792 1269 3868 assumptam
1304 3778 1627 3869 puellam,
1659 3778 1816 3856 dato
1851 3779 2203 3849 humiliori
2234 3779 2493 3858 habitu,
2524 3779 2738 3847 intulit
2762 3794 2902 3846 xeno·

444 3867 712 3950 dochlo,
744 3868 1107 3955 illataeque
1141 3867 1577 3939 ministrandi
1607 3891 1889 3947 munus,
1937 3868 2160 3956 quoad
2200 3869 2468 3952 viveret,
2507 3864 2899 3955 exequendum

444 3958 812 4027 commisit.
886 3961 1236 4027 Caeterum
1297 3957 1761 4027 remeantibus
1823 3958 2010 4026 unde
2076 3970 2441 4036 venerant,
2511 3955 2893 4046 pauperibus,

449 4052 796 4133 Deumque
848 4046 1212 4136 magnifice
1258 4045 1838 4127 collaudantibus,
1892 4046 2175 4136 contigit
2225 4068 2356 4117 non
2412 4067 2662 4135 paucos
2693 4045 2897 4129 tanguo-

448 4136 640 4204 ribus
687 4147 750 4205 et
798 4133 1063 4206 defectu
1122 4134 1369 4204 virium
1436 4135 1912 4236 praepeditos,
1981 4156 2330 4203 remanere
2394 4147 2652 4205 noctem
2703 4150 2890 4202 unam.

446 4225 840 4314 passimque
890 4246 1009 4312 per
1055 4223 1461 4294 xenodochii
1509 4224 1802 4313 angulos
1840 4224 2093 4312 jacere.
2149 4229 2332 4306 Quos
2382 4224 2695 4292 miserata
2725 4215 2891 4290 Deita-

449 4312 681 4390 mula,
751 4313 1096 4403 praecepit
1141 4325 1448 4382 actutum
1482 4367 1504 4394 ,
1559 4313 1729 4383 calis
1776 4325 1841 4381 et
1889 4312 2245 4382 titionibus
2294 4311 2498 4401 longo
2545 4311 2758 4382 ordine
2781 4325 2890 4407 pcn-

445 4399 741 4470 cinnatis
805 4402 1031 4471 focum
1095 4402 1472 4483 succendi,
1553 4401 2111 4492 pauperibusque
2174 4401 2533 4472 commode
2598 4399 2884 4469 adhibitis,
