2993 4837
445 290 528 353 5ss
1071 307 1148 351 ne
1196 303 1284 351 ss.
1338 303 1653 352 Acinnmo
1703 307 1776 352 ιιι·
1825 305 2021 353 sociis
2070 308 2182 352 mi.
2607 286 2762 350 Nov.
2804 290 2834 350 Ξ

448 392 483 475 ξ
531 392 611 458 8.
668 394 858 458 Unus
905 400 1131 458 autem
1182 410 1260 458 ex
1313 389 1644 459 ministris
1679 444 1694 467 ,
1748 389 2139 458 admirabili
2187 388 2680 475 obstupefactus
2723 412 2842 475 spe·

358 478 649 557 ctaculo,
702 477 1144 545 exclamavit:
1203 501 1237 542 «
1268 483 1555 577 Magnus
1595 491 1694 547 est
1744 482 1918 547 Deus
1968 479 2544 555 Christianorum;
2583 501 2614 542 »
2658 491 2715 544 et
2741 482 2845 565 Ty-

366 588 581 634 ranno
619 566 830 634 dixit:
886 589 921 631 «
953 569 1002 636 Ο
1050 566 1567 647 crudelissime,
1620 588 1981 653 quousque
2032 568 2164 636 tuis
2208 567 2426 657 jussis
2479 588 2595 635 nos
2640 587 2845 644 vexas,

348 654 605 742 jubens
656 676 778 723 nos
810 655 1088 745 aggredi
1140 677 1217 724 ea
1251 677 1423 741 quae
1459 669 1620 723 sunt
1671 655 1990 725 inutilia?
2037 661 2166 725 Nos
2199 656 2409 734 enim,
2461 655 2572 741 qui
2623 655 2734 721 tibi
2767 676 2849 721 ce-

361 743 618 823 dimus,
674 743 986 813 videmus
1024 744 1161 832 pati
1214 744 1461 833 potius,
1517 766 1720 830 quarn
1777 744 2021 813 Christi
2076 750 2425 833 Martyres,
2461 768 2494 809 »
2538 749 2857 832 Tyrannus

360 848 584 900 autem
637 832 1084 901 conturbatus
1137 833 1487 920 repentina
1535 835 1685 921 ejus
1724 834 2119 911 mutatione,
2170 834 2333 901 iram
2379 832 2649 917 quidem
2702 830 2888 915 apudr

362 942 430 988 se
479 920 652 989 celat
688 976 702 997 ,
757 920 870 989 sed
929 921 1524 990 mansuetudinem
1596 921 1935 990 simulans
1984 922 2164 1010 apud
2232 922 2683 1009 Aplithonium
2727 920 2888 1007 (hoc

362 1009 543 1077 enim
595 1023 739 1077 erat
790 1031 1033 1078 nomen
1086 1010 1142 1078 ei
1206 1010 1319 1096 qui
1387 1008 1841 1097 crediderat):
1904 1038 1924 1070 ει
1973 1010 2157 1079 Jube
2216 1032 2375 1085 eos,
2447 1009 2703 1096 inquit,
2754 1007 2878 1076 cito·

363 1098 594 1185 egredi
644 1120 722 1166 ex
775 1097 1131 1167 lebetibus.
1166 1123 1200 1163 »
1255 1098 1356 1167 llli
1405 1120 1556 1167 vero
1598 1097 1791 1177 salvi,
1851 1120 1980 1167 non
2035 1122 2231 1167 secus
2273 1113 2472 1185 atque
2521 1119 2755 1166 aurunt
2800 1120 2860 1163 ex

366 1187 661 1266 fornace,
722 1200 991 1275 repente
1038 1202 1484 1277 emergenteS,
1525 1202 1958 1256 accesserunt
2006 1188 2087 1255 ad
2143 1192 2651 1275 Imperatorem.
2693 1190 2864 1274 Egre-

364 1275 521 1364 gius
568 1289 792 1344 autem
847 1275 1317 1363 Aphthonius,
1377 1291 1676 1344 recenter
1724 1290 2147 1365 compactam
2218 1276 2417 1344 fidem
2484 1275 2680 1343 veluti
2730 1295 2867 1341 con·

369 1365 697 1432 lirinans:
754 1388 786 1428 «
824 1369 1065 1433 Notum
1118 1365 1238 1432 tibi
1296 1364 1426 1444 sit,
1485 1364 1754 1450 inquit,
1809 1386 1847 1432 0
1901 1371 2031 1433 Rex
2065 1420 2079 1445 ,
2133 1365 2310 1452 quod
2381 1370 2585 1433 Deum
2637 1362 2861 1437 adoro,

364 1474 567 1538 quem
612 1452 846 1521 colunt
890 1452 1292 1533 Christiani,
1347 1465 1410 1521 et
1449 1454 1507 1520 ei
1561 1453 1683 1523 soli
1727 1454 1943 1523 servio
1979 1510 1992 1531 ‚
2055 1468 2116 1522 et
2170 1476 2273 1521 me
2329 1454 2433 1522 his
2475 1452 2736 1521 Sanctis
2772 1450 2888 1519 ad*

354 1541 599 1641 jungO.
640 1566 673 1605 »
728 1540 845 1609 Ille
893 1554 1119 1609 autem
1178 1545 1422 1632 magna
1457 1543 1606 1630 ejus
1647 1541 1934 1611 andacia
1970 1557 2033 1611 et
2072 1542 2320 1611 fiducia
2357 1540 2867 1629 obstupefactus,

370 1630 565 1698 bonis
609 1629 829 1699 verbis
876 1644 939 1699 et
991 1630 1322 1698 bonorum
1381 1631 1737 1719 promissis
1784 1652 1939 1699 eum
1992 1631 2371 1699 conabatur
2424 1632 2647 1719 potius
2703 1628 2882 1695 indu-

365 1740 538 1796 cere,
576 1718 856 1787 dicens:
913 1744 945 1782 «
979 1724 1115 1807 Ego
1150 1718 1270 1788 tibi
1308 1741 1515 1787 causa
1557 1719 1655 1788 fui
1690 1719 1899 1806 hujus
1935 1721 2351 1796 mutationis,
2391 1721 2506 1806 qui
2545 1734 2604 1787 te
2640 1716 2880 1789 tamdiu

370 1806 613 1892 reliqui
667 1809 731 1875 in
784 1830 909 1887 ra,
980 1807 1045 1874 in
1098 1830 1231 1893 qua
1283 1806 1467 1875 suisti
1519 1808 1936 1886 collocatu5‚
1999 1807 2280 1887 militia,
2334 1822 2397 1876 et
2449 1831 2580 1876 non
2645 1829 2791 1876 sum
2835 1808 2888 1871 te'

371 1895 746 1995 majoribus
794 1896 1118 1984 dignatus
1154 1896 1573 1989 honoribus:
1632 1896 1746 1966 sed
1798 1898 1853 1964 si
1903 1897 2066 1983 quid
2107 1898 2465 1983 hucusque
2498 1896 2888 1973 defecimus,

367 1983 430 2051 id
466 2006 610 2073 jam
652 1984 934 2075 implere
981 1985 1435 2054 studebimus.
1491 1985 1668 2054 Nihil
1721 2007 1881 2075 ergo
1934 1986 2206 2065 veritus
2264 1986 2374 2053 dic
2426 1985 2662 2065 libere,
2706 2004 2860 2070 quas

369 2094 523 2140 nam
577 2073 818 2162 cupias
867 2073 1272 2163 dignitates:
1331 2087 1516 2142 tuam
1577 2074 1758 2142 enim
1817 2074 2202 2163 petitionem
2272 2096 2704 2160 nequaquam
2761 2092 2854 2139 om

368 2161 529 2229 nino
559 2184 951 2232 renuemus.
979 2186 1011 2227 »
1042 2169 1087 2230 Α
1119 2163 1380 2232 Christo
1415 2174 1642 2232 autem
1681 2185 1914 2231 recens
1945 2164 2201 2232 electus
2237 2163 2463 2231 miles:
2498 2187 2532 2227 «
2564 2160 2888 2237 Desidere.

368 2251 612 2337 inquit,
671 2274 709 2319 o
759 2257 917 2329 Rex,
963 2273 1112 2320 eam
1164 2252 1473 2341 accipere
1513 2251 1851 2329 militiam,
1891 2273 2095 2338 quam
2138 2253 2279 2342 ipse
2324 2274 2456 2320 non
2495 2264 2685 2340 potes
2722 2268 2862 2339 prae

370 2342 566 2408 bere:
622 2340 735 2408 sed
792 2339 980 2408 solus
1033 2344 1164 2407 Rex
1205 2338 1632 2422 immortalis,
1686 2341 1803 2427 qui
1861 2341 1983 2409 scit
2017 2342 2219 2426 etiam
2257 2340 2432 2408 dona
2490 2341 2725 2431 largiri
2779 2339 2854 2405 ini

372 2429 777 2497 mortalia.»
832 2435 993 2497 Cum
1049 2451 1209 2518 ergo
1254 2430 1404 2517 ejus
1444 2430 1711 2499 firmam
1765 2443 1826 2497 et
1881 2430 2190 2499 stabilem
2244 2430 2595 2498 didicisset
2638 2442 2856 2497 senten

370 2517 574 2596 tiam,
628 2540 783 2586 eum
838 2517 1066 2585 statim
1109 2518 1567 2598 condemnat,
1627 2532 1699 2587 ut
1746 2519 1805 2585 vi
1856 2532 2061 2606 caput
2128 2519 2408 2587 feriatur
2455 2518 2732 2609 gladio,
2790 2536 2900 2604 pro

370 2606 715 2695 supplicio
763 2627 839 2673 ea
894 2605 1224 2694 largitus,
1278 2628 1451 2692 quae
1500 2620 1693 2675 erant
1741 2608 1797 2675 ei
1856 2608 2147 2676 maxime
2194 2606 2515 2696 optanda.
2571 2608 2699 2688 Qui
2751 2626 2896 2673 cnm

371 2693 681 2762 lubenter
727 2715 874 2762 eam
928 2695 1299 2783 accepisset
1346 2696 1803 2764 sententiam:
1860 2721 1893 2758 «
1936 2702 2069 2784 Ago
2122 2697 2238 2765 tibi
2290 2697 2566 2785 gratias,
2629 2696 2884 2781 inquit,

376 2784 674 2858 Domine,
730 2783 907 2868 quod
967 2805 1071 2850 me
1122 2806 1383 2863 servas,
1439 2786 1555 2870 qni
1610 2807 1761 2854 sum
1819 2785 2198 2874 indignus,
2258 2798 2530 2874 propter
2584 2803 2894 2872 magnam

370 2884 554 2939 tuam
607 2869 1131 2960 etjnell'abilem
1188 2872 1756 2942 misericordiam.
1815 2877 2165 2961 Propterea
2219 2876 2446 2941 anima
2489 2895 2632 2940 inea
2674 2889 2732 2941 te
2769 2871 2904 2939 lau⁴

366 2959 592 3040 dabit,
634 2972 696 3028 et
740 2981 981 3027 nomen
1036 2973 1343 3030 sanctum
1402 2977 1594 3031 tuum
1648 2960 2099 3052 glorificabit,
2161 2984 2342 3030 nunc
2392 2975 2452 3029 et
2508 2962 2571 3029 in
2624 2960 2849 3030 secula

368 3052 599 3118 Amen.
643 3072 790 3116 »....

456 3138 489 3223 ξ
539 3143 632 3208 9.
688 3142 839 3207 Post
892 3137 1053 3206 baec
1105 3138 1369 3206 Sanctis
1417 3138 1585 3208 dicit
1624 3144 1796 3207 Rex:
1853 3162 1886 3203 «
1927 3143 2015 3206 Ne
2048 3139 2468 3217 existimetis,
2514 3139 2761 3224 inquit,
2807 3157 2900 3204 me

372 3226 559 3294 vobis
606 3247 819 3312 aeque
871 3226 1076 3294 levem
1123 3250 1199 3294 ac
1236 3226 1502 3296 facilem
1547 3241 1828 3296 mortem
1867 3226 2265 3306 allaturum,
2312 3240 2514 3314 atque
2553 3228 2730 3296 male
2769 3247 2902 3315 per-

368 3313 592 3382 dendo
628 3315 1031 3403 Apbtltonio.
1074 3320 1235 3383 Nam
1280 3316 1607 3404 paulatim
1644 3315 2107 3384 acerbissimis
2146 3317 2498 3386 tormentis
2528 3338 2771 3385 carnes
2809 3336 2902 3381 ve-

369 3416 544 3471 stras
574 3425 1013 3482 consumens,
1061 3404 1516 3473 miserabilem
1559 3404 1746 3473 vobis
1800 3418 2079 3473 mortem
2133 3405 2434 3473 afferam.
2461 3429 2494 3470 »
2534 3408 2709 3474 Haec
2752 3424 2899 3470 cum

371 3492 694 3573 dixisset,
765 3492 1061 3561 bubulos
1108 3493 1305 3581 jubet
1370 3493 1592 3561 afferri
1645 3493 1916 3573 culeOS‚
1971 3508 2034 3562 et
2087 3508 2358 3562 sanctos
2424 3495 2489 3561 in
2542 3515 2656 3562 eos
2724 3489 2898 3579 injici

369 3585 739 3669 Martyres:
812 3581 1060 3649 deinde
1130 3583 1193 3650 in
1265 3603 1515 3666 aquam
1572 3581 1869 3650 immitti.
1942 3586 2081 3650 Hoc
2149 3597 2372 3651 autem
2435 3604 2591 3650 cum
2657 3581 2901 3649 factum

369 3683 545 3739 esset
587 3670 880 3738 maxima
925 3669 1285 3748 celeritate,
1325 3670 1423 3737 eis
1462 3673 1699 3738 beatus
1730 3684 2012 3760 apparet
2041 3675 2081 3739 A
2143 3671 2469 3740 btbonius
2510 3670 2717 3739 simul
2753 3689 2904 3737 cum

371 3758 611 3838 tribuS,
670 3758 927 3826 indutis
976 3758 1291 3827 candidis
1344 3760 1669 3836 vestibus,
1723 3781 2016 3846 quorum
2122 3760 2300 3828 ivina
2341 3760 2583 3827 virtute
2617 3758 2907 3826 disrum-

373 3860 630 3934 puntur
679 3846 903 3922 culei‚
958 3861 1021 3914 et
1074 3859 1287 3915 terrae
1340 3846 1553 3917 illaesi
1626 3848 2005 3916 redduntur
2053 3850 2138 3917 ab
2187 3851 2284 3917 eis
2343 3853 2688 3936 Martyres.
2744 3852 2902 3915 Cum

368 3936 466 4002 sic
516 3957 677 4024 ergo
725 3936 1070 4023 conspecti
1125 3935 1409 4005 fuissent
1455 3959 1494 4005 a
1545 3942 1904 4025 Tyranno,
1961 3937 2302 4005 arbitrans
2357 3937 2466 4004 ille
2521 3958 2647 4004 non
2704 3935 2906 4004 fuisse

368 4022 621 4091 factum
662 4079 676 4104 ,
731 4025 909 4110 quod
967 4025 1111 4112 ipse
1149 4025 1491 4113 jusserat,
1551 4027 1776 4095 statim
1847 4026 2134 4094 surrexit
2189 4026 2269 4094 ad
2326 4024 2745 4114 supplicium
2798 4044 2906 4090 su-

372 4111 696 4180 mendum
750 4113 833 4180 de
887 4113 1278 4194 lictoribuS,
1332 4128 1395 4184 et
1444 4116 1669 4184 statim
1713 4115 1924 4203 jussit
1971 4137 2206 4183 eorum
2273 4137 2518 4183 manus
2566 4108 2902 4200 amputari

370 4199 619 4288 gladio.
677 4205 883 4270 Erant
930 4216 1157 4272 autem
1208 4218 1503 4290 quatuor
1556 4225 1860 4272 numero.
1927 4203 2173 4272 Deinde
2203 4225 2317 4272 eos
2359 4204 2455 4272 sic
2498 4224 2614 4289 pro
2651 4199 2905 4268 Sanctis

370 4289 644 4357 immitti
699 4291 763 4356 in
822 4291 1235 4379 profundum
1294 4293 1525 4362 maris.
1583 4292 1772 4374 Quod
1827 4291 2102 4377 quidem
2157 4315 2313 4360 cum
2369 4292 2578 4371 lieret,
2632 4303 2696 4358 et
2740 4286 2899 4356 mari

372 4378 822 4459 traderentur,
877 4379 1389 4449 exclamabant:
1447 4403 1480 4446 «
1529 4381 1833 4460 Domine,
1885 4381 2120 4469 excipe
2175 4395 2437 4450 nostros
2488 4380 2791 4469 spirituS,
2843 4387 2901 4441 et
