<?xml version="1.0" encoding="UTF-8"?>
<!DOCTYPE html PUBLIC "-//W3C//DTD XHTML 1.0 Transitional//EN"
    "http://www.w3.org/TR/xhtml1/DTD/xhtml1-transitional.dtd">
<html xmlns="http://www.w3.org/1999/xhtml" xml:lang="en" lang="en">
 <head>
  <title>
</title>
<meta http-equiv="Content-Type" content="text/html;charset=utf-8" />
  <meta name='ocr-system' content='tesseract 3.04.00' />
  <meta name='ocr-capabilities' content='ocr_page ocr_carea ocr_par ocr_line ocrx_word'/>
</head>
<body>
  <div class='ocr_page' id='page_1' title='image "./historiaeseuvit05lippgoog_0577.png"; bbox 0 0 2993 4837; ppageno 0'>
   <div class='ocr_carea' id='block_1_1' title="bbox 35 287 2453 356">
    <p class='ocr_par' dir='ltr' id='par_1_1' title="bbox 35 287 2453 356">
     <span class='ocr_line' id='line_1_1' title="bbox 35 287 2453 356; baseline -0.002 -1"><span class='ocrx_word' id='word_1_1' title='bbox 35 293 161 356; x_wconf 66' lang='lat' dir='ltr'>TOV.</span> <span class='ocrx_word' id='word_1_2' title='bbox 229 290 311 355; x_wconf 82' lang='lat'>¹7</span> <span class='ocrx_word' id='word_1_3' title='bbox 679 309 757 353; x_wconf 73' lang='lat' dir='ltr'>ne</span> <span class='ocrx_word' id='word_1_4' title='bbox 805 308 861 354; x_wconf 92' lang='lat' dir='ltr'>s.</span> <span class='ocrx_word' id='word_1_5' title='bbox 916 305 1208 353; x_wconf 60' lang='lat' dir='ltr'>mommio</span> <span class='ocrx_word' id='word_1_6' title='bbox 1257 307 1356 352; x_wconf 72' lang='grc' dir='ltr'>ΕΡ.</span> <span class='ocrx_word' id='word_1_7' title='bbox 1411 303 1855 351; x_wconf 56' lang='lat' dir='ltr'>stan-&gt;tonino</span> <span class='ocrx_word' id='word_1_8' title='bbox 2325 287 2453 351; x_wconf 77' lang='lat'>537</span> 
     </span>
    </p>
   </div>
   <div class='ocr_carea' id='block_1_2' title="bbox 35 390 2547 4120">
    <p class='ocr_par' dir='ltr' id='par_1_2' title="bbox 35 390 2543 1638">
     <span class='ocr_line' id='line_1_2' title="bbox 39 390 2542 480; baseline -0.002 -18"><span class='ocrx_word' id='word_1_9' title='bbox 39 394 405 462; x_wconf 88' lang='lat' dir='ltr'>dducitur:</span> <span class='ocrx_word' id='word_1_10' title='bbox 460 391 633 460; x_wconf 87' lang='lat' dir='ltr'>alter</span> <span class='ocrx_word' id='word_1_11' title='bbox 665 391 942 460; x_wconf 90' lang='lat' dir='ltr'>nomine</span> <span class='ocrx_word' id='word_1_12' title='bbox 991 390 1283 460; x_wconf 87' lang='lat' dir='ltr'>Cronion</span> <span class='ocrx_word' id='word_1_13' title='bbox 1323 445 1337 470; x_wconf 95' lang='lat'>,</span> <span class='ocrx_word' id='word_1_14' title='bbox 1391 401 1846 480; x_wconf 89' lang='lat' dir='ltr'>cognomento</span> <span class='ocrx_word' id='word_1_15' title='bbox 1894 393 2173 469; x_wconf 87' lang='lat' dir='ltr'>Eunus,</span> <span class='ocrx_word' id='word_1_16' title='bbox 2227 401 2291 458; x_wconf 91' lang='lat' dir='ltr'>et</span> <span class='ocrx_word' id='word_1_17' title='bbox 2340 411 2542 457; x_wconf 84' lang='lat' dir='ltr'><strong>senex</strong></span> 
     </span>
     <span class='ocr_line' id='line_1_3' title="bbox 36 478 2539 578; baseline -0.003 -28"><span class='ocrx_word' id='word_1_18' title='bbox 36 505 126 551; x_wconf 71' lang='lat' dir='ltr'>ose</span> <span class='ocrx_word' id='word_1_19' title='bbox 171 482 509 551; x_wconf 78' lang='lat' dir='ltr'>Julianus</span> <span class='ocrx_word' id='word_1_20' title='bbox 559 481 638 560; x_wconf 66' lang='lat'>⁴⁸,</span> <span class='ocrx_word' id='word_1_21' title='bbox 700 481 1064 550; x_wconf 88' lang='lat' dir='ltr'>Dominum</span> <span class='ocrx_word' id='word_1_22' title='bbox 1127 480 1424 566; x_wconf 82' lang='lat' dir='ltr'>ingenue</span> <span class='ocrx_word' id='word_1_23' title='bbox 1471 478 1930 547; x_wconf 85' lang='lat' dir='ltr'>confitentur:</span> <span class='ocrx_word' id='word_1_24' title='bbox 1982 478 2100 564; x_wconf 89' lang='lat' dir='ltr'>qui</span> <span class='ocrx_word' id='word_1_25' title='bbox 2156 500 2276 578; x_wconf 87' lang='lat' dir='ltr'>per</span> <span class='ocrx_word' id='word_1_26' title='bbox 2335 491 2539 546; x_wconf 88' lang='lat' dir='ltr'>totam</span> 
     </span>
     <span class='ocr_line' id='line_1_4' title="bbox 36 567 2542 657; baseline -0.003 -17"><span class='ocrx_word' id='word_1_27' title='bbox 36 572 253 648; x_wconf 45' lang='lat' dir='ltr'>&gt;tt-bem,</span> <span class='ocrx_word' id='word_1_28' title='bbox 300 591 480 656; x_wconf 89' lang='lat' dir='ltr'>quae</span> <span class='ocrx_word' id='word_1_29' title='bbox 527 584 731 648; x_wconf 91' lang='lat' dir='ltr'>certe,</span> <span class='ocrx_word' id='word_1_30' title='bbox 788 569 1149 648; x_wconf 76' lang='lat' dir='ltr'>utnostis,</span> <span class='ocrx_word' id='word_1_31' title='bbox 1188 567 1620 657; x_wconf 89' lang='lat' dir='ltr'>amplissima</span> <span class='ocrx_word' id='word_1_32' title='bbox 1653 581 1778 644; x_wconf 89' lang='lat' dir='ltr'>est,</span> <span class='ocrx_word' id='word_1_33' title='bbox 1832 567 2114 650; x_wconf 86' lang='lat' dir='ltr'>camelis</span> <span class='ocrx_word' id='word_1_34' title='bbox 2155 567 2542 635; x_wconf 82' lang='lat' dir='ltr'>insedentes</span> 
     </span>
     <span class='ocr_line' id='line_1_5' title="bbox 38 654 2538 741; baseline -0.002 -13"><span class='ocrx_word' id='word_1_35' title='bbox 38 660 287 739; x_wconf 77' lang='lat' dir='ltr'>educti,</span> <span class='ocrx_word' id='word_1_36' title='bbox 317 673 385 726; x_wconf 87' lang='lat' dir='ltr'>et</span> <span class='ocrx_word' id='word_1_37' title='bbox 420 659 507 725; x_wconf 89' lang='lat' dir='ltr'>ita</span> <span class='ocrx_word' id='word_1_38' title='bbox 537 658 872 728; x_wconf 88' lang='lat' dir='ltr'>sublimes</span> <span class='ocrx_word' id='word_1_39' title='bbox 899 657 1297 726; x_wconf 88' lang='lat' dir='ltr'>verberibus</span> <span class='ocrx_word' id='word_1_40' title='bbox 1328 657 1534 735; x_wconf 87' lang='lat' dir='ltr'>caesi,</span> <span class='ocrx_word' id='word_1_41' title='bbox 1577 655 1848 724; x_wconf 87' lang='lat' dir='ltr'>tandem</span> <span class='ocrx_word' id='word_1_42' title='bbox 1880 656 2215 724; x_wconf 86' lang='lat' dir='ltr'>immenso</span> <span class='ocrx_word' id='word_1_43' title='bbox 2239 654 2538 741; x_wconf 84' lang='lat' dir='ltr'>quodam</span> 
     </span>
     <span class='ocr_line' id='line_1_6' title="bbox 35 744 2540 838; baseline -0.002 -20"><span class='ocrx_word' id='word_1_44' title='bbox 35 771 145 836; x_wconf 85' lang='lat' dir='ltr'>ogo</span> <span class='ocrx_word' id='word_1_45' title='bbox 166 762 484 838; x_wconf 66' lang='lat' dir='ltr'>etsupra</span> <span class='ocrx_word' id='word_1_46' title='bbox 512 747 793 816; x_wconf 88' lang='lat' dir='ltr'>modum</span> <span class='ocrx_word' id='word_1_47' title='bbox 823 746 1326 824; x_wconf 75' lang='lat' dir='ltr'>exardescente,</span> <span class='ocrx_word' id='word_1_48' title='bbox 1369 746 1729 814; x_wconf 84' lang='lat' dir='ltr'>hominum</span> <span class='ocrx_word' id='word_1_49' title='bbox 1762 744 2207 814; x_wconf 88' lang='lat' dir='ltr'>multitudine</span> <span class='ocrx_word' id='word_1_50' title='bbox 2232 744 2540 830; x_wconf 91' lang='lat' dir='ltr'>undique</span> 
     </span>
     <span class='ocr_line' id='line_1_7' title="bbox 36 832 2543 922; baseline -0 -19"><span class='ocrx_word' id='word_1_51' title='bbox 36 835 434 915; x_wconf 75' lang='lat' dir='ltr'>ircumfusa,</span> <span class='ocrx_word' id='word_1_52' title='bbox 487 836 1019 904; x_wconf 90' lang='lat' dir='ltr'>comburuntur.</span> <span class='ocrx_word' id='word_1_53' title='bbox 1072 840 1159 903; x_wconf 82' lang='lat' dir='ltr'>Ac</span> <span class='ocrx_word' id='word_1_54' title='bbox 1209 835 1378 903; x_wconf 90' lang='lat' dir='ltr'>dum</span> <span class='ocrx_word' id='word_1_55' title='bbox 1427 833 1952 902; x_wconf 82' lang='lat' dir='ltr'>abducebantur</span> <span class='ocrx_word' id='word_1_56' title='bbox 1982 832 2067 901; x_wconf 88' lang='lat' dir='ltr'>ad</span> <span class='ocrx_word' id='word_1_57' title='bbox 2115 835 2339 902; x_wconf 88' lang='lat' dir='ltr'>locum</span> <span class='ocrx_word' id='word_1_58' title='bbox 2379 855 2543 922; x_wconf 91' lang='lat' dir='ltr'>sup-</span> 
     </span>
     <span class='ocr_line' id='line_1_8' title="bbox 42 921 2535 1010; baseline -0.002 -17"><span class='ocrx_word' id='word_1_59' title='bbox 42 926 221 1006; x_wconf 90' lang='lat' dir='ltr'>licii,</span> <span class='ocrx_word' id='word_1_60' title='bbox 279 925 481 993; x_wconf 88' lang='lat' dir='ltr'>miles</span> <span class='ocrx_word' id='word_1_61' title='bbox 531 925 810 1010; x_wconf 89' lang='lat' dir='ltr'>quidam</span> <span class='ocrx_word' id='word_1_62' title='bbox 848 979 862 1005; x_wconf 94' lang='lat'>,</span> <span class='ocrx_word' id='word_1_63' title='bbox 921 925 1199 992; x_wconf 90' lang='lat' dir='ltr'>nomine</span> <span class='ocrx_word' id='word_1_64' title='bbox 1246 923 1438 991; x_wconf 86' lang='lat' dir='ltr'>Befas</span> <span class='ocrx_word' id='word_1_65' title='bbox 1474 977 1488 1001; x_wconf 91' lang='lat'>‚</span> <span class='ocrx_word' id='word_1_66' title='bbox 1545 921 1684 990; x_wconf 89' lang='lat' dir='ltr'>illis</span> <span class='ocrx_word' id='word_1_67' title='bbox 1734 922 1910 990; x_wconf 91' lang='lat' dir='ltr'>inter</span> <span class='ocrx_word' id='word_1_68' title='bbox 1964 921 2272 990; x_wconf 88' lang='lat' dir='ltr'>eundum</span> <span class='ocrx_word' id='word_1_69' title='bbox 2335 943 2535 1010; x_wconf 88' lang='lat' dir='ltr'>opem</span> 
     </span>
     <span class='ocr_line' id='line_1_9' title="bbox 36 1009 2541 1101; baseline -0.002 -19"><span class='ocrx_word' id='word_1_70' title='bbox 36 1038 178 1092; x_wconf 56' lang='lat' dir='ltr'>irre,</span> <span class='ocrx_word' id='word_1_71' title='bbox 229 1027 297 1083; x_wconf 92' lang='lat' dir='ltr'>et</span> <span class='ocrx_word' id='word_1_72' title='bbox 338 1014 472 1091; x_wconf 89' lang='lat' dir='ltr'>bis,</span> <span class='ocrx_word' id='word_1_73' title='bbox 526 1014 646 1100; x_wconf 88' lang='lat' dir='ltr'>qui</span> <span class='ocrx_word' id='word_1_74' title='bbox 694 1036 810 1082; x_wconf 92' lang='lat' dir='ltr'>eos</span> <span class='ocrx_word' id='word_1_75' title='bbox 858 1012 1277 1101; x_wconf 70' lang='lat' dir='ltr'>contumelia</span> <span class='ocrx_word' id='word_1_76' title='bbox 1311 1011 1728 1090; x_wconf 87' lang='lat' dir='ltr'>afficiebant,</span> <span class='ocrx_word' id='word_1_77' title='bbox 1783 1032 1863 1078; x_wconf 82' lang='lat' dir='ltr'>ex</span> <span class='ocrx_word' id='word_1_78' title='bbox 1911 1009 2196 1080; x_wconf 88' lang='lat' dir='ltr'>adverso</span> <span class='ocrx_word' id='word_1_79' title='bbox 2230 1012 2541 1080; x_wconf 89' lang='lat' dir='ltr'>resistere</span> 
     </span>
     <span class='ocr_line' id='line_1_10' title="bbox 38 1099 2532 1190; baseline -0.001 -20"><span class='ocrx_word' id='word_1_80' title='bbox 38 1106 266 1172; x_wconf 74' lang='lat' dir='ltr'>thorat.</span> <span class='ocrx_word' id='word_1_81' title='bbox 322 1103 481 1185; x_wconf 84' lang='lat' dir='ltr'>Qui,</span> <span class='ocrx_word' id='word_1_82' title='bbox 533 1124 694 1170; x_wconf 91' lang='lat' dir='ltr'>cum</span> <span class='ocrx_word' id='word_1_83' title='bbox 748 1101 1047 1190; x_wconf 90' lang='lat' dir='ltr'>populus</span> <span class='ocrx_word' id='word_1_84' title='bbox 1095 1114 1333 1169; x_wconf 87' lang='lat' dir='ltr'>contra</span> <span class='ocrx_word' id='word_1_85' title='bbox 1381 1122 1539 1168; x_wconf 91' lang='lat' dir='ltr'>eum</span> <span class='ocrx_word' id='word_1_86' title='bbox 1597 1113 1949 1190; x_wconf 89' lang='lat' dir='ltr'>propterea</span> <span class='ocrx_word' id='word_1_87' title='bbox 2004 1099 2532 1178; x_wconf 86' lang='lat' dir='ltr'>vociferaretur,</span> 
     </span>
     <span class='ocr_line' id='line_1_11' title="bbox 44 1187 2538 1279; baseline -0.002 -20"><span class='ocrx_word' id='word_1_88' title='bbox 44 1193 149 1260; x_wconf 78' lang='lat' dir='ltr'>ide</span> <span class='ocrx_word' id='word_1_89' title='bbox 183 1192 368 1261; x_wconf 90' lang='lat' dir='ltr'>illico</span> <span class='ocrx_word' id='word_1_90' title='bbox 415 1191 761 1279; x_wconf 89' lang='lat' dir='ltr'>abripitur</span> <span class='ocrx_word' id='word_1_91' title='bbox 808 1190 890 1259; x_wconf 89' lang='lat' dir='ltr'>ad</span> <span class='ocrx_word' id='word_1_92' title='bbox 936 1190 1275 1276; x_wconf 82' lang='lat' dir='ltr'>judicem,</span> <span class='ocrx_word' id='word_1_93' title='bbox 1329 1203 1395 1257; x_wconf 87' lang='lat' dir='ltr'>et</span> <span class='ocrx_word' id='word_1_94' title='bbox 1444 1189 1510 1256; x_wconf 89' lang='lat' dir='ltr'>in</span> <span class='ocrx_word' id='word_1_95' title='bbox 1566 1188 1916 1277; x_wconf 89' lang='lat' dir='ltr'>praeclaro</span> <span class='ocrx_word' id='word_1_96' title='bbox 1967 1187 2083 1256; x_wconf 89' lang='lat' dir='ltr'>illo</span> <span class='ocrx_word' id='word_1_97' title='bbox 2123 1187 2379 1278; x_wconf 91' lang='lat' dir='ltr'>proelio</span> <span class='ocrx_word' id='word_1_98' title='bbox 2418 1210 2538 1277; x_wconf 91' lang='lat' dir='ltr'>pro</span> 
     </span>
     <span class='ocr_line' id='line_1_12' title="bbox 49 1277 2541 1370; baseline -0.001 -22"><span class='ocrx_word' id='word_1_99' title='bbox 49 1282 228 1350; x_wconf 87' lang='lat' dir='ltr'>ietate</span> <span class='ocrx_word' id='word_1_100' title='bbox 277 1292 603 1370; x_wconf 89' lang='lat' dir='ltr'>suscepto</span> <span class='ocrx_word' id='word_1_101' title='bbox 636 1322 657 1358; x_wconf 86' lang='lat'>,-</span> <span class='ocrx_word' id='word_1_102' title='bbox 706 1293 1055 1366; x_wconf 87' lang='lat' dir='ltr'>tamquam</span> <span class='ocrx_word' id='word_1_103' title='bbox 1125 1279 1547 1348; x_wconf 86' lang='lat' dir='ltr'>fortissimus</span> <span class='ocrx_word' id='word_1_104' title='bbox 1598 1278 1710 1345; x_wconf 91' lang='lat' dir='ltr'>Dei</span> <span class='ocrx_word' id='word_1_105' title='bbox 1762 1277 2048 1346; x_wconf 80' lang='lat' dir='ltr'>bellator</span> <span class='ocrx_word' id='word_1_106' title='bbox 2081 1332 2096 1356; x_wconf 92' lang='lat'>,</span> <span class='ocrx_word' id='word_1_107' title='bbox 2152 1290 2429 1346; x_wconf 87' lang='lat' dir='ltr'>strenue</span> <span class='ocrx_word' id='word_1_108' title='bbox 2476 1293 2541 1345; x_wconf 86' lang='lat' dir='ltr'>et</span> 
     </span>
     <span class='ocr_line' id='line_1_13' title="bbox 49 1365 2541 1459; baseline -0.002 -22"><span class='ocrx_word' id='word_1_109' title='bbox 49 1370 265 1440; x_wconf 91' lang='lat' dir='ltr'>iriliter</span> <span class='ocrx_word' id='word_1_110' title='bbox 294 1392 371 1444; x_wconf 82' lang='lat' dir='ltr'>se</span> <span class='ocrx_word' id='word_1_111' title='bbox 406 1391 676 1459; x_wconf 84' lang='lat' dir='ltr'>gerens,</span> <span class='ocrx_word' id='word_1_112' title='bbox 717 1368 939 1436; x_wconf 87' lang='lat' dir='ltr'>securi</span> <span class='ocrx_word' id='word_1_113' title='bbox 970 1368 1249 1436; x_wconf 88' lang='lat' dir='ltr'>demum</span> <span class='ocrx_word' id='word_1_114' title='bbox 1290 1365 1692 1452; x_wconf 81' lang='lat' dir='ltr'>percutitur.</span> <span class='ocrx_word' id='word_1_115' title='bbox 1730 1365 1918 1434; x_wconf 79' lang='lat' dir='ltr'>Alius</span> <span class='ocrx_word' id='word_1_116' title='bbox 1965 1366 2247 1451; x_wconf 89' lang='lat' dir='ltr'>quidam</span> <span class='ocrx_word' id='word_1_117' title='bbox 2291 1388 2541 1455; x_wconf 88' lang='lat' dir='ltr'>genere</span> 
     </span>
     <span class='ocr_line' id='line_1_14' title="bbox 45 1454 2539 1548; baseline -0.002 -22"><span class='ocrx_word' id='word_1_118' title='bbox 45 1459 160 1539; x_wconf 79' lang='lat' dir='ltr'>ser,</span> <span class='ocrx_word' id='word_1_119' title='bbox 209 1461 324 1545; x_wconf 89' lang='lat' dir='ltr'>qui</span> <span class='ocrx_word' id='word_1_120' title='bbox 377 1473 446 1527; x_wconf 93' lang='lat' dir='ltr'>et</span> <span class='ocrx_word' id='word_1_121' title='bbox 483 1455 943 1548; x_wconf 85' lang='lat' dir='ltr'>appellatione</span> <span class='ocrx_word' id='word_1_122' title='bbox 978 1462 1201 1525; x_wconf 86' lang='lat' dir='ltr'>Macar</span> <span class='ocrx_word' id='word_1_123' title='bbox 1233 1456 1322 1531; x_wconf 73' lang='lat'>**,</span> <span class='ocrx_word' id='word_1_124' title='bbox 1362 1469 1427 1523; x_wconf 91' lang='lat' dir='ltr'>et</span> <span class='ocrx_word' id='word_1_125' title='bbox 1466 1455 1553 1523; x_wconf 94' lang='lat' dir='ltr'>ob</span> <span class='ocrx_word' id='word_1_126' title='bbox 1589 1456 1792 1522; x_wconf 89' lang='lat' dir='ltr'>vitam</span> <span class='ocrx_word' id='word_1_127' title='bbox 1849 1455 2139 1534; x_wconf 83' lang='lat' dir='ltr'>beatam,</span> <span class='ocrx_word' id='word_1_128' title='bbox 2185 1477 2391 1540; x_wconf 89' lang='lat' dir='ltr'>quam</span> <span class='ocrx_word' id='word_1_129' title='bbox 2434 1454 2539 1522; x_wconf 91' lang='lat' dir='ltr'>di-</span> 
     </span>
     <span class='ocr_line' id='line_1_15' title="bbox 52 1542 2538 1638; baseline -0.002 -24"><span class='ocrx_word' id='word_1_130' title='bbox 52 1546 187 1615; x_wconf 87' lang='lat' dir='ltr'>inae</span> <span class='ocrx_word' id='word_1_131' title='bbox 214 1549 476 1638; x_wconf 87' lang='lat' dir='ltr'>gratiae</span> <span class='ocrx_word' id='word_1_132' title='bbox 504 1546 815 1617; x_wconf 88' lang='lat' dir='ltr'>subsidio</span> <span class='ocrx_word' id='word_1_133' title='bbox 846 1545 1165 1632; x_wconf 79' lang='lat' dir='ltr'>degisset,</span> <span class='ocrx_word' id='word_1_134' title='bbox 1202 1565 1352 1612; x_wconf 89' lang='lat' dir='ltr'>vere</span> <span class='ocrx_word' id='word_1_135' title='bbox 1380 1549 1628 1622; x_wconf 85' lang='lat' dir='ltr'>Macar,</span> <span class='ocrx_word' id='word_1_136' title='bbox 1663 1543 1733 1621; x_wconf 84' lang='lat' dir='ltr'>id</span> <span class='ocrx_word' id='word_1_137' title='bbox 1755 1557 1878 1624; x_wconf 85' lang='lat' dir='ltr'>est,</span> <span class='ocrx_word' id='word_1_138' title='bbox 1919 1543 2159 1614; x_wconf 83' lang='lat' dir='ltr'>beatus</span> <span class='ocrx_word' id='word_1_139' title='bbox 2192 1542 2343 1622; x_wconf 85' lang='lat' dir='ltr'>suit,</span> <span class='ocrx_word' id='word_1_140' title='bbox 2380 1566 2538 1612; x_wconf 90' lang='lat' dir='ltr'>cum</span> 
     </span>
    </p>

    <p class='ocr_par' dir='ltr' id='par_1_3' title="bbox 46 1632 2537 1813">
     <span class='ocr_line' id='line_1_16' title="bbox 54 1632 2537 1727; baseline -0.002 -24"><span class='ocrx_word' id='word_1_141' title='bbox 54 1636 87 1703; x_wconf 90' lang='lat' dir='ltr'>d</span> <span class='ocrx_word' id='word_1_142' title='bbox 120 1636 268 1704; x_wconf 87' lang='lat' dir='ltr'>fidei</span> <span class='ocrx_word' id='word_1_143' title='bbox 325 1637 786 1727; x_wconf 87' lang='lat' dir='ltr'>negationem,</span> <span class='ocrx_word' id='word_1_144' title='bbox 825 1635 1065 1724; x_wconf 88' lang='lat' dir='ltr'>judice</span> <span class='ocrx_word' id='word_1_145' title='bbox 1111 1656 1268 1702; x_wconf 89' lang='lat' dir='ltr'>eum</span> <span class='ocrx_word' id='word_1_146' title='bbox 1320 1632 1402 1700; x_wconf 88' lang='lat' dir='ltr'>ad</span> <span class='ocrx_word' id='word_1_147' title='bbox 1446 1653 1597 1699; x_wconf 89' lang='lat' dir='ltr'>eam</span> <span class='ocrx_word' id='word_1_148' title='bbox 1651 1654 1789 1700; x_wconf 90' lang='lat' dir='ltr'>rem</span> <span class='ocrx_word' id='word_1_149' title='bbox 1853 1654 2264 1722; x_wconf 84' lang='lat' dir='ltr'>magnopere</span> <span class='ocrx_word' id='word_1_150' title='bbox 2298 1633 2537 1702; x_wconf 89' lang='lat' dir='ltr'>cohor-</span> 
     </span>
     <span class='ocr_line' id='line_1_17' title="bbox 46 1723 1725 1813; baseline -0.004 -21"><span class='ocrx_word' id='word_1_151' title='bbox 46 1739 196 1801; x_wconf 71' lang='lat' dir='ltr'>aote.</span> <span class='ocrx_word' id='word_1_152' title='bbox 232 1725 489 1794; x_wconf 89' lang='lat' dir='ltr'>adduci</span> <span class='ocrx_word' id='word_1_153' title='bbox 524 1746 660 1792; x_wconf 90' lang='lat' dir='ltr'>non</span> <span class='ocrx_word' id='word_1_154' title='bbox 702 1737 951 1813; x_wconf 86' lang='lat' dir='ltr'>posset,</span> <span class='ocrx_word' id='word_1_155' title='bbox 993 1723 1186 1792; x_wconf 90' lang='lat' dir='ltr'>vivus</span> <span class='ocrx_word' id='word_1_156' title='bbox 1226 1734 1571 1790; x_wconf 86' lang='lat' dir='ltr'>crematus</span> <span class='ocrx_word' id='word_1_157' title='bbox 1603 1733 1725 1790; x_wconf 92' lang='lat' dir='ltr'>est.</span> 
     </span>
    </p>

    <p class='ocr_par' dir='ltr' id='par_1_4' title="bbox 41 1809 2545 3319">
     <span class='ocr_line' id='line_1_18' title="bbox 91 1809 2541 1903; baseline -0.003 -20"><span class='ocrx_word' id='word_1_158' title='bbox 91 1816 122 1898; x_wconf 68' lang='grc' dir='ltr'>ξ</span> <span class='ocrx_word' id='word_1_159' title='bbox 162 1819 231 1883; x_wconf 67' lang='lat'>2.</span> <span class='ocrx_word' id='word_1_160' title='bbox 285 1837 321 1880; x_wconf 87' lang='lat'>«</span> <span class='ocrx_word' id='word_1_161' title='bbox 350 1814 775 1903; x_wconf 84' lang='lat' dir='ltr'>Epimachus</span> <span class='ocrx_word' id='word_1_162' title='bbox 823 1813 1027 1880; x_wconf 87' lang='lat' dir='ltr'>etiam</span> <span class='ocrx_word' id='word_1_163' title='bbox 1065 1825 1129 1880; x_wconf 91' lang='lat' dir='ltr'>et</span> <span class='ocrx_word' id='word_1_164' title='bbox 1164 1809 1539 1880; x_wconf 76' lang='lat' dir='ltr'>Alexander</span> <span class='ocrx_word' id='word_1_165' title='bbox 1576 1809 1681 1844; x_wconf 56' lang='grc' dir='ltr'>μ*</span> <span class='ocrx_word' id='word_1_166' title='bbox 1725 1831 1855 1878; x_wconf 90' lang='lat' dir='ltr'>non</span> <span class='ocrx_word' id='word_1_167' title='bbox 1916 1809 2119 1899; x_wconf 90' lang='lat' dir='ltr'>longo</span> <span class='ocrx_word' id='word_1_168' title='bbox 2169 1823 2321 1899; x_wconf 88' lang='lat' dir='ltr'>post</span> <span class='ocrx_word' id='word_1_169' title='bbox 2370 1823 2541 1879; x_wconf 91' lang='lat' dir='ltr'>tem-</span> 
     </span>
     <span class='ocr_line' id='line_1_19' title="bbox 46 1898 2541 1988; baseline -0.001 -20"><span class='ocrx_word' id='word_1_170' title='bbox 46 1923 180 1978; x_wconf 72' lang='lat' dir='ltr'>»ore‚</span> <span class='ocrx_word' id='word_1_171' title='bbox 212 1925 419 1988; x_wconf 89' lang='lat' dir='ltr'>quam</span> <span class='ocrx_word' id='word_1_172' title='bbox 469 1902 673 1969; x_wconf 87' lang='lat' dir='ltr'>vincti</span> <span class='ocrx_word' id='word_1_173' title='bbox 726 1902 1152 1980; x_wconf 85' lang='lat' dir='ltr'>tenebantur,</span> <span class='ocrx_word' id='word_1_174' title='bbox 1213 1913 1361 1988; x_wconf 90' lang='lat' dir='ltr'>post</span> <span class='ocrx_word' id='word_1_175' title='bbox 1401 1900 1648 1967; x_wconf 83' lang='lat' dir='ltr'>horum</span> <span class='ocrx_word' id='word_1_176' title='bbox 1689 1899 2096 1986; x_wconf 86' lang='lat' dir='ltr'>martyrium</span> <span class='ocrx_word' id='word_1_177' title='bbox 2137 1900 2388 1968; x_wconf 90' lang='lat' dir='ltr'>multos</span> <span class='ocrx_word' id='word_1_178' title='bbox 2422 1898 2541 1966; x_wconf 91' lang='lat' dir='ltr'>do-</span> 
     </span>
     <span class='ocr_line' id='line_1_20' title="bbox 48 1986 2543 2081; baseline -0.002 -24"><span class='ocrx_word' id='word_1_179' title='bbox 48 2011 175 2058; x_wconf 87' lang='lat' dir='ltr'>ores</span> <span class='ocrx_word' id='word_1_180' title='bbox 208 1992 539 2081; x_wconf 80' lang='lat' dir='ltr'>perpessi,</span> <span class='ocrx_word' id='word_1_181' title='bbox 593 1991 906 2059; x_wconf 89' lang='lat' dir='ltr'>dilaniati</span> <span class='ocrx_word' id='word_1_182' title='bbox 957 1989 1335 2068; x_wconf 78' lang='lat' dir='ltr'>novaculiS,</span> <span class='ocrx_word' id='word_1_183' title='bbox 1390 2002 1455 2055; x_wconf 87' lang='lat' dir='ltr'>et</span> <span class='ocrx_word' id='word_1_184' title='bbox 1503 1988 1590 2054; x_wconf 91' lang='lat' dir='ltr'>ssa</span> <span class='ocrx_word' id='word_1_185' title='bbox 1645 1987 1798 2055; x_wconf 90' lang='lat' dir='ltr'>ellis</span> <span class='ocrx_word' id='word_1_186' title='bbox 1847 1986 2150 2065; x_wconf 89' lang='lat' dir='ltr'>lacerati,</span> <span class='ocrx_word' id='word_1_187' title='bbox 2208 1988 2289 2055; x_wconf 91' lang='lat' dir='ltr'>ad</span> <span class='ocrx_word' id='word_1_188' title='bbox 2329 2001 2543 2055; x_wconf 82' lang='lat' dir='ltr'>extre-</span> 
     </span>
     <span class='ocr_line' id='line_1_21' title="bbox 45 2074 2540 2165; baseline 0.001 -22"><span class='ocrx_word' id='word_1_189' title='bbox 45 2099 183 2146; x_wconf 87' lang='lat' dir='ltr'>num</span> <span class='ocrx_word' id='word_1_190' title='bbox 206 2080 711 2149; x_wconf 84' lang='lat' dir='ltr'>ardentissimis</span> <span class='ocrx_word' id='word_1_191' title='bbox 737 2079 1040 2147; x_wconf 88' lang='lat' dir='ltr'>ssammis</span> <span class='ocrx_word' id='word_1_192' title='bbox 1070 2077 1533 2163; x_wconf 86' lang='lat' dir='ltr'>circumjectis</span> <span class='ocrx_word' id='word_1_193' title='bbox 1565 2099 1598 2144; x_wconf 90' lang='lat' dir='ltr'>a</span> <span class='ocrx_word' id='word_1_194' title='bbox 1657 2077 1913 2165; x_wconf 87' lang='lat' dir='ltr'>sumpti</span> <span class='ocrx_word' id='word_1_195' title='bbox 1940 2074 2238 2144; x_wconf 85' lang='lat' dir='ltr'>fuerunt.</span> <span class='ocrx_word' id='word_1_196' title='bbox 2275 2076 2540 2157; x_wconf 81' lang='lat' dir='ltr'>Quibus</span> 
     </span>
     <span class='ocr_line' id='line_1_22' title="bbox 45 2164 2542 2256; baseline 0 -24"><span class='ocrx_word' id='word_1_197' title='bbox 45 2179 283 2249; x_wconf 56' lang='lat' dir='ltr'>quatuor</span> <span class='ocrx_word' id='word_1_198' title='bbox 308 2168 639 2238; x_wconf 87' lang='lat' dir='ltr'>mulieres</span> <span class='ocrx_word' id='word_1_199' title='bbox 673 2182 1000 2256; x_wconf 84' lang='lat' dir='ltr'>martyres</span> <span class='ocrx_word' id='word_1_200' title='bbox 1028 2167 1613 2255; x_wconf 84' lang='lat' dir='ltr'>adjungebantur:</span> <span class='ocrx_word' id='word_1_201' title='bbox 1652 2186 1947 2251; x_wconf 88' lang='lat' dir='ltr'>quarum</span> <span class='ocrx_word' id='word_1_202' title='bbox 2032 2165 2202 2232; x_wconf 89' lang='lat' dir='ltr'>rima</span> <span class='ocrx_word' id='word_1_203' title='bbox 2231 2164 2358 2233; x_wconf 85' lang='lat' dir='ltr'>suit</span> <span class='ocrx_word' id='word_1_204' title='bbox 2390 2170 2542 2233; x_wconf 79' lang='lat' dir='ltr'>Arn-</span> 
     </span>
     <span class='ocr_line' id='line_1_23' title="bbox 44 2252 2536 2347; baseline 0 -29"><span class='ocrx_word' id='word_1_205' title='bbox 44 2259 403 2338; x_wconf 85' lang='lat' dir='ltr'>monarium,</span> <span class='ocrx_word' id='word_1_206' title='bbox 467 2272 697 2326; x_wconf 88' lang='lat' dir='ltr'>sancta</span> <span class='ocrx_word' id='word_1_207' title='bbox 752 2258 973 2347; x_wconf 86' lang='lat' dir='ltr'>virgo:</span> <span class='ocrx_word' id='word_1_208' title='bbox 1027 2277 1226 2342; x_wconf 90' lang='lat' dir='ltr'>quae,</span> <span class='ocrx_word' id='word_1_209' title='bbox 1279 2277 1437 2323; x_wconf 91' lang='lat' dir='ltr'>cum</span> <span class='ocrx_word' id='word_1_210' title='bbox 1484 2254 1700 2342; x_wconf 86' lang='lat' dir='ltr'>judex</span> <span class='ocrx_word' id='word_1_211' title='bbox 1749 2254 1870 2322; x_wconf 89' lang='lat' dir='ltr'>diu</span> <span class='ocrx_word' id='word_1_212' title='bbox 1919 2277 1954 2321; x_wconf 86' lang='lat' dir='ltr'>a</span> <span class='ocrx_word' id='word_1_213' title='bbox 2016 2252 2294 2322; x_wconf 89' lang='lat' dir='ltr'>modum</span> <span class='ocrx_word' id='word_1_214' title='bbox 2350 2253 2536 2321; x_wconf 87' lang='lat' dir='ltr'>illam</span> 
     </span>
     <span class='ocr_line' id='line_1_24' title="bbox 46 2342 2536 2437; baseline 0.001 -30"><span class='ocrx_word' id='word_1_215' title='bbox 46 2344 313 2437; x_wconf 85' lang='lat' dir='ltr'>torsisset,</span> <span class='ocrx_word' id='word_1_216' title='bbox 361 2359 601 2436; x_wconf 90' lang='lat' dir='ltr'>utpote</span> <span class='ocrx_word' id='word_1_217' title='bbox 648 2359 1037 2414; x_wconf 85' lang='lat' dir='ltr'>constanter</span> <span class='ocrx_word' id='word_1_218' title='bbox 1085 2358 1503 2415; x_wconf 85' lang='lat' dir='ltr'>asserentem</span> <span class='ocrx_word' id='word_1_219' title='bbox 1543 2365 1614 2412; x_wconf 92' lang='lat' dir='ltr'>se</span> <span class='ocrx_word' id='word_1_220' title='bbox 1666 2343 1833 2410; x_wconf 86' lang='lat' dir='ltr'>nihil</span> <span class='ocrx_word' id='word_1_221' title='bbox 1881 2342 2256 2429; x_wconf 87' lang='lat' dir='ltr'>aliquando</span> <span class='ocrx_word' id='word_1_222' title='bbox 2301 2363 2536 2410; x_wconf 84' lang='lat' dir='ltr'>eorum</span> 
     </span>
     <span class='ocr_line' id='line_1_25' title="bbox 44 2430 2536 2525; baseline 0.002 -30"><span class='ocrx_word' id='word_1_223' title='bbox 44 2430 356 2515; x_wconf 78' lang='lat' dir='ltr'>dicturam,</span> <span class='ocrx_word' id='word_1_224' title='bbox 413 2457 597 2524; x_wconf 92' lang='lat' dir='ltr'>quae</span> <span class='ocrx_word' id='word_1_225' title='bbox 630 2435 1116 2525; x_wconf 88' lang='lat' dir='ltr'>illejussisset,</span> <span class='ocrx_word' id='word_1_226' title='bbox 1160 2456 1377 2519; x_wconf 89' lang='lat' dir='ltr'>eaque</span> <span class='ocrx_word' id='word_1_227' title='bbox 1429 2435 1493 2501; x_wconf 92' lang='lat' dir='ltr'>in</span> <span class='ocrx_word' id='word_1_228' title='bbox 1549 2433 1877 2501; x_wconf 85' lang='lat' dir='ltr'>sententia</span> <span class='ocrx_word' id='word_1_229' title='bbox 1933 2433 2131 2500; x_wconf 82' lang='lat' dir='ltr'>firme</span> <span class='ocrx_word' id='word_1_230' title='bbox 2166 2444 2536 2521; x_wconf 87' lang='lat' dir='ltr'>perstaret,</span> 
     </span>
     <span class='ocr_line' id='line_1_26' title="bbox 43 2519 2542 2613; baseline 0.002 -31"><span class='ocrx_word' id='word_1_231' title='bbox 43 2519 104 2585; x_wconf 80' lang='lat' dir='ltr'>ad</span> <span class='ocrx_word' id='word_1_232' title='bbox 149 2526 552 2613; x_wconf 85' lang='lat' dir='ltr'>supplicium</span> <span class='ocrx_word' id='word_1_233' title='bbox 591 2524 983 2593; x_wconf 89' lang='lat' dir='ltr'>abducitur.</span> <span class='ocrx_word' id='word_1_234' title='bbox 1023 2524 1355 2592; x_wconf 83' lang='lat' dir='ltr'>Mercuria</span> <span class='ocrx_word' id='word_1_235' title='bbox 1406 2521 1707 2591; x_wconf 89' lang='lat' dir='ltr'>secunda</span> <span class='ocrx_word' id='word_1_236' title='bbox 1758 2533 1923 2590; x_wconf 85' lang='lat' dir='ltr'>erat.</span> <span class='ocrx_word' id='word_1_237' title='bbox 1963 2526 2148 2590; x_wconf 81' lang='lat' dir='ltr'>Anus</span> <span class='ocrx_word' id='word_1_238' title='bbox 2193 2521 2257 2588; x_wconf 92' lang='lat' dir='ltr'>in</span> <span class='ocrx_word' id='word_1_239' title='bbox 2300 2521 2542 2609; x_wconf 87' lang='lat' dir='ltr'>primis</span> 
     </span>
     <span class='ocr_line' id='line_1_27' title="bbox 44 2610 2543 2701; baseline 0.003 -30"><span class='ocrx_word' id='word_1_240' title='bbox 44 2614 375 2683; x_wconf 76' lang='lat' dir='ltr'>veneranda</span> <span class='ocrx_word' id='word_1_241' title='bbox 412 2670 427 2694; x_wconf 92' lang='lat'>,</span> <span class='ocrx_word' id='word_1_242' title='bbox 488 2614 678 2683; x_wconf 91' lang='lat' dir='ltr'>tertia</span> <span class='ocrx_word' id='word_1_243' title='bbox 736 2614 1105 2701; x_wconf 80' lang='lat' dir='ltr'>Dionysia,</span> <span class='ocrx_word' id='word_1_244' title='bbox 1160 2634 1336 2698; x_wconf 90' lang='lat' dir='ltr'>quae</span> <span class='ocrx_word' id='word_1_245' title='bbox 1384 2611 1703 2699; x_wconf 89' lang='lat' dir='ltr'>quamvis</span> <span class='ocrx_word' id='word_1_246' title='bbox 1750 2624 1896 2678; x_wconf 88' lang='lat' dir='ltr'>erat</span> <span class='ocrx_word' id='word_1_247' title='bbox 1946 2610 2319 2678; x_wconf 90' lang='lat' dir='ltr'>multorum</span> <span class='ocrx_word' id='word_1_248' title='bbox 2374 2610 2543 2678; x_wconf 89' lang='lat' dir='ltr'>libe-</span> 
     </span>
     <span class='ocr_line' id='line_1_28' title="bbox 44 2699 2537 2790; baseline -0 -23"><span class='ocrx_word' id='word_1_249' title='bbox 44 2714 229 2768; x_wconf 75' lang='lat' dir='ltr'>rorum</span> <span class='ocrx_word' id='word_1_250' title='bbox 282 2725 555 2790; x_wconf 80' lang='lat' dir='ltr'>parenS,</span> <span class='ocrx_word' id='word_1_251' title='bbox 611 2703 765 2771; x_wconf 88' lang='lat' dir='ltr'>illos</span> <span class='ocrx_word' id='word_1_252' title='bbox 815 2715 1038 2770; x_wconf 90' lang='lat' dir='ltr'>tamen</span> <span class='ocrx_word' id='word_1_253' title='bbox 1097 2702 1382 2768; x_wconf 88' lang='lat' dir='ltr'>Domino</span> <span class='ocrx_word' id='word_1_254' title='bbox 1435 2701 1500 2767; x_wconf 93' lang='lat' dir='ltr'>in</span> <span class='ocrx_word' id='word_1_255' title='bbox 1554 2722 1787 2768; x_wconf 88' lang='lat' dir='ltr'>amore</span> <span class='ocrx_word' id='word_1_256' title='bbox 1839 2699 2122 2767; x_wconf 88' lang='lat' dir='ltr'>minime</span> <span class='ocrx_word' id='word_1_257' title='bbox 2174 2699 2537 2787; x_wconf 87' lang='lat' dir='ltr'>praetulit;</span> 
     </span>
     <span class='ocr_line' id='line_1_29' title="bbox 42 2790 2534 2881; baseline 0.001 -30"><span class='ocrx_word' id='word_1_258' title='bbox 42 2801 238 2867; x_wconf 82' lang='lat' dir='ltr'>quarta</span> <span class='ocrx_word' id='word_1_259' title='bbox 283 2790 1220 2881; x_wconf 68' lang='lat' dir='ltr'>Ammonarium****altera:</span> <span class='ocrx_word' id='word_1_260' title='bbox 1256 2810 1433 2875; x_wconf 88' lang='lat' dir='ltr'>quae</span> <span class='ocrx_word' id='word_1_261' title='bbox 1464 2801 1622 2863; x_wconf 86' lang='lat' dir='ltr'>tres,</span> <span class='ocrx_word' id='word_1_262' title='bbox 1655 2811 1814 2856; x_wconf 90' lang='lat' dir='ltr'>cum</span> <span class='ocrx_word' id='word_1_263' title='bbox 1856 2810 2127 2875; x_wconf 85' lang='lat' dir='ltr'>praeses</span> <span class='ocrx_word' id='word_1_264' title='bbox 2168 2801 2534 2867; x_wconf 88' lang='lat' dir='ltr'>vereretur,</span> 
     </span>
     <span class='ocr_line' id='line_1_30' title="bbox 43 2876 2543 2967; baseline 0.002 -28"><span class='ocrx_word' id='word_1_265' title='bbox 43 2891 104 2939; x_wconf 84' lang='lat' dir='ltr'>ne</span> <span class='ocrx_word' id='word_1_266' title='bbox 147 2876 478 2948; x_wconf 86' lang='lat' dir='ltr'>incassum</span> <span class='ocrx_word' id='word_1_267' title='bbox 534 2892 869 2948; x_wconf 62' lang='lat' dir='ltr'>tormenta&gt;</span> <span class='ocrx_word' id='word_1_268' title='bbox 937 2878 1074 2947; x_wconf 89' lang='lat' dir='ltr'>illis</span> <span class='ocrx_word' id='word_1_269' title='bbox 1126 2879 1506 2967; x_wconf 82' lang='lat' dir='ltr'>infligeret,</span> <span class='ocrx_word' id='word_1_270' title='bbox 1559 2890 1622 2944; x_wconf 93' lang='lat' dir='ltr'>et</span> <span class='ocrx_word' id='word_1_271' title='bbox 1671 2876 1971 2961; x_wconf 88' lang='lat' dir='ltr'>quodam</span> <span class='ocrx_word' id='word_1_272' title='bbox 2028 2876 2228 2946; x_wconf 91' lang='lat' dir='ltr'>modo</span> <span class='ocrx_word' id='word_1_273' title='bbox 2275 2879 2543 2944; x_wconf 89' lang='lat' dir='ltr'>evince-</span> 
     </span>
     <span class='ocr_line' id='line_1_31' title="bbox 44 2965 2545 3054; baseline 0.004 -31"><span class='ocrx_word' id='word_1_274' title='bbox 44 2975 193 3031; x_wconf 86' lang='lat' dir='ltr'>retur</span> <span class='ocrx_word' id='word_1_275' title='bbox 235 2988 272 3034; x_wconf 86' lang='lat' dir='ltr'>a</span> <span class='ocrx_word' id='word_1_276' title='bbox 321 2968 763 3038; x_wconf 62' lang='lat' dir='ltr'>mulieribus</span> <span class='ocrx_word' id='word_1_277' title='bbox 820 2968 1091 3036; x_wconf 89' lang='lat' dir='ltr'>nullum</span> <span class='ocrx_word' id='word_1_278' title='bbox 1146 2978 1637 3036; x_wconf 82' lang='lat' dir='ltr'>tormentorum</span> <span class='ocrx_word' id='word_1_279' title='bbox 1691 2987 1909 3053; x_wconf 89' lang='lat' dir='ltr'>genus</span> <span class='ocrx_word' id='word_1_280' title='bbox 1958 2965 2260 3054; x_wconf 88' lang='lat' dir='ltr'>amplius</span> <span class='ocrx_word' id='word_1_281' title='bbox 2311 2966 2545 3034; x_wconf 85' lang='lat' dir='ltr'>subire</span> 
     </span>
     <span class='ocr_line' id='line_1_32' title="bbox 41 3052 2544 3150; baseline 0 -28"><span class='ocrx_word' id='word_1_282' title='bbox 41 3052 438 3150; x_wconf 81' lang='lat' dir='ltr'>cogebantur,</span> <span class='ocrx_word' id='word_1_283' title='bbox 496 3057 609 3126; x_wconf 89' lang='lat' dir='ltr'>sed</span> <span class='ocrx_word' id='word_1_284' title='bbox 663 3057 887 3125; x_wconf 87' lang='lat' dir='ltr'>statim</span> <span class='ocrx_word' id='word_1_285' title='bbox 926 3056 1147 3145; x_wconf 85' lang='lat' dir='ltr'>capite</span> <span class='ocrx_word' id='word_1_286' title='bbox 1187 3056 1618 3133; x_wconf 81' lang='lat' dir='ltr'>obtruncatO,</span> <span class='ocrx_word' id='word_1_287' title='bbox 1677 3066 1962 3122; x_wconf 90' lang='lat' dir='ltr'>mortem</span> <span class='ocrx_word' id='word_1_288' title='bbox 2006 3066 2363 3141; x_wconf 90' lang='lat' dir='ltr'>oppetunt.</span> <span class='ocrx_word' id='word_1_289' title='bbox 2419 3060 2544 3122; x_wconf 88' lang='lat' dir='ltr'>Pro</span> 
     </span>
     <span class='ocr_line' id='line_1_33' title="bbox 44 3141 2543 3239; baseline 0.001 -32"><span class='ocrx_word' id='word_1_290' title='bbox 44 3142 321 3239; x_wconf 61' lang='lat' dir='ltr'>omnibus</span> <span class='ocrx_word' id='word_1_291' title='bbox 363 3145 549 3213; x_wconf 90' lang='lat' dir='ltr'>enim</span> <span class='ocrx_word' id='word_1_292' title='bbox 599 3146 781 3233; x_wconf 82' lang='lat' dir='ltr'>prior</span> <span class='ocrx_word' id='word_1_293' title='bbox 837 3147 1394 3221; x_wconf 69' lang='lat' dir='ltr'>Ammonmium.</span> <span class='ocrx_word' id='word_1_294' title='bbox 1452 3156 1799 3228; x_wconf 84' lang='lat' dir='ltr'>tamquam</span> <span class='ocrx_word' id='word_1_295' title='bbox 1858 3144 1924 3209; x_wconf 88' lang='lat' dir='ltr'>in</span> <span class='ocrx_word' id='word_1_296' title='bbox 1983 3141 2202 3230; x_wconf 91' lang='lat' dir='ltr'>prima</span> <span class='ocrx_word' id='word_1_297' title='bbox 2252 3142 2543 3210; x_wconf 89' lang='lat' dir='ltr'>dimica-</span> 
     </span>
     <span class='ocr_line' id='line_1_34' title="bbox 46 3233 1818 3319; baseline 0.005 -31"><span class='ocrx_word' id='word_1_298' title='bbox 46 3236 211 3299; x_wconf 82' lang='lat' dir='ltr'>llonts</span> <span class='ocrx_word' id='word_1_299' title='bbox 248 3234 387 3302; x_wconf 87' lang='lat' dir='ltr'>acie</span> <span class='ocrx_word' id='word_1_300' title='bbox 429 3234 670 3312; x_wconf 87' lang='lat' dir='ltr'>locata,</span> <span class='ocrx_word' id='word_1_301' title='bbox 713 3233 879 3302; x_wconf 88' lang='lat' dir='ltr'>satis</span> <span class='ocrx_word' id='word_1_302' title='bbox 916 3245 1406 3302; x_wconf 89' lang='lat' dir='ltr'>tormentorum</span> <span class='ocrx_word' id='word_1_303' title='bbox 1441 3243 1818 3319; x_wconf 84' lang='lat' dir='ltr'>exceperat.</span> 
     </span>
    </p>

    <p class='ocr_par' dir='ltr' id='par_1_5' title="bbox 46 3317 2547 4120">
     <span class='ocr_line' id='line_1_35' title="bbox 108 3317 2475 3412; baseline -0.001 -26"><span class='ocrx_word' id='word_1_304' title='bbox 108 3317 220 3399; x_wconf 71' lang='grc' dir='ltr'>ξΘ.</span> <span class='ocrx_word' id='word_1_305' title='bbox 253 3344 286 3386; x_wconf 83' lang='grc'>«</span> <span class='ocrx_word' id='word_1_306' title='bbox 311 3327 529 3391; x_wconf 87' lang='lat' dir='ltr'>Heron</span> <span class='ocrx_word' id='word_1_307' title='bbox 570 3336 937 3412; x_wconf 86' lang='lat' dir='ltr'>praeterea,</span> <span class='ocrx_word' id='word_1_308' title='bbox 974 3326 1145 3397; x_wconf 79' lang='lat' dir='ltr'>Ater,</span> <span class='ocrx_word' id='word_1_309' title='bbox 1185 3321 1490 3389; x_wconf 83' lang='lat' dir='ltr'>Isidorus</span> <span class='ocrx_word' id='word_1_310' title='bbox 1517 3320 1822 3408; x_wconf 79' lang='lat' dir='ltr'>Aegyptii</span> <span class='ocrx_word' id='word_1_311' title='bbox 1858 3332 1921 3387; x_wconf 89' lang='lat' dir='ltr'>et</span> <span class='ocrx_word' id='word_1_312' title='bbox 1954 3318 2313 3387; x_wconf 89' lang='lat' dir='ltr'>Dioscorus</span> <span class='ocrx_word' id='word_1_313' title='bbox 2468 3402 2475 3410; x_wconf 28' lang='grc' dir='ltr'>ι</span> 
     </span>
     <span class='ocr_line' id='line_1_36' title="bbox 47 3404 2546 3496; baseline 0.003 -31"><span class='ocrx_word' id='word_1_314' title='bbox 47 3420 155 3469; x_wconf 89' lang='lat' dir='ltr'>una</span> <span class='ocrx_word' id='word_1_315' title='bbox 185 3428 333 3477; x_wconf 90' lang='lat' dir='ltr'>cum</span> <span class='ocrx_word' id='word_1_316' title='bbox 372 3411 532 3491; x_wconf 89' lang='lat' dir='ltr'>illis,</span> <span class='ocrx_word' id='word_1_317' title='bbox 572 3411 970 3480; x_wconf 86' lang='lat' dir='ltr'>adolescens</span> <span class='ocrx_word' id='word_1_318' title='bbox 1018 3409 1414 3495; x_wconf 87' lang='lat' dir='ltr'>quindecim</span> <span class='ocrx_word' id='word_1_319' title='bbox 1458 3429 1703 3482; x_wconf 81' lang='lat' dir='ltr'>annos.</span> <span class='ocrx_word' id='word_1_320' title='bbox 1763 3421 1966 3496; x_wconf 82' lang='lat' dir='ltr'>natus</span> <span class='ocrx_word' id='word_1_321' title='bbox 2004 3407 2225 3495; x_wconf 88' lang='lat' dir='ltr'>judici</span> <span class='ocrx_word' id='word_1_322' title='bbox 2265 3404 2546 3474; x_wconf 88' lang='lat' dir='ltr'>tradun-</span> 
     </span>
     <span class='ocr_line' id='line_1_37' title="bbox 48 3495 2543 3588; baseline 0.004 -36"><span class='ocrx_word' id='word_1_323' title='bbox 48 3499 151 3559; x_wconf 85' lang='lat' dir='ltr'>tur.</span> <span class='ocrx_word' id='word_1_324' title='bbox 198 3498 266 3563; x_wconf 89' lang='lat' dir='ltr'>Et</span> <span class='ocrx_word' id='word_1_325' title='bbox 306 3500 600 3586; x_wconf 87' lang='lat' dir='ltr'>primum</span> <span class='ocrx_word' id='word_1_326' title='bbox 630 3499 841 3588; x_wconf 81' lang='lat' dir='ltr'>judex</span> <span class='ocrx_word' id='word_1_327' title='bbox 876 3498 1404 3577; x_wconf 80' lang='lat' dir='ltr'>adolescentem,</span> <span class='ocrx_word' id='word_1_328' title='bbox 1448 3510 1797 3583; x_wconf 86' lang='lat' dir='ltr'>tamquam</span> <span class='ocrx_word' id='word_1_329' title='bbox 1835 3496 2102 3565; x_wconf 84' lang='lat' dir='ltr'>facilem</span> <span class='ocrx_word' id='word_1_330' title='bbox 2141 3495 2225 3564; x_wconf 89' lang='lat' dir='ltr'>ad</span> <span class='ocrx_word' id='word_1_331' title='bbox 2265 3517 2543 3585; x_wconf 87' lang='lat' dir='ltr'>persua-</span> 
     </span>
     <span class='ocr_line' id='line_1_38' title="bbox 46 3572 2540 3664; baseline 0.004 -26"><span class='ocrx_word' id='word_1_332' title='bbox 46 3572 329 3661; x_wconf 80' lang='lat' dir='ltr'>dendum,</span> <span class='ocrx_word' id='word_1_333' title='bbox 376 3588 647 3656; x_wconf 90' lang='lat' dir='ltr'>blandis</span> <span class='ocrx_word' id='word_1_334' title='bbox 680 3588 903 3656; x_wconf 88' lang='lat' dir='ltr'>verbis</span> <span class='ocrx_word' id='word_1_335' title='bbox 933 3588 998 3654; x_wconf 93' lang='lat' dir='ltr'>in</span> <span class='ocrx_word' id='word_1_336' title='bbox 1032 3586 1340 3655; x_wconf 86' lang='lat' dir='ltr'>fraudem</span> <span class='ocrx_word' id='word_1_337' title='bbox 1377 3586 1728 3664; x_wconf 88' lang='lat' dir='ltr'>inducere,</span> <span class='ocrx_word' id='word_1_338' title='bbox 1769 3599 1907 3652; x_wconf 91' lang='lat' dir='ltr'>tum</span> <span class='ocrx_word' id='word_1_339' title='bbox 1954 3586 2135 3653; x_wconf 89' lang='lat' dir='ltr'>velut</span> <span class='ocrx_word' id='word_1_340' title='bbox 2177 3585 2540 3652; x_wconf 88' lang='lat' dir='ltr'>remissum</span> 
     </span>
     <span class='ocr_line' id='line_1_39' title="bbox 48 3668 2543 3763; baseline 0.002 -29"><span class='ocrx_word' id='word_1_341' title='bbox 48 3668 463 3763; x_wconf 73' lang='lat' dir='ltr'>etflexibilem</span> <span class='ocrx_word' id='word_1_342' title='bbox 514 3676 597 3745; x_wconf 90' lang='lat' dir='ltr'>ad</span> <span class='ocrx_word' id='word_1_343' title='bbox 653 3676 856 3744; x_wconf 84' lang='lat' dir='ltr'>fidem</span> <span class='ocrx_word' id='word_1_344' title='bbox 914 3676 1295 3761; x_wconf 85' lang='lat' dir='ltr'>negandam</span> <span class='ocrx_word' id='word_1_345' title='bbox 1344 3674 1700 3743; x_wconf 88' lang='lat' dir='ltr'>tormentis</span> <span class='ocrx_word' id='word_1_346' title='bbox 1735 3673 2086 3762; x_wconf 86' lang='lat' dir='ltr'>impellere</span> <span class='ocrx_word' id='word_1_347' title='bbox 2139 3685 2368 3742; x_wconf 88' lang='lat' dir='ltr'>tentat.</span> <span class='ocrx_word' id='word_1_348' title='bbox 2417 3671 2543 3739; x_wconf 86' lang='lat' dir='ltr'>Sed</span> 
     </span>
     <span class='ocr_line' id='line_1_40' title="bbox 52 3754 2542 3855; baseline 0.003 -33"><span class='ocrx_word' id='word_1_349' title='bbox 52 3754 366 3855; x_wconf 63' lang='lat' dir='ltr'>Dioscorus</span> <span class='ocrx_word' id='word_1_350' title='bbox 415 3786 632 3851; x_wconf 91' lang='lat' dir='ltr'>neque</span> <span class='ocrx_word' id='word_1_351' title='bbox 685 3764 1129 3854; x_wconf 88' lang='lat' dir='ltr'>persuasione</span> <span class='ocrx_word' id='word_1_352' title='bbox 1175 3764 1547 3850; x_wconf 88' lang='lat' dir='ltr'>quicquam</span> <span class='ocrx_word' id='word_1_353' title='bbox 1599 3774 1985 3829; x_wconf 88' lang='lat' dir='ltr'>commotus</span> <span class='ocrx_word' id='word_1_354' title='bbox 2019 3776 2142 3842; x_wconf 90' lang='lat' dir='ltr'>est,</span> <span class='ocrx_word' id='word_1_355' title='bbox 2189 3782 2409 3847; x_wconf 90' lang='lat' dir='ltr'>neque</span> <span class='ocrx_word' id='word_1_356' title='bbox 2433 3761 2542 3849; x_wconf 84' lang='lat' dir='ltr'>ju·</span> 
     </span>
     <span class='ocr_line' id='line_1_41' title="bbox 52 3838 2547 3924; baseline 0.004 -17"><span class='ocrx_word' id='word_1_357' title='bbox 52 3838 196 3913; x_wconf 75' lang='lat' dir='ltr'>dicis</span> <span class='ocrx_word' id='word_1_358' title='bbox 239 3854 509 3921; x_wconf 90' lang='lat' dir='ltr'>omnino</span> <span class='ocrx_word' id='word_1_359' title='bbox 560 3856 762 3923; x_wconf 86' lang='lat' dir='ltr'>cessit</span> <span class='ocrx_word' id='word_1_360' title='bbox 822 3854 1218 3924; x_wconf 90' lang='lat' dir='ltr'>sententiae.</span> <span class='ocrx_word' id='word_1_361' title='bbox 1275 3858 1583 3921; x_wconf 86' lang='lat' dir='ltr'>Caeteros</span> <span class='ocrx_word' id='word_1_362' title='bbox 1646 3850 2089 3918; x_wconf 89' lang='lat' dir='ltr'>acerbissime</span> <span class='ocrx_word' id='word_1_363' title='bbox 2145 3850 2547 3918; x_wconf 87' lang='lat' dir='ltr'>crudelissi-</span> 
     </span>
     <span class='ocr_line' id='line_1_42' title="bbox 56 3938 2545 4032; baseline -0.005 -14"><span class='ocrx_word' id='word_1_364' title='bbox 56 3948 256 4032; x_wconf 59' lang='lat' dir='ltr'>meque</span> <span class='ocrx_word' id='word_1_365' title='bbox 314 3942 706 4012; x_wconf 88' lang='lat' dir='ltr'>verberibus</span> <span class='ocrx_word' id='word_1_366' title='bbox 767 3943 1142 4011; x_wconf 86' lang='lat' dir='ltr'>dilacerat:</span> <span class='ocrx_word' id='word_1_367' title='bbox 1197 3963 1371 4027; x_wconf 90' lang='lat' dir='ltr'>quos</span> <span class='ocrx_word' id='word_1_368' title='bbox 1432 3963 1591 4009; x_wconf 91' lang='lat' dir='ltr'>cum</span> <span class='ocrx_word' id='word_1_369' title='bbox 1661 3951 1994 4007; x_wconf 88' lang='lat' dir='ltr'>tormenta</span> <span class='ocrx_word' id='word_1_370' title='bbox 2044 3960 2152 4006; x_wconf 89' lang='lat' dir='ltr'>rna</span> <span class='ocrx_word' id='word_1_371' title='bbox 2212 3961 2295 4007; x_wconf 91' lang='lat' dir='ltr'>no</span> <span class='ocrx_word' id='word_1_372' title='bbox 2345 3952 2411 4006; x_wconf 89' lang='lat' dir='ltr'>et</span> <span class='ocrx_word' id='word_1_373' title='bbox 2471 3938 2545 4006; x_wconf 83' lang='lat' dir='ltr'>fi-</span> 
     </span>
     <span class='ocr_line' id='line_1_43' title="bbox 55 4013 2540 4120; baseline 0.004 -37"><span class='ocrx_word' id='word_1_374' title='bbox 55 4013 205 4088; x_wconf 74' lang='lat' dir='ltr'>denti</span> <span class='ocrx_word' id='word_1_375' title='bbox 252 4029 473 4100; x_wconf 87' lang='lat' dir='ltr'>animo</span> <span class='ocrx_word' id='word_1_376' title='bbox 525 4054 644 4120; x_wconf 90' lang='lat' dir='ltr'>pro</span> <span class='ocrx_word' id='word_1_377' title='bbox 696 4031 831 4100; x_wconf 78' lang='lat' dir='ltr'>side</span> <span class='ocrx_word' id='word_1_378' title='bbox 882 4031 1166 4101; x_wconf 88' lang='lat' dir='ltr'>tolerare</span> <span class='ocrx_word' id='word_1_379' title='bbox 1215 4042 1566 4107; x_wconf 85' lang='lat' dir='ltr'>cerneret,</span> <span class='ocrx_word' id='word_1_380' title='bbox 1636 4050 1798 4116; x_wconf 84' lang='lat' dir='ltr'>rogo</span> <span class='ocrx_word' id='word_1_381' title='bbox 1858 4050 2132 4097; x_wconf 88' lang='lat' dir='ltr'>creman</span> <span class='ocrx_word' id='word_1_382' title='bbox 2188 4050 2265 4095; x_wconf 91' lang='lat' dir='ltr'>os</span> <span class='ocrx_word' id='word_1_383' title='bbox 2312 4027 2540 4094; x_wconf 85' lang='lat' dir='ltr'>tradit.</span> 
     </span>
    </p>
   </div>
   <div class='ocr_carea' id='block_1_3' title="bbox 2336 3317 2535 3397">
    <p class='ocr_par' dir='ltr' id='par_1_6' title="bbox 2336 3317 2535 3397">
     <span class='ocr_line' id='line_1_44' title="bbox 2336 3317 2513 3352; baseline 0.011 -2"><span class='ocrx_word' id='word_1_384' title='bbox 2336 3317 2513 3352; x_wconf 89' lang='grc'><strong>44444</strong></span> 
     </span>
     <span class='ocr_line' id='line_1_45' title="bbox 2521 3372 2535 3397; baseline 0 0"><span class='ocrx_word' id='word_1_385' title='bbox 2521 3372 2535 3397; x_wconf 73' lang='lat'><strong><em>⁹</em></strong></span> 
     </span>
    </p>
   </div>
   <div class='ocr_carea' id='block_1_4' title="bbox 97 4196 1627 4463">
    <p class='ocr_par' dir='ltr' id='par_1_7' title="bbox 97 4196 1316 4267">
     <span class='ocr_line' id='line_1_46' title="bbox 97 4196 1316 4267; baseline 0.008 -28"><span class='ocrx_word' id='word_1_386' title='bbox 97 4196 176 4267; x_wconf 43' lang='lat'>28.</span> <span class='ocrx_word' id='word_1_387' title='bbox 193 4202 394 4248; x_wconf 63' lang='lat' dir='ltr'>Julianus</span> <span class='ocrx_word' id='word_1_388' title='bbox 410 4214 456 4250; x_wconf 73' lang='lat' dir='ltr'>ct</span> <span class='ocrx_word' id='word_1_389' title='bbox 474 4213 645 4255; x_wconf 63' lang='lat' dir='ltr'>Eunus,</span> <span class='ocrx_word' id='word_1_390' title='bbox 663 4213 738 4251; x_wconf 79' lang='lat' dir='ltr'>dle</span> <span class='ocrx_word' id='word_1_391' title='bbox 760 4214 811 4250; x_wconf 74' lang='lat'>27</span> <span class='ocrx_word' id='word_1_392' title='bbox 831 4212 1057 4250; x_wconf 75' lang='lat' dir='ltr'>februarii</span> <span class='ocrx_word' id='word_1_393' title='bbox 1081 4212 1316 4250; x_wconf 82' lang='lat' dir='ltr'>coluntur.</span> 
     </span>
    </p>

    <p class='ocr_par' dir='ltr' id='par_1_8' title="bbox 102 4253 1155 4327">
     <span class='ocr_line' id='line_1_47' title="bbox 102 4253 1155 4327; baseline 0.009 -34"><span class='ocrx_word' id='word_1_394' title='bbox 102 4253 205 4327; x_wconf 42' lang='lat' dir='ltr'>‘&#39;NS.</span> <span class='ocrx_word' id='word_1_395' title='bbox 224 4256 440 4302; x_wconf 67' lang='lat' dir='ltr'>Macarius</span> <span class='ocrx_word' id='word_1_396' title='bbox 459 4266 533 4303; x_wconf 84' lang='lat' dir='ltr'>dic</span> <span class='ocrx_word' id='word_1_397' title='bbox 554 4267 578 4304; x_wconf 84' lang='lat'>8</span> <span class='ocrx_word' id='word_1_398' title='bbox 598 4265 856 4304; x_wconf 75' lang='lat' dir='ltr'>decembris</span> <span class='ocrx_word' id='word_1_399' title='bbox 877 4266 1155 4304; x_wconf 68' lang='lat' dir='ltr'>celebratur.</span> 
     </span>
    </p>

    <p class='ocr_par' dir='ltr' id='par_1_9' title="bbox 103 4307 1483 4375">
     <span class='ocr_line' id='line_1_48' title="bbox 103 4307 1483 4375; baseline 0.007 -30"><span class='ocrx_word' id='word_1_400' title='bbox 103 4307 262 4375; x_wconf 49' lang='lat' dir='ltr'>nuss&#39;</span> <span class='ocrx_word' id='word_1_401' title='bbox 283 4313 550 4372; x_wconf 60' lang='lat' dir='ltr'>Epimaehus</span> <span class='ocrx_word' id='word_1_402' title='bbox 570 4321 615 4356; x_wconf 84' lang='lat' dir='ltr'>et</span> <span class='ocrx_word' id='word_1_403' title='bbox 636 4320 893 4358; x_wconf 74' lang='lat' dir='ltr'>Alexander</span> <span class='ocrx_word' id='word_1_404' title='bbox 918 4321 964 4356; x_wconf 75' lang='lat'>12</span> <span class='ocrx_word' id='word_1_405' title='bbox 985 4319 1215 4357; x_wconf 79' lang='lat' dir='ltr'>decembr.</span> <span class='ocrx_word' id='word_1_406' title='bbox 1239 4316 1483 4355; x_wconf 76' lang='lat' dir='ltr'>coluntur.</span> 
     </span>
    </p>

    <p class='ocr_par' dir='ltr' id='par_1_10' title="bbox 104 4362 1627 4463">
     <span class='ocr_line' id='line_1_49' title="bbox 104 4362 1627 4432; baseline 0.003 -30"><span class='ocrx_word' id='word_1_407' title='bbox 104 4362 287 4432; x_wconf 43' lang='lat' dir='ltr'>&#39;&#39;nuSffi</span> <span class='ocrx_word' id='word_1_408' title='bbox 309 4368 521 4416; x_wconf 67' lang='lat' dir='ltr'>Dionysia</span> <span class='ocrx_word' id='word_1_409' title='bbox 543 4372 590 4408; x_wconf 60' lang='lat' dir='ltr'>ot</span> <span class='ocrx_word' id='word_1_410' title='bbox 608 4373 954 4410; x_wconf 68' lang='lat' dir='ltr'>Ammonarinm</span> <span class='ocrx_word' id='word_1_411' title='bbox 980 4373 1088 4409; x_wconf 81' lang='lat' dir='ltr'>item</span> <span class='ocrx_word' id='word_1_412' title='bbox 1118 4374 1164 4409; x_wconf 76' lang='lat'>12</span> <span class='ocrx_word' id='word_1_413' title='bbox 1186 4371 1285 4409; x_wconf 80' lang='lat' dir='ltr'>dec.</span> <span class='ocrx_word' id='word_1_414' title='bbox 1308 4379 1477 4416; x_wconf 58' lang='lat' dir='ltr'>passae</span> <span class='ocrx_word' id='word_1_415' title='bbox 1500 4371 1627 4407; x_wconf 78' lang='lat' dir='ltr'>sunt.</span> 
     </span>
     <span class='ocr_line' id='line_1_50' title="bbox 239 4415 1407 4463; baseline 0.007 -10"><span class='ocrx_word' id='word_1_416' title='bbox 239 4415 400 4460; x_wconf 82' lang='lat' dir='ltr'>Horum</span> <span class='ocrx_word' id='word_1_417' title='bbox 420 4424 625 4463; x_wconf 82' lang='lat' dir='ltr'>omnium</span> <span class='ocrx_word' id='word_1_418' title='bbox 649 4427 820 4463; x_wconf 69' lang='lat' dir='ltr'>natatis</span> <span class='ocrx_word' id='word_1_419' title='bbox 842 4425 918 4462; x_wconf 81' lang='lat' dir='ltr'>die</span> <span class='ocrx_word' id='word_1_420' title='bbox 945 4422 991 4462; x_wconf 70' lang='lat'>14</span> <span class='ocrx_word' id='word_1_421' title='bbox 1012 4426 1110 4462; x_wconf 83' lang='lat' dir='ltr'>dec.</span> <span class='ocrx_word' id='word_1_422' title='bbox 1132 4425 1407 4462; x_wconf 64' lang='lat' dir='ltr'>celebratur.</span> 
     </span>
    </p>
   </div>
  </div>
 </body>
</html>
