2993 4837
513 253 641 317 568
1159 270 1239 316 nn
1286 271 1342 316 s.
1396 268 1712 317 cneconio
1757 268 2228 317 ‘rmum-runco
2627 250 2774 315 NOV.
2815 252 2871 316 Π

426 356 542 420 Est
571 361 753 419 certe
791 350 920 419 hoc
951 371 1222 436 quoque
1262 364 1750 439 argumentum
1811 372 2102 440 magnae
2148 351 2304 436 ejus
2342 349 2718 440 sapientiae,
2754 349 2886 437 quod

418 462 575 508 cum
618 460 822 508 omne
854 438 1065 508 siiiiul
1103 440 1463 507 bominum
1498 462 1719 527 genus
1759 462 1883 508 suo
1914 455 2214 529 tempore
2259 440 2345 508 ad
2397 441 2600 507 vitam
2646 461 2886 507 cominu·

418 550 573 596 nem
618 541 1077 615 componeret,
1119 527 1323 596 veluti
1372 529 1656 613 quidam
1692 529 1934 618 auriga
1985 542 2300 597 naturam
2341 550 2608 619 regenS,
2644 541 2705 596 et
2743 526 2893 596 {ienis

416 618 530 685 Dei
580 617 995 705 cognitionis
1044 639 1158 684 eos
1184 616 1355 705 jugo
1386 619 1841 707 subiungens,
1878 617 2294 687 concedebat
2325 633 2397 686 ut
2427 617 2561 686 sub
2603 618 2747 706 jugo
2783 617 2892 684 fidei

412 705 669 775 laetitia
716 706 1030 773 exilirent
1078 705 1364 774 subditi.
1419 710 1582 774 Cum
1637 707 1821 775 enim
1881 706 2523 785 animadvertisset,
2574 705 2746 792 quod
2785 727 2894 793 pro-

420 809 568 884 pter
599 816 961 883 corporeas
995 793 1477 863 delectationes
1529 796 1596 861 in
1649 794 1988 864 idolorum
2038 817 2266 864 errore
2311 809 2734 883 permaneret
2791 816 2899 881 pue·

416 882 543 952 rile
575 882 822 981 vulgus
848 896 913 951 et
954 883 1405 962 ineruditum,
1459 897 1535 951 ut
1567 884 1838 952 interim
1878 884 1945 952 in
1978 906 2079 963 eo,
2112 884 2294 969 quod
2332 896 2434 953 est
2487 884 2900 973 praecipuum,

414 993 661 1059 nempe
712 994 777 1039 in
834 976 1070 1052 Deum,
1126 995 1198 1040 se
1255 984 1431 1041 recte
1472 987 1817 1060 gererent:
1894 995 2016 1061 pro
2065 973 2205 1041 illis
2254 973 2590 1043 inanibus
2638 973 2904 1059 supersti-

415 1059 623 1129 tionis
659 1060 926 1139 ritibus‚
987 1061 1295 1150 permisit
1343 1061 1464 1141 eiS,
1520 1076 1595 1130 ut
1637 1062 1705 1130 in
1747 1076 2141 1131 sanctorum
2197 1067 2577 1149 Martyrum
2624 1060 2906 1128 memoriis
2951 1122 2952 1137 ,

420 1170 494 1217 se
520 1147 1003 1228 exhilararent,
1041 1148 1559 1235 exultantesque
1591 1149 2032 1230 oblectarent,
2070 1164 2300 1239 utpote
2329 1150 2514 1237 quod
2573 1149 2908 1239 procedente

418 1249 722 1325 tempore
785 1237 1091 1305 futurum
1144 1251 1310 1318 erat,
1357 1252 1431 1306 ut
1473 1240 1606 1307 vita
1657 1238 2128 1307 traduceretur
2160 1239 2242 1308 ad
2282 1240 2346 1307 id
2387 1238 2574 1326 quod
2621 1252 2722 1307 est
2759 1238 2905 1305 hone·

416 1326 590 1395 stius
638 1339 703 1394 et
754 1326 1232 1414 praestantius,
1271 1340 1335 1395 et
1385 1327 1556 1395 sides
1589 1348 1705 1396 eos
1752 1328 1834 1395 ad
1877 1327 1938 1395 id
2003 1328 2392 1407 deduceret,
2445 1327 2638 1413 quod
2690 1326 2902 1413 quidem

416 1413 555 1515 jam
609 1414 677 1482 in
719 1413 954 1482 inultis
990 1428 1166 1483 recte
1217 1416 1569 1494 successit,
1601 1416 1788 1485 omni
1840 1416 2287 1485 delectatione
2326 1419 2414 1485 ab
2450 1418 2540 1485 iis
2591 1438 2766 1502 quae
2805 1426 2904 1482 sunt

410 1502 719 1591 jucunda
771 1505 1066 1591 corpori,
1123 1503 1433 1573 traducta
1481 1504 1564 1572 ad
1619 1527 1839 1593 genus
1891 1505 2184 1575 laetitiae
2239 1505 2602 1594 spiritalis.
2663 1509 2795 1573 Hoc
2830 1525 2905 1571 aii·

416 1603 548 1661 tem
603 1590 805 1659 modo
853 1613 924 1660 se
972 1614 1215 1677 gerens
1265 1593 1332 1661 in
1386 1594 1712 1672 Ecclesia,
1757 1606 1821 1661 et
1867 1594 2057 1663 omni
2108 1595 2336 1664 studio
2378 1594 2826 1671 incumbens,
2863 1604 2906 1658 ut

417 1692 573 1749 ante
606 1702 808 1748 suum
853 1702 888 1749 e
939 1682 1069 1748 vita
1131 1703 1511 1761 excessum,
1582 1683 1834 1750 videret
1879 1704 2121 1752 omnes
2188 1683 2270 1752 ad
2327 1682 2535 1752 sidem
2603 1682 2904 1753 salutarem

416 1768 763 1867 traductos
794 1790 834 1836 a
882 1768 1300 1868 simulacris,
1360 1783 1720 1857 postquam
1752 1773 2305 1859 cognovitsuum
2358 1773 2623 1841 instare
2672 1771 2900 1843 obitum,

416 1869 623 1927 totam
674 1878 1123 1926 circumcirca
1189 1859 1537 1946 regionem
1606 1872 1672 1928 et
1720 1861 2059 1928 civitatem
2133 1874 2235 1928 est
2292 1873 2788 1950 perscrutatuS,
2829 1878 2906 1924 cu·

417 1945 617 2045 piens
658 1946 854 2024 scire,
909 1968 991 2014 an
1046 1962 1273 2047 essent
1320 1947 1533 2034 aliqui
1587 1947 1802 2017 relicti
1854 1963 2041 2017 extra
2089 1949 2323 2018 fidem.
2382 1950 2510 2018 Ubi
2574 1962 2794 2018 autern
2834 1967 2905 2011 co-

416 2046 649 2125 gnovit
696 2056 935 2103 omnes
995 2057 1112 2121 qui
1184 2050 1701 2124 permanserant
1770 2037 1833 2104 in
1899 2038 2182 2122 antiquo
2249 2060 2525 2117 errore,
2612 2058 2743 2106 non
2810 2053 2904 2103 esse

415 2123 673 2211 plures,
728 2146 934 2209 quam
981 2124 1491 2212 septemdecim,
1538 2125 1705 2193 dicit
1755 2125 1881 2194 lioc
1931 2127 2209 2212 quidem
2253 2148 2401 2194 esse
2436 2119 2900 2215 dolendum,acl

417 2217 628 2281 Deum
670 2213 1065 2301 respicienS,
1120 2214 1299 2298 quod
1355 2214 1614 2299 aliquid
1654 2214 1829 2282 desit
1876 2214 1958 2282 ad
2032 2216 2533 2304 plenitudinem
2570 2236 2802 2283 eorum
2830 2230 2902 2296 qul
2953 2226 2954 2289 ἶ

417 2314 815 2370 servantur:
856 2324 888 2366 «
930 2305 1582 2390 Verunitainenjure
1620 2324 1906 2401 magnas
1945 2326 2094 2373 esse
2120 2304 2424 2391 agendas
2464 2306 2750 2392 gratias,
2776 2298 2899 2387 quod
2951 2296 2954 2367 ζ

416 2411 542 2459 suo
580 2390 645 2457 in
691 2389 987 2459 Ecclesia
1038 2391 1415 2459 successori
1480 2405 1571 2461 tot
1636 2391 1960 2479 relinquit
2024 2393 2555 2462 simulacrorum
2617 2393 2899 2462 cultores.
2953 2439 2954 2478 ¹

415 2493 581 2564 quot
616 2478 761 2567 ipse
801 2481 1062 2568 accepit
1111 2481 1554 2549 Christianos,
1591 2503 1626 2547 »
1668 2485 1829 2549 Cum
1869 2495 2094 2551 autem
2143 2496 2457 2571 precatus
2520 2496 2725 2558 esset,
2777 2491 2832 2548 ut
2863 2487 2901 2542 el

413 2568 533 2653 qui
601 2568 744 2654 jam
819 2568 1292 2647 crediderant,
1356 2582 1739 2639 crescerent
1802 2570 1867 2638 in
1926 2569 2402 2659 perfectionem
2442 2624 2457 2645 ‚
2523 2583 2589 2639 et
2658 2566 2902 2639 infideles

416 2670 996 2736 converterentur,
1053 2659 1144 2725 ita
1193 2659 1279 2726 ab
1330 2657 1636 2726 humana
1697 2658 1828 2726 vita
1900 2660 2216 2745 migravit
2264 2659 2348 2728 ad
2417 2664 2630 2728 Deum
2667 2660 2721 2740 ¹⁴,
2767 2675 2902 2724 man·

414 2744 591 2812 dans
641 2744 786 2814 suis
851 2747 1274 2816 necessariis.
1323 2760 1397 2814 ut
1447 2746 1719 2815 nullum
1791 2750 2143 2836 proprium
2211 2750 2435 2817 locum
2486 2750 2549 2817 ei
2606 2764 2901 2835 compara·

418 2845 567 2901 rent
613 2832 695 2900 ad
734 2834 1186 2921 sepulturam.
1243 2835 1309 2903 Si
1351 2835 1535 2904 enim
1590 2837 1784 2903 vivus
1835 2857 1969 2904 non
2022 2837 2351 2905 sustinuit
2400 2838 2624 2906 vocari
2668 2833 2903 2920 alicujus

416 2920 546 2990 loci
598 2921 947 3002 doniinuS,
990 2923 1103 2992 sed
1151 2923 1538 3009 inquilinus
1588 2924 1749 2992 vixit
1785 2925 1849 2993 in
1888 2924 2156 3005 alieniS,
2203 2946 2425 3011 neque
2474 2939 2627 3014 post
2678 2936 2899 2992 mortem

417 3008 702 3099 pudebit
749 3032 905 3078 eum
958 3033 1105 3081 esse
1141 3012 1592 3098 inquilinum.
1640 3012 1766 3081 Sed
1810 3012 1962 3092 lioc,
2010 3014 2256 3100 inquit,
2295 3027 2612 3084 narretur
2645 3010 2898 3103 posteris,

415 3098 595 3185 quod
635 3099 1004 3186 Gregorius
1056 3122 1274 3187 neque
1317 3102 1512 3169 vivus
1559 3100 1856 3189 alicujus
1911 3101 2038 3171 loci
2099 3125 2448 3192 possessor
2495 3115 2598 3171 est
2649 3100 2899 3172 nomina-

416 3198 550 3267 tuS,
594 3200 658 3256 et
708 3201 859 3276 post
909 3202 1191 3257 mortem
1246 3190 1372 3258 suit
1431 3190 1816 3275 inquilinus
1866 3191 2248 3260 alienorum
2301 3191 2793 3281 sepulcrorum,
2833 3205 2900 3284 55³·

416 3277 644 3365 ipsum
698 3277 1067 3365 sejungens
1100 3278 1188 3346 ab
1227 3278 1415 3347 omni
1484 3279 1552 3345 in
1606 3293 1782 3346 terra
1839 3280 2296 3368 possessione,
2351 3281 2521 3350 adeo
2571 3294 2648 3350 ut
2706 3300 2813 3347 nec
2853 3292 2895 3340 in

417 3366 693 3454 proprio
741 3365 1020 3451 quidem
1063 3367 1207 3435 loco
1258 3367 1548 3436 voluerit
1595 3366 1894 3456 sepeliri.
1959 3368 2182 3437 Solam
2234 3369 2415 3437 enim
2471 3391 2623 3438 eam
2691 3384 2898 3458 possea·

415 3454 676 3523 sionem
730 3454 1060 3541 judicavit
1143 3456 1507 3544 pretiosam
1542 3510 1556 3536 ,
1610 3477 1785 3541 quae
1851 3457 1916 3525 in
1970 3479 2043 3525 se
2090 3458 2410 3527 avaritiae
2461 3480 2596 3526 non
2671 3453 2895 3540 suscipit

414 3542 803 3631 vestigium.
850 3543 1300 3631 Repentinam
1338 3558 1566 3613 autem
1619 3545 1823 3616 totius
1873 3547 2095 3634 gentis
2162 3546 2659 3615 traductionem
2708 3569 2744 3615 a
2782 3561 2893 3632 gen·

415 3630 511 3699 tili
559 3633 849 3700 vanitate
904 3631 987 3700 ad
1040 3633 1340 3702 veritatis
1387 3634 1806 3723 agnitionem
1860 3655 2061 3704 nemo
2111 3635 2418 3717 miretur,
2473 3637 2594 3721 qui
2646 3635 2802 3703 lianc
2834 3629 2894 3696 le·

411 3720 587 3809 gerit
624 3721 1026 3801 orationem,
1085 3722 1461 3811 respiciens
1492 3722 1988 3803 oeconomiam,
2025 3744 2145 3812 per
2190 3745 2398 3810 quam
2431 3723 2605 3793 sacta
2634 3737 2733 3793 est
2761 3731 2890 3789 tanta

410 3810 696 3878 mutatio
729 3832 963 3878 eorum
1015 3810 1134 3896 qui
1198 3810 1489 3880 traducti
1525 3824 1683 3880 sunt
1725 3833 1758 3879 a
1794 3810 1967 3879 salso
2013 3813 2097 3880 ad
2153 3813 2525 3881 veritatem.
2565 3817 2725 3880 Nam
2756 3801 2888 3908 quod

409 3895 663 3967 factum
701 3899 902 3968 estin
958 3898 1201 3987 primis
1252 3901 1676 3987 temporibus
1722 3904 1871 3987 ejus
1899 3900 2283 3981 sacerdotii,
2337 3900 2517 3987 quod
2560 3899 2640 3968 ad
2688 3898 2884 3982 reliqua

411 3987 747 4055 miracula
798 3986 1130 4055 festinans
1180 3989 1525 4076 praeteriit
1558 3989 1795 4069 orati0‚
1853 4011 2037 4058 nunc
2069 4011 2434 4059 assumens
2470 3988 2766 4058 narrab0.

497 4077 532 4162 ξ
585 4081 729 4148 ⁷11.
784 4080 938 4144 Erat
985 4076 1268 4162 quidam
1321 4077 1468 4145 dies
1516 4077 1729 4146 festus
1765 4078 2087 4167 publicus
2124 4079 2188 4145 in
2242 4079 2531 4156 civitate,
2590 4076 2699 4162 qui
2744 4085 2882 4141 more

410 4164 629 4250 patrio
677 4165 1006 4253 agebatur
1040 4165 1314 4233 cuidam
1367 4166 1688 4235 daemoni
1738 4188 1817 4236 ex
1867 4167 1951 4235 iis
1997 4167 2114 4254 qui
2151 4179 2347 4235 erant
2389 4167 2453 4234 in
2500 4167 2769 4255 regione.
2812 4153 2879 4225 Ad

412 4272 571 4319 eum
624 4264 757 4320 tota
806 4252 941 4320 sere
990 4275 1157 4342 gens
1206 4255 1650 4335 confluxerat,
1706 4269 1839 4325 tota
1891 4257 2167 4345 regione
2212 4277 2353 4324 una
2409 4254 2640 4324 festum
2685 4259 2878 4337 agente

462 4375 487 4400 ⁸
516 4372 601 4415 Die
619 4376 1002 4427 dectmnsepttms
1022 4378 1290 4420 novembris
1309 4379 1421 4421 anni
1441 4382 1520 4421 270
1537 4382 1614 4421 vel
1636 4377 1728 4421 271.
