2993 4837
346 1142 370 1159 ·
452 1119 609 1194 sim,
663 1139 819 1186 cum
871 1118 937 1184 in
997 1116 1251 1185 scholis
1312 1116 1396 1184 ad
1451 1115 1632 1185 latus
1683 1115 1802 1184 tibi
1860 1116 2229 1195 assideam‚
2274 1129 2340 1186 et
2397 1119 2796 1203 ubicumque
2833 1114 2926 1182 sisu

538 307 667 370 522
1135 323 1211 367 nn
1260 322 1314 367 s.
1356 321 1652 367 soxcnno
1702 324 1797 368 Er.
1853 322 2314 368 eamcaaimsi
2649 305 2802 367 Nol.
2845 305 2896 365 lii

451 407 777 476 describit
819 408 885 474 in
930 407 1249 485 CanticiS,
1304 418 1365 474 et
1403 419 1753 492 tamquam
1811 428 1848 474 a
1896 428 2172 474 summo
2222 405 2395 475 coeli
2435 407 2661 475 vertice
2693 421 2899 496 repente

452 499 520 565 in
558 510 804 566 terram
835 494 1186 582 delapsus,
1225 495 1325 563 sic
1359 516 1515 562 eum
1557 496 1742 583 prior
1768 493 2172 584 appellavit:
2204 517 2240 559 «
2273 495 2490 576 Salve,
2528 495 2748 565 dilecte
2772 497 2850 561 mi.
2875 523 2898 554 n

454 585 574 653 Ille
623 585 688 652 id
742 584 1057 662 audiens,
1100 604 1331 652 vocem
1385 584 1602 673 ignoti
1655 584 1851 673 pueri
1901 583 2289 653 admiratus
2327 597 2453 653 est.
2503 590 2770 654 Cernens
2793 605 2898 651 sua-

454 674 780 742 vissimus
817 694 987 761 puer
1017 672 1213 741 lesus
1249 674 1676 772 pavefactum
1731 673 1928 741 illum
1980 685 2046 742 et
2103 673 2699 754 haesitabundum,
2734 692 2903 741 rursus

457 762 649 831 illum
699 761 1112 850 compellat;
1168 762 1579 838 sciscitatur,
1624 783 1787 830 num
1840 761 1941 829 vel
1994 773 2268 830 tenuem
2329 764 2438 831 sui
2490 763 2719 832 habeat
2759 761 2902 828 notio-

456 872 631 918 nem.
681 850 1069 940 Respondet
1100 849 1216 918 ille
1263 849 1664 920 columbina
1701 849 2186 939 simplicitate:
2231 872 2267 915 «
2320 856 2548 938 Neque
2595 872 2708 940 ego
2754 849 2898 917 ullam

456 939 672 1008 babeo
707 940 803 1007 tui
848 939 1180 1019 notitiam,
1222 960 1440 1025 neque
1496 959 1606 1006 me
1655 951 1820 1027 puto
1858 938 1978 1007 tibi
2027 960 2177 1008 esse
2210 952 2478 1009 notum.
2517 964 2551 1004 »
2599 947 2752 1008 Tum
2795 958 2904 1025 puer

449 1035 693 1097 lesus:
733 1051 769 1094 «
823 1033 900 1097 Et
937 1028 1248 1115 quinam,
1291 1027 1538 1112 inquit,
1580 1027 1725 1096 fieri
1773 1039 2011 1114 potest,
2059 1041 2132 1098 ut
2183 1040 2316 1096 tam
2369 1051 2496 1118 ego
2548 1030 2662 1097 tibi
2708 1029 2907 1115 ignotus

449 1227 678 1275 comes
740 1227 1010 1295 semper
1069 1205 1474 1274 individuus
1524 1205 1647 1273 tibi
1699 1218 1967 1293 praesto
2017 1206 2299 1274 adsim?
2357 1230 2392 1271 »
2447 1205 2900 1295 subjunxitque:

450 1318 483 1360 «
541 1296 824 1382 Respice
872 1296 939 1362 in
984 1294 1225 1362 faciem
1274 1315 1521 1372 meam,
1566 1307 1630 1360 et
1670 1294 1820 1361 vide
1853 1294 2018 1380 quid
2057 1294 2197 1363 illic
2233 1296 2570 1383 scriptum
2621 1297 2723 1364 sit.
2760 1316 2791 1358 ι)
2833 1297 2894 1359 Re·

450 1384 667 1473 spexit
711 1383 846 1463 ille,
884 1395 949 1450 et.
991 1382 1156 1451 vidit
1188 1382 1602 1451 coelestibus
1649 1396 2000 1451 exaratum
2056 1383 2340 1453 litteris:
2379 1406 2414 1449 «
2457 1391 2658 1454 Jesus
2704 1387 2894 1451 Nazari-

453 1495 606 1550 nuS‚
668 1477 799 1541 Rex
849 1471 1292 1540 ludaeorum.
1351 1494 1385 1535 »
1436 1470 1629 1553 Quod
1708 1493 1865 1540 cum
1923 1493 2134 1559 puero
2195 1478 2364 1542 Jesu
2420 1473 2792 1549 indicasset,
2842 1467 2898 1535 ille

449 1582 663 1648 ocyus
714 1560 1101 1649 respondit:
1159 1583 1195 1626 «
1231 1565 1369 1628 Hoc
1402 1572 1503 1627 est
1540 1581 1785 1628 nomen
1843 1583 2099 1638 meum,
2141 1561 2323 1647 quod
2366 1573 2438 1630 tu
2475 1562 2682 1630 'debes
2715 1559 2864 1640 affige

451 1649 684 1716 animo
721 1664 857 1729 tuo,
894 1649 1181 1735 ejusque
1211 1648 1449 1717 ardere
1482 1648 1848 1729 desiderio,
1885 1671 2294 1737 semperque
2324 1652 2640 1719 noctibus
2670 1659 2898 1717 accurat

455 1739 852 1827 imprimere
904 1738 1104 1806 fronti
1157 1753 1342 1806 tuae:
1383 1737 1565 1822 quod
1614 1737 1731 1805 tibi
1794 1759 2045 1826 magno
2108 1738 2450 1828 praesidio
2497 1740 2624 1807 erit
2659 1737 2899 1805 adversm

454 1840 735 1895 mortem
792 1826 1259 1916 repentinam:
1301 1826 1413 1894 sed
1449 1838 1513 1894 et
1544 1825 1698 1894 aliis
1733 1847 2027 1912 quoque,
2073 1829 2191 1913 qui
2246 1827 2416 1895 illud
2459 1829 2548 1897 ita
2588 1826 2774 1895 fronti
2803 1841 2899 1892 suae

450 1916 952 2004 inscripserint.
998 1939 1031 1980 »
1068 1916 1188 1983 His
1228 1915 1452 1994 dictis,
1492 1915 1679 1982 omni
1737 1915 1936 1983 melle
1977 1915 2247 1985 dulcior
2345 1939 2469 1985 uer
2504 1916 2636 1996 ille,
2675 1917 2737 1983 in
2772 1929 2898 1998 quem

451 2003 845 2073 desiderant
899 2003 1129 2092 Angeli
1186 2005 1598 2092 prospicere,
1656 2003 1742 2071 ab
1798 2005 1953 2090 ejus
2000 2005 2223 2073 oculis
2334 2007 2642 2092 isparuit‚
2682 2001 2782 2072 sed
2821 2019 2896 2065 ηοῠ

457 2115 700 2181 parum
755 2094 1111 2162 suavitatis
1158 2093 1224 2160 in
1277 2093 1428 2176 ejus
1482 2105 1747 2178 pectore
1799 2092 2096 2180 reliquit.
2138 2095 2231 2163 Ab
2281 2116 2360 2162 eo
2410 2108 2632 2162 autem
2682 2105 2898 2177 tempori³

453 2182 861 2253 Edmundus
900 2195 1091 2250 nocte
1128 2181 1224 2249 vel
1278 2182 1386 2248 die
1428 2181 1694 2250 studuit
1729 2182 2114 2270 passionem
2151 2183 2396 2252 Christi
2432 2185 2659 2251 animo
2688 2196 2896 2248 versare

457 2272 520 2339 in
572 2293 786 2357 eaque
852 2270 1243 2339 meditanda
1312 2268 1716 2340 medullitus
1765 2270 2114 2340 delectari.
2170 2276 2335 2340 Cum
2402 2285 2626 2340 autem
2680 2265 2896 2355 quodam

456 2359 566 2428 die
614 2359 781 2429 festo
847 2359 1081 2429 inultis
1131 2359 1703 2449 occupationibus
1755 2359 2175 2448 impeditus,
2236 2373 2432 2430 nocte
2493 2359 2895 2429 recordaretur.

454 2472 523 2517 se
554 2450 944 2518 Dominicae
974 2449 1312 2537 passionis
1344 2449 2069 2518 commemorationem
2102 2449 2443 2529 omisisse,
2481 2460 2793 2537 caputque
2825 2441 2900 2510 fes·

454 2561 606 2607 sum
659 2539 952 2624 quietem
1019 2550 1418 2626 reposceret,
1480 2538 1613 2607 sub
1661 2558 1982 2605 auroram
2040 2538 2363 2627 adparuit
2410 2540 2472 2607 ei
2521 2535 2835 2606 diabolus,
2867 2544 2898 2593 et

454 2628 694 2694 ambas
751 2628 810 2694 ei
862 2627 1156 2695 detinuit
1206 2648 1502 2705 manuS,
1563 2646 1646 2692 ne
1710 2628 1946 2695 Crucis
1995 2627 2272 2717 signum
2342 2640 2569 2717 posset
2629 2628 2689 2694 in
2753 2621 2900 2689 fronte

458 2715 759 2815 pingere.
818 2714 941 2782 Sed
997 2728 1223 2783 mente
1279 2729 1517 2784 orante
1564 2713 1973 2795 Edmundo,
2028 2718 2316 2785 daemon
2383 2716 2562 2786 inter
2618 2715 2826 2784 lectum
2867 2720 2896 2771 εἰ

460 2816 782 2891 parietem
840 2803 1094 2872 decidit
1103 2852 1234 2871 .....

543 2894 579 2979 ξ
628 2897 711 2963 ιι.
768 2892 1023 2961 Accidit
1070 2904 1295 2962 autem
1349 2903 1424 2960 ut
1476 2905 1691 2961 mater
1737 2892 1888 2981 ejus
1937 2914 1970 2959 a
2035 2914 2318 2982 corpore
2385 2893 2761 2982 migratura,
2801 2902 2896 2954 eum

456 2979 536 3047 ad
591 3002 663 3048 se
710 2982 982 3049 acciret.
1024 2981 1114 3049 Ad
1157 3002 1367 3068 quam
1418 2979 1533 3047 ille
1574 2981 1777 3059 venit,
1824 2990 2189 3050 extremam
2248 2983 2400 3070 ejus
2453 2980 2892 3050 benedictionem

460 3083 928 3157 percepturus.
970 3075 1379 3152 Quamcum
1419 3068 1538 3137 illa
1586 3070 1645 3137 ei
1698 3070 2173 3139 amantissime
2224 3070 2312 3137 im
2370 3071 2678 3148 ertiisset,
2708 3062 2896 3154 rogoin!

454 3158 883 3237 Edmundus,
930 3172 1007 3227 ut
1053 3159 1369 3227 absentes
1418 3178 1696 3245 quoque
1733 3157 1982 3227 liberos
2014 3181 2175 3228 suos
2204 3180 2282 3226 ea
2381 3147 2894 3252 enedictioneaffi·

454 3261 654 3316 ceret.
711 3252 786 3315 At
838 3247 998 3316 illa:
1053 3271 1087 3312 «
1136 3246 1437 3326 Noveris,
1486 3246 1731 3334 inquit,
1774 3247 1870 3315 fili
1911 3248 2030 3329 mi,
2066 3270 2306 3316 omnes
2346 3248 2589 3317 fratres
2626 3262 2754 3316 tuos
2790 3262 2837 3339 tn
2865 3248 2896 3299 te

460 3335 999 3429 benedictionem
1040 3337 1411 3425 percipere,
1449 3336 1709 3425 quippe
1741 3336 1860 3421 qui
1917 3358 2036 3425 per
2086 3350 2146 3404 te
2182 3349 2335 3426 tuae
2382 3350 2588 3405 erunt
2633 3335 2895 3402 virtutiset

456 3426 714 3512 gratiae
781 3425 1168 3513 participes,
1232 3448 1265 3489 »
1318 3429 1458 3493 Non
1515 3425 1696 3493 enim
1743 3424 1943 3493 latuit
1985 3438 2293 3503 matrem,
2347 3427 2508 3511 quis
2566 3432 2894 3511 quantusque

409 3513 731 3583 'futurus
783 3527 981 3591 esset,
1036 3536 1196 3582 cum
1251 3512 1313 3581 id
1374 3512 1654 3581 indiciis
1700 3513 2118 3600 quibusdam
2171 3514 2306 3601 jam
2360 3528 2518 3582 ante
2564 3513 2890 3599 designatum

460 3617 656 3672 esset.
712 3602 980 3671 Viderat
1028 3602 1210 3671 enim
1267 3602 1440 3691 ipsa,
1499 3614 1694 3670 nocte
1735 3601 2034 3688 quadam
2081 3603 2149 3670 in
2188 3604 2452 3673 somnis
2494 3621 2779 3673 coronam
2809 3610 2920 3678 sm:

460 3713 654 3759 neam
709 3690 1035 3761 ferentem
1090 3690 1285 3759 illum
1339 3690 1405 3758 in
1459 3692 1682 3779 capite
1748 3713 1914 3770 suo,
1976 3713 2153 3777 quae
2204 3691 2634 3761 vehementer
2675 3690 2920 3759 accensad

462 3781 778 3848 flammas
824 3780 906 3847 ad
961 3780 1184 3848 sidera
1235 3778 1568 3847 vibrabat.
1927 3822 1930 3825 η

548 3871 717 3955 §a
784 3873 1144 3955 Postquam
1206 3866 1705 3936 adolescentiae
1772 3879 1983 3936 metas
2042 3868 2303 3955 attigit,
2372 3868 2462 3936 ita
2531 3886 2747 3937 sensus
2795 3872 2888 3928 suos

464 3980 584 4046 per
632 3958 803 4024 vitae
844 3956 1175 4047 spiritalis
1233 3956 1552 4025 exercitia
1607 3956 1812 4026 rebus
1877 3955 2077 4024 bonis
2125 3969 2190 4024 et
2232 3957 2560 4025 virtutum
2611 3951 2791 4024 studio
2822 3963 2886 4043 ἱ35·

463 4045 742 4113 suefecit
774 4101 788 4125 ,
850 4059 927 4115 ut
973 4068 1048 4113 ex
1105 4045 1264 4134 jugi
1312 4043 2133 4114 consuetudine'deinde
2203 4058 2557 4132 tamquam
2609 4035 2888 4127 naturaliter

468 4135 644 4203 mala
693 4135 929 4204 omnia
979 4135 1239 4203 vitaret.
1310 4138 1623 4222 Magnam
1686 4134 1753 4201 in
1805 4155 1885 4202 eo
1951 4154 2190 4202 curam
2256 4135 2527 4223 posuit,
2582 4148 2648 4202 ut
2688 4127 2816 4227 velut
2848 4136 2883 4184 ¹11

466 4222 717 4291 tabulis
782 4224 956 4293 rasis
1013 4222 1392 4293 sanctitatis
1458 4221 1770 4290 habitum
1806 4277 1821 4302 ,
1887 4221 2150 4291 crebris
2199 4222 2588 4291 actionibus
2634 4221 2784 4289 bonis
2818 4230 2884 4305 δῦ·

464 4310 823 4394 quisitum,
884 4310 1183 4397 quadam
1244 4310 1656 4398 imaginaria
1708 4311 2163 4399 impressione
2217 4310 2593 4401 effingeret,
2645 4322 2793 4391 atque
2830 4312 2880 4361 ¹¹a

465 4396 893 4465 innocentiae
952 4399 1398 4467 fundamento
1462 4399 1678 4467 ardua
1740 4400 2067 4469 virtutum
2146 4399 2396 4490 palatia
2465 4396 2918 4490 superstrueret-l
