2993 4837
522 296 649 359 274
1278 312 1355 356 nr:
1402 308 1461 356 s.
1514 310 1754 358 canoto
1805 311 2136 359 Boaaomzo
2682 290 2832 356 Not.
2872 294 2903 356 t

433 396 517 466 de
555 417 801 465 caussa
834 405 1083 474 essent,
1123 416 1344 482 neque
1379 395 1444 462 in
1476 393 1738 483 januis,
1777 394 1877 464 vel
1914 395 2298 464 vicinorum
2338 394 2631 464 tabernis
2657 393 2913 462 sederent

436 485 683 565 otiosi;
736 485 881 564 ubi,
933 497 999 554 et
1045 483 1464 570 quibuscum
1518 483 1945 565 habitarent,
1998 482 2405 584 singillatim
2457 482 2658 563 novit,
2702 481 2917 551 habita·

438 573 777 660 tionisque
825 572 1055 642 locum
1105 572 1360 662 inspici
1397 572 1611 661 jussit
1660 572 2033 654 interdum,
2074 594 2133 641 sl
2164 594 2360 642 arma
2407 584 2651 651 essent,
2687 571 2740 640 si
2767 569 2916 649 libri,

434 663 798 751 imagineS,
837 661 1056 731 aliave
1085 662 1171 730 ab
1210 660 1673 731 ecclesiastico
1721 660 1967 731 decoro
2015 660 2282 731 aliena:
2340 682 2499 729 nam
2547 681 2729 728 arma
2772 659 2920 727 nein

436 751 677 821 itinere
720 750 998 837 quidem
1050 749 1196 819 ulla
1242 749 1601 819 concessit.
1656 754 1748 818 Ex
1794 772 1960 840 agro
2001 749 2463 820 Mediolanum
2515 748 2834 818 venientes
2872 748 2922 815 in

434 853 696 909 certum
750 839 1201 908 diversorium
1262 838 1348 907 ad
1411 837 1480 906 id
1543 838 1933 908 institutum
2000 861 2241 908 omnes
2301 838 2666 908 convenire
2704 837 2920 927 jussit,

433 951 570 1015 quo
620 927 776 997 laici
813 950 946 997 non
985 928 1472 1018 reciperentur,
1526 925 1757 997 clerici
1811 948 1964 996 vero
2012 927 2148 1017 ipsi
2195 928 2398 997 certis
2443 926 2711 1016 legibus
2744 924 2823 995 ad
2849 946 2928 993 ec·

434 1016 885 1087 clesiasticam
937 1015 1380 1105 disciplinam
1416 1015 1953 1085 accommodatis
1987 1016 2427 1086 haberentur.
2465 1017 2835 1086 Discessum
2864 1012 2934 1083 ab.

433 1104 764 1187 ecclesiis,
821 1105 1086 1185 itinera,
1141 1103 1726 1195 peregrinationes
1756 1159 1771 1184 ,
1827 1104 1959 1174 nisi
2008 1127 2089 1175 ex
2138 1103 2456 1175 facultate
2507 1102 2926 1193 praescripta,

434 1216 571 1264 non
625 1194 958 1284 permisit.
1015 1198 1274 1262 Statum
1318 1193 1625 1282 cujusvis
1655 1193 1912 1273 clerici,
1951 1194 2557 1279 conditionemque
2586 1205 2764 1262 certo
2794 1191 2942 1260 libra

433 1282 774 1363 distincte,
828 1282 1307 1368 subtiliterque
1349 1294 1648 1351 notatam
1685 1282 1949 1362 habuit,
1988 1282 2253 1353 ordinis
2285 1280 2569 1372 gradus,
2616 1279 2896 1350 benefici
2940 1339 2943 1346 .

434 1370 703 1451 studia,
756 1384 1119 1459 cognatOS,
1175 1370 1691 1452 habitationem,
1751 1371 2215 1441 ministerium
2249 1425 2267 1451 ,
2330 1383 2394 1438 et
2450 1370 2510 1441 si
2569 1370 2737 1457 quid
2783 1369 2917 1438 aliu

437 1481 636 1529 nosse
678 1460 1029 1530 interesset
1061 1484 1076 1541 ;
1127 1481 1273 1528 eam
1314 1459 1754 1540 notationem,
1792 1460 2118 1545 quoniam
2157 1459 2408 1529 mutari
2440 1458 2674 1544 aliqua
2710 1480 2941 1528 senna<-

431 1570 709 1618 necesse
768 1560 913 1618 erat
945 1603 961 1629 ,
1014 1561 1196 1618 certo
1250 1560 1550 1637 tempore
1583 1602 1598 1629 ,
1654 1548 1907 1619 vocatis
1953 1549 2278 1619 omnibus
2325 1546 2738 1636 singillatim
2787 1566 2934 1615 reco-

432 1638 687 1727 gnovit,
725 1649 789 1705 et
821 1637 1076 1724 quibus
1124 1637 1329 1707 rebus
1376 1659 1553 1724 opus
1583 1649 1781 1717 esset,
1838 1638 2233 1720 renovavit3
2282 1659 2364 1706 ex
2409 1658 2489 1706 eo
2536 1635 2718 1705 libro
2751 1634 2938 1704 subito.

434 1739 693 1815 poterat
740 1726 823 1794 de
870 1747 1287 1813 unoquoque
1351 1724 1599 1794 clerico
1663 1748 1789 1795 suo
1849 1725 2047 1815 plene
2109 1726 2340 1795 omnia
2405 1746 2837 1814 cognoscere.
2883 1726 2938 1790 tt

433 1814 605 1883 alias
652 1814 853 1883 etiam
906 1813 1035 1884 fuit
1085 1836 1379 1903 magnus
1428 1813 1824 1884 reconditus
1887 1814 2209 1895 libellus,
2265 1815 2335 1882 in
2400 1835 2535 1900 quo
2590 1814 2682 1881 de
2738 1813 2936 1882 unius·

432 1904 774 1991 cujusque
822 1902 1133 1973 moribus
1184 1903 1436 1972 notatio
1470 1902 1692 1974 brevis
1722 1904 2247 1974 continebatur:
2304 1914 2379 1972 ut
2416 1924 2576 1972 cum
2618 1901 2711 1971 de
2751 1901 2870 1987 aliq

430 2005 607 2069 esset
655 1991 1118 2072 statuendum,
1172 1991 1335 2078 quid
1389 1991 1451 2060 ei
1500 1991 1836 2061 committi
1889 2005 2136 2082 posset,
2177 1990 2581 2081 pervideret.
2618 1991 2935 2061 Foernin

429 2081 615 2170 apud
672 2103 744 2151 se
792 2080 1043 2151 habere
1092 2079 1193 2149 vel
1244 2079 1473 2150 nullas
1527 2102 1770 2170 passus
1817 2095 1942 2161 est,
2001 2081 2098 2149 vel
2149 2103 2287 2161 eaS‚
2342 2080 2395 2149 si
2450 2081 2828 2151 necessitas
2867 2105 2949 2137 m·-

431 2184 639 2260 geret,
694 2191 870 2256 quae
917 2181 1285 2248 senectute,
1340 2169 1704 2259 sanguinis
1737 2170 2246 2256 conjunctione,
2287 2168 2621 2243 moribuS.
2668 2168 2759 2238 ab
2790 2189 2923 2236 ome·

430 2259 824 2349 suspicione
863 2271 1090 2328 essent
1138 2257 1425 2326 alienae.
1481 2257 1881 2338 CanonicOS,
1920 2272 2256 2345 quantum
2298 2258 2515 2347 potuit
2544 2312 2560 2338 ,
2614 2258 2694 2326 in
2746 2270 2952 2327 eorum

429 2347 662 2430 aedeS,
720 2347 1063 2438 plerisque
1114 2346 1280 2416 locis
1328 2345 1639 2415 coenobii
1690 2347 2058 2435 cujusdam
2113 2348 2329 2416 instar
2375 2346 2560 2438 apud
2612 2345 2929 2416 ecclesia

430 2436 818 2517 fabricataS,
872 2436 1249 2525 compulit:
1306 2457 1527 2522 neque
1577 2435 1908 2505 laicorum
1945 2437 2420 2516 contubernia,
2460 2435 2832 2505 nisinsalva
2868 2429 2922 2500 di

430 2526 722 2615 sciplina
774 2524 1102 2594 toleravit.
1144 2525 1485 2606 ParochiS,
1531 2540 1596 2593 et
1634 2547 1868 2594 eorum
1917 2525 2189 2595 muneri
2226 2524 2417 2594 valde
2455 2524 2619 2593 favit
2655 2580 2674 2605 ,
2731 2519 2951 2612 quips:

430 2615 577 2683 suis
606 2615 676 2683 in
711 2614 1099 2683 animarum
1153 2614 1508 2683 curatione
1543 2614 1931 2703 praecipuis
1971 2613 2445 2699 adjutoribus3
2482 2612 2751 2698 quibus
2781 2613 2951 2681 etia

429 2704 790 2791 proprium
841 2702 1121 2771 tradidit
1171 2724 1463 2792 magnae
1527 2701 1882 2803 gravitatis
1930 2702 2469 2781 indumentum;
2521 2722 2773 2771 eorum
2829 2701 2932 2797 Mi·

430 2813 564 2871 saS‚
618 2790 1080 2878 ecclesiasque
1128 2791 1570 2878 frequentari,
1624 2791 2123 2873 auctoritatem,
2162 2790 2525 2877 officiaque
2556 2812 2884 2860 conserva

428 2892 492 2947 et
538 2880 625 2949 ab
679 2879 866 2948 omni
908 2879 1204 2949 aliorum
1264 2879 1758 2969 impedimento
1808 2879 2107 2960 defendi,
2164 2880 2469 2951 studiose
2516 2880 2819 2949 curavit.
2867 2879 2947 2945 Vs

428 2967 661 3036 stitum
713 2966 1095 3037 clericalem
1147 2967 1603 3068 synodalibus
1651 2968 1940 3037 decretis
1988 2970 2345 3038 constituit
2378 3023 2393 3050 ,
2453 2990 2573 3058 pro
2638 2970 2886 3059 cujusq
2922 2996 2947 3053 ².

430 3054 576 3125 loco
625 3079 703 3126 ac
752 3055 1081 3146 dignitate
1130 3055 1573 3138 distinctum,
1629 3056 1835 3144 idque
1882 3057 1967 3126 ad
2019 3079 2168 3126 eam
2221 3056 2359 3125 fere
2409 3058 2753 3128 rationem
2784 3113 2799 3138 ,
2848 3077 2945 3142 qi.-

427 3143 658 3214 clerici
709 3158 961 3216 veteres
1009 3145 1402 3227 utebantur,
1459 3146 1846 3233 Monitaque
1892 3167 2034 3215 una
2081 3168 2240 3216 cum
2294 3145 2500 3215 sociis
2551 3150 2619 3215 S.
2669 3145 2951 3234 Sepul

425 3233 808 3304 cultoribus
839 3247 1068 3304 sancte
1096 3234 1450 3303 retinebat.
1475 3239 1640 3303 Cum
1672 3234 2089 3324 Episcopum
2123 3234 2208 3303 ad
2241 3234 2654 3304 clericorum
2690 3229 2951 3323 collegi

426 3323 708 3392 visenda
757 3324 975 3393 Caroli
1013 3324 1221 3413 jussu
1270 3345 1583 3394 essemus
1629 3323 1978 3402 comitati,
2038 3322 2263 3392 fassus
2310 3336 2411 3393 est
2461 3337 2842 3409 postremo,
2915 3350 2922 3359 ·

425 3425 665 3493 ctorcS,
724 3412 1115 3501 praefectos,
1173 3411 1622 3481 administros
1669 3411 1980 3492 clericos,
2033 3433 2205 3498 quos
2240 3410 2332 3480 ibi
2372 3411 2682 3494 vidisset,
2720 3434 2805 3482 ex
2839 3433 2919 3478 m

424 3499 640 3583 desto,
695 3501 1152 3591 religiosoque
1201 3501 1440 3570 habitu
1491 3499 1842 3590 regulares
1891 3513 2192 3590 putasse,
2247 3500 2463 3570 donec
2497 3521 2711 3572 secus
2743 3500 2936 3570 admo

426 3605 722 3660 neretur.
779 3590 1088 3661 Eundem
1141 3590 1439 3659 vidimus
1489 3588 1971 3669 admirantem,
2015 3588 2198 3677 quod
2249 3589 2317 3657 in
2369 3588 2711 3670 ecclesiis,
2751 3602 2869 3658 aut
2903 3598 2952 3654 ιι·

425 3678 555 3759 via,
612 3702 696 3748 ne
743 3702 964 3748 unum
1014 3678 1291 3765 quidem
1329 3702 1407 3748 ex
1443 3678 1705 3748 infimis
1734 3677 2003 3760 clericis
2033 3733 2047 3760 ,
2103 3678 2304 3756 male,
2359 3701 2444 3748 ne
2491 3678 2662 3747 dum
2702 3674 2951 3747 sordid-

424 3770 738 3838 vestitum
795 3768 1118 3853 vidisset3
1172 3768 1228 3839 si
1282 3767 1580 3868 publicis
1631 3768 1700 3835 in
1763 3767 2150 3857 gymnasiis
2198 3767 2571 3836 canonicae
2619 3766 2947 3836 doctrin

423 3862 667 3942 caussa
715 3857 1001 3929 clericos
1051 3879 1302 3926 morari
1356 3857 1818 3946 permitteret,
1874 3855 2194 3943 frequens
2243 3855 2585 3945 Episcopi,
2640 3855 2951 3924 vicarii

422 3946 616 4017 urbis
666 3946 853 4016 illius
905 3946 1369 4016 testimonium
1415 3945 1823 4032 requirebat,
1863 3944 1946 4014 de
1981 3945 2110 4014 vita
2172 3945 2475 4014 modeste
2515 3943 2952 4034 religiosequ

424 4050 595 4104 acta.
653 4040 727 4104 In
781 4035 1112 4105 laicorum
1164 4034 1427 4104 familia
1474 4056 1914 4121 quacumque
1977 4033 2309 4123 dignitate
2366 4033 2468 4102 illi
2514 4046 2799 4112 essent,
2861 4056 2925 4099 n·

426 4125 708 4204 minem,
766 4126 1060 4194 maxime
1096 4124 1591 4213 presbyterum,
1634 4124 1724 4192 ita
1756 4145 1904 4193 esse
1938 4123 2270 4212 permisit,
2306 4121 2489 4208 quod
2525 4143 2735 4210 saepe
2778 4144 2862 4190 an
2904 4146 2943 4173 ·-

426 4233 558 4280 non
614 4213 760 4281 sine
811 4234 1060 4303 magno
1110 4235 1343 4283 sacrae
1391 4212 1745 4300 dignitatis
1776 4225 2042 4281 contem
2104 4224 2174 4280 tu
2206 4210 2432 4291 fiebat,
2481 4224 2554 4278 ut
2583 4209 2736 4280 ullo
2771 4204 2950 4279 mod·

426 4301 494 4366 in
548 4300 883 4371 famulatu
923 4324 1071 4370 esse
1105 4301 1463 4371 videretur.
1505 4306 1682 4370 Haec
1715 4301 2022 4391 attigisse
2103 4301 2343 4369 reviter
2378 4297 2697 4380 sufficiat,
2731 4312 2808 4368 ut
2845 4298 2932 4364 hu

414 4389 535 4477 jus
576 4390 843 4476 generis
885 4391 1178 4479 speciem
1217 4390 1453 4460 saltem
1506 4390 1878 4477 quamdam
1917 4389 2421 4460 exhiberemus.
2450 4394 2629 4472 Quae
2680 4385 2892 4475 quide
