2993 4837
105 335 271 401 Nov.
321 338 359 397 8
762 354 838 399 na
889 354 943 399 s,
999 353 1346 399 coum-*amo
1396 354 1493 400 ΕΡ.
1549 353 1932 400 AmnANENsl
2402 338 2515 401 341

99 439 461 507 Portionem
502 438 660 515 vini,
687 459 860 524 quae
896 437 995 506 illi
1028 460 1116 527 ap
1170 437 1525 517 oriebatur,
1566 459 1923 525 nunquam
1966 438 2152 509 visus
2178 451 2275 507 est
2300 438 2614 508 hausisse

99 539 314 599 totam.
366 525 478 596 sed
536 528 938 615 plerumque
989 548 1093 595 me
1146 527 1310 607 iam,
1364 526 1766 616 saepissime
1826 540 2028 595 totam
2080 528 2313 616 egenis
2361 530 2613 616 imper-

96 616 211 694 tiit,
269 615 433 683 idem
479 614 733 684 faciens
787 615 871 683 de
922 615 1251 704 piscibuS,
1303 628 1367 685 et
1415 615 1570 684 aliis
1622 617 1827 685 rebus
1874 616 2265 685 esculentis.
2323 622 2397 684 Et
2443 616 2610 702 quid

95 726 192 772 me
242 726 504 773 necesse
552 717 653 773 est
704 704 917 772 multa
952 704 1351 793 singulatim
1392 705 1899 792 perstringere?
1947 710 2101 773 Erat
2130 706 2456 773 omnibus
2486 726 2613 774 ceu

93 793 428 881 speculum
474 794 560 862 ob
613 792 851 861 oculos
902 792 1205 882 positus,
1250 805 1327 860 ut
1373 791 1571 861 facile
1626 794 1851 880 quivis
1893 793 1959 861 in
2010 815 2088 862 eo
2140 807 2415 883 possent
2462 796 2612 861 ani-

9 965 12 966 7
92 882 510 960 madvertere,
552 894 887 968 quantum
942 903 979 949 a
1016 880 1448 970 perfectionis
1478 882 1786 950 culmine
1826 881 2163 950 abessent.

167 972 204 1056 ξ
249 974 316 1041 ².
371 974 511 1039 Duo
563 969 705 1038 illic
744 984 938 1039 erant
986 982 1370 1038 constructa
1422 970 1738 1049 oratoria,
1776 971 2062 1039 alterum
2099 970 2393 1039 'rhomae
2443 993 2607 1059 apo-

88 1059 255 1136 stoli,
308 1058 591 1128 alterum
645 1059 903 1149 Aegidii
954 1058 1363 1127 confessoris
1400 1084 1413 1123 z
1466 1080 1502 1126 e
1541 1060 1795 1145 quibus
1826 1080 2041 1126 unum
2082 1059 2602 1135 valetudinario,

89 1147 265 1215 aliud
314 1148 713 1216 dormitorio
765 1148 1227 1236 propinquum
1288 1161 1452 1215 erat.
1520 1152 1593 1215 In
1658 1149 1739 1215 iis
1786 1147 1882 1215 vir
1929 1148 2163 1216 beatus
2209 1149 2610 1237 saepissime

90 1235 331 1304 solebat
378 1249 583 1305 noctu
619 1236 921 1323 vigilare.
964 1241 1012 1304 E
1051 1257 1175 1304 suo
1213 1236 1394 1303 enim
1433 1236 1703 1316 lectulo,
1752 1236 2077 1305 fratribus
2114 1237 2599 1311 nescientibus,

91 1345 382 1425 surgens,
422 1340 484 1393 et
517 1338 888 1393 nocturnas
941 1324 1209 1413 vigilias
1257 1338 1706 1403 antevertenS‚
1755 1347 1832 1392 eo
1882 1346 1952 1392 se
1999 1324 2429 1405 conserebat,
2489 1326 2608 1415 by-

94 1434 259 1481 mnis
303 1428 364 1482 et
410 1413 735 1483 laudibus
788 1413 1041 1481 divinis
1092 1434 1381 1493 vacanS,
1437 1436 1595 1482 cum
1647 1413 1882 1484 multis
1934 1413 2256 1502 lacrymis
2302 1415 2382 1481 ad
2438 1415 2609 1483 vitae

92 1499 325 1570 fontem
371 1516 437 1582 et·
479 1503 729 1571 domus
782 1501 892 1569 Dei
932 1503 1307 1571 ubertatem
1352 1503 1735 1589 suspirem,
1774 1515 1848 1571 ut
1889 1516 2115 1591 posset
2150 1504 2294 1591 ipse
2334 1525 2607 1589 quoque

89 1587 297 1657 dicere
336 1613 487 1658 cum
536 1591 907 1677 Propheta:
961 1596 1262 1659 Fuerunt
1311 1592 1485 1659 mike·
1525 1595 1867 1681 lacrymae
1897 1603 2086 1661 meae
2128 1615 2336 1681 panes
2378 1594 2483 1660 die
2532 1616 2612 1660 ac

88 1689 256 1746 nocte
284 1680 417 1765 (Pa.
454 1679 591 1767 41).
646 1680 738 1747 Iis
785 1680 967 1747 enim
1011 1678 1478 1748 delectabatur
1510 1693 1573 1749 et
1607 1678 1982 1760 fruebatur,
2021 1702 2255 1749 earum
2300 1680 2609 1749 consola-

90 1765 251 1835 tione
299 1766 528 1845 sretuS,
591 1788 709 1854 per
746 1767 1088 1836 desertum
1146 1780 1210 1835 et
1257 1782 1555 1836 arentem
1613 1767 1824 1853 hujus
1877 1770 2061 1836 exilii
2113 1769 2604 1846 solitudinem,

90 1855 378 1925 coelestis
418 1856 675 1945 patriae
710 1856 959 1924 ardens
993 1856 1356 1936 desiderio,
1394 1857 1473 1924 ad
1519 1859 1825 1925 bravium
1865 1879 2205 1946 supernae
2240 1860 2609 1927 vocationis

90 1958 454 2013 constanter
492 1945 968 2015 contendebat.

9 2114 11 2118 y
164 2034 195 2119 ξ
238 2038 321 2104 8.
376 2033 679 2102 Habebat
706 2034 771 2101 in
802 2033 1035 2102 eodem
1066 2033 1480 2102 monasterio
1517 2054 1920 2121 germanum
1957 2034 2257 2114 fratrem,
2301 2035 2601 2103 Odonem

98 2123 370 2203 nomine,
413 2124 623 2191 mirae
652 2122 1113 2210 simplicitatis
1146 2135 1209 2189 et
1240 2122 1670 2189 innocentiae
1704 2122 1950 2190 virum.
1991 2127 2199 2204 Quem
2239 2146 2274 2189 a
2312 2122 2604 2192 seculari

98 2208 317 2278 militia
362 2211 812 2289 orationibuS,
869 2210 1282 2296 mellitisque
1317 2210 1754 2280 sermonibus
1789 2206 2229 2289 abstraxerat,
2275 2224 2340 2279 et
2374 2233 2607 2279 mona-

95 2295 354 2367 chorum
396 2300 847 2369 contubernio
897 2299 1320 2387 adjunxerat.
1379 2304 1464 2366 De
1520 2298 1727 2385 cujus
1779 2299 1934 2377 vita,
1988 2298 2264 2386 quando
2301 2322 2369 2367 se
2418 2300 2610 2367 offert

92 2390 375 2468 occasi0‚
436 2389 655 2459 obiter
723 2408 938 2478 pauca
991 2387 1325 2456 dicemus.
1381 2387 1849 2489 Quadraginta
1900 2388 2013 2457 ille
2062 2401 2124 2457 et
2178 2409 2256 2457 eo
2305 2388 2608 2478 amplius

92 2478 267 2545 annis
312 2478 381 2545 in
436 2477 847 2546 monasterio
899 2476 1278 2545 monachus
1328 2478 1575 2558 sobrie,
1628 2499 1733 2566 pte
1781 2491 1846 2546 et
1884 2479 2069 2566 juste
2111 2492 2417 2547 versatus
2466 2491 2601 2546 est:

90 2576 143 2631 et
183 2565 443 2634 divinas
492 2567 770 2652 quidem
832 2565 1190 2653 ignorabat
1240 2565 1520 2645 litteraS,
1579 2567 1691 2634 sed
1757 2580 2112 2656 praecepta
2157 2567 2266 2634 Dei
2317 2568 2403 2635 ab
2453 2566 2607 2635 aliis

32 2733 39 2742 α
90 2651 364 2733 edoctus,
403 2676 605 2745 opere
655 2653 939 2743 implere
989 2653 1276 2723 studuit.
1334 2660 1569 2722 Decem
1606 2668 1669 2723 et
1701 2668 1850 2724 octo
1882 2656 2084 2724 annis
2131 2678 2253 2725 esu
2288 2656 2601 2724 carnium

90 2739 418 2823 abstinuit,
472 2744 689 2812 donec
724 2743 998 2811 Abbatis
1046 2743 1335 2831 imperio
1366 2757 1429 2812 et
1471 2743 1754 2812 fratrum
1809 2745 2141 2813 sententia
2175 2744 2600 2834 compulsuS,

92 2849 504 2902 communem
560 2832 953 2901 monasterii
1004 2831 1309 2921 regulam
1364 2832 1465 2899 vel
1519 2832 1769 2902 invitus
1809 2854 1888 2901 ea
1938 2833 2003 2901 in
2064 2855 2132 2902 re
2181 2847 2600 2920 sequeretur.

91 2921 391 3010 Tempore
449 2920 1026 3010 Quadragesimae
1090 2920 1322 2988 decem
1376 2921 1578 2989 annis
1639 2921 2030 3008 usqueadeo
2093 2922 2343 2991 silentii
2411 2938 2608 2992 tenax

92 3002 234 3084 fuit,
284 3023 359 3078 ut
409 3010 676 3079 nullum
736 3031 1037 3098 prorsus,
1092 3021 1567 3098 praeterquam
1624 3010 1690 3077 in
1742 3010 2168 3079 consessione
2216 3033 2607 3081 sacramen-

96 3093 227 3176 tali,
277 3099 555 3167 verbum
609 3097 883 3167 fuderit.
937 3103 1067 3166 Nec
1126 3098 1350 3166 solum
1408 3099 1489 3168 iis
1539 3097 2163 3188 Quadragesimae,
2221 3099 2337 3168 sed
2389 3101 2595 3168 etiam

91 3181 223 3253 aliis
266 3187 429 3255 anni
479 3187 748 3264 diebus,
804 3208 979 3276 pane
1026 3199 1089 3254 et
1120 3208 1296 3273 aqua
1348 3199 1731 3265 contentus,
1785 3208 2056 3256 carnem
2097 3187 2330 3256 multis
2366 3189 2604 3256 afflixit

90 3273 310 3356 modiS,
356 3275 912 3362 quotidianisque
965 3276 1310 3365 virgarum
1356 3288 1419 3343 et
1463 3275 1894 3364 flagellorum
1956 3274 2207 3343 ictibus
2263 3278 2599 3345 contrivit.

88 3362 447 3434 Monasterii
502 3365 730 3445 rebuS,
774 3385 951 3450 quae
982 3365 1039 3432 ei
1090 3363 1387 3433 creditae
1434 3377 1652 3443 erant,
1707 3376 1892 3433 tanta
1939 3363 2075 3432 fide
2123 3386 2291 3432 usus
2323 3378 2445 3442 est,
2502 3377 2598 3444 ut,

86 3451 245 3533 quod
292 3454 503 3542 possit
552 3452 957 3522 incredibile
1006 3453 1268 3534 videri,
1326 3475 1456 3521 non
1511 3453 1714 3522 modo
1762 3453 2144 3530 extraneiS,
2200 3451 2316 3521 sed
2369 3475 2452 3520 ne
2499 3474 2610 3520 co-

87 3541 290 3634 gnatis
337 3542 666 3627 quidem,
739 3541 1018 3611 obolum
1088 3563 1395 3628 unquam
1458 3541 1692 3610 volens
1742 3543 1954 3629 gratis
2003 3541 2264 3610 dederit
2330 3542 2606 3610 Abbatis

88 3628 362 3713 lnjussu.
414 3636 578 3699 Cum
621 3631 767 3719 jam
819 3643 1161 3700 extremus
1210 3631 1476 3700 adesset
1526 3631 1698 3698 vitae
1752 3631 1902 3720 ejus
1951 3631 2141 3710 dies,
2195 3651 2421 3699 coram
2477 3630 2610 3698 fra-

92 3715 287 3812 tribus
338 3720 687 3788 Dominica
739 3719 1127 3809 percipiens
1176 3731 1627 3796 sacramenta,
1670 3719 1992 3787 manibus
2037 3720 2101 3787 in
2155 3740 2351 3807 prece
2383 3731 2608 3787 exten-

88 3824 188 3881 sts,
231 3805 425 3875 hilari
458 3807 648 3876 vultu
679 3808 980 3876 animam
1024 3807 1375 3907 expiravit.
1430 3811 1651 3876 Potest
1686 3808 1847 3876 hinc
1883 3807 2358 3890 animadverti,
2397 3829 2604 3894 quam

14 3917 19 3944 ι
90 3890 461 3980 religiosum
511 3909 576 3963 et
627 3897 812 3984 pium
853 3895 1197 3965 Godesridi
1239 3918 1456 3986 genus
1492 3895 1717 3964 fuerit.

162 3982 194 4066 ἓ
237 3987 329 4051 9.
371 3984 721 4053 Provincia
754 3985 895 4060 illa,
937 3987 1005 4051 in
1057 4006 1190 4070 qua
1244 3985 1735 4053 monasterium
1791 3985 1918 4053 boc
1969 3985 2178 4053 situm
2220 3998 2344 4066 est,
2381 3984 2606 4053 omni-

9 4144 10 4147 *
94 4065 204 4135 bus
236 4093 403 4158 pene
452 4072 771 4161 frugibus
820 4073 1158 4142 abundat:
1207 4073 1421 4141 vineis
1475 4095 1722 4161 magna
1775 4095 1852 4141 ex
1898 4086 2085 4161 parte
2127 4087 2335 4142 caret.
2373 4078 2609 4158 Itaque

9 4162 10 4249 J
93 4153 479 4228 habitatores
532 4181 661 4227 non
716 4162 849 4230 fere
902 4162 1035 4231 nisi
1085 4148 1367 4230 aliunde
1415 4162 1785 4249 importato
1838 4162 1995 4230 vino
2028 4172 2346 4231 utuntur.
2384 4161 2605 4229 Abbas

9 4302 10 4335 3
96 4263 227 4340 vero
270 4261 333 4315 et
383 4248 703 4316 monachi
752 4272 887 4319 non
941 4250 1336 4340 ignorantes
1388 4248 1739 4319 Godefridi
1791 4250 2229 4332 industriam,
2277 4251 2341 4320 id
2398 4249 2601 4318 officii

9 4348 12 4377 ἰ
95 4333 717 4428 ardemandarunt,
773 4352 847 4406 ut
897 4339 1127 4406 vinum
1187 4350 1619 4429 compararet
1680 4338 1747 4405 in
1811 4361 1982 4408 usus
2035 4337 2359 4420 fratrum,
2405 4352 2610 4424 atque

98 4432 270 4488 cuam
334 4442 719 4513 pauperum
779 4441 841 4496 et
904 4427 1297 4516 hospitum,
1368 4427 1448 4495 ad
1519 4425 1707 4512 ipsos
1779 4427 2289 4498 divertentium.
2365 4427 2439 4495 Id
2496 4427 2610 4494 ille
