2993 4837
523 354 650 415 628
1258 371 1331 415 nr:
1382 371 1435 414 s.
1491 369 1863 415 concnam)
1915 370 2154 423 Annua
2629 348 2766 413 ³503ss
2803 350 2848 411 2!

434 453 709 522 sceleris
746 452 1025 541 culpam
1066 453 1237 541 ipsis
1287 453 1605 532 remittat,
1647 452 1767 539 qui
1826 473 1960 520 non
2021 472 2189 520 suae
2239 451 2531 529 libidini,
2566 448 2668 518 sed
2709 450 2863 548 regiae

432 542 902 629 obtemperent
949 540 1306 611 voluntati.
1343 541 1594 610 Videns
1644 542 1872 627 itaque
1917 540 2020 609 vir
2069 540 2182 609 Dei
2237 539 2394 612 aliis
2447 540 2644 609 creari
2681 559 2866 626 peneu-

432 630 604 709 lum‚
659 630 716 699 si
770 643 1163 719 permaneat
1209 630 1279 697 in
1318 652 1443 700 suo
1495 631 1840 720 proposito
1889 628 2302 708 obstinatus,
2341 628 2600 698 cunctis
2639 626 2868 713 eJulanti·

438 720 565 787 bus
611 731 814 805 atque
868 719 1356 799 moerentibus,
1402 720 1778 809 egreditur,
1821 717 2174 805 adjunctis
2227 719 2292 787 ei
2339 716 2735 797 custodibus,
2774 714 2868 801 qui,

432 806 647 879 donec
693 820 877 876 extra
927 807 1132 897 Regis
1192 807 1521 877 ditionem
1575 807 2021 887 excessisset,
2077 828 2238 876 eum
2292 828 2427 876 non
2479 806 2869 891 relinquerent.

434 898 626 982 lique
671 917 832 965 eum
864 901 1201 967 Nannetes
1231 896 1266 931 ¹*
1297 895 1733 967 deduxerunt
1775 898 1952 984 (erat
1999 908 2227 965 autem
2285 896 2551 985 primus
2595 895 2745 962 inter
2779 890 2877 960 illos

433 983 965 1074 Ragamundus)
1012 985 1353 1055 universis
1385 985 1716 1055 fratribus
1747 1007 1906 1054 eum
1947 1007 2077 1054 ceu
2103 983 2319 1055 funus
2373 980 2875 1074 prosequentibus,

432 1074 757 1142 Omnium
794 1074 975 1142 enim
1010 1074 1219 1143 corda
1256 1096 1524 1144 moeror
1571 1073 1986 1164 oppleverat.
2040 1074 2323 1142 Interim
2377 1073 2618 1142 anxius
2658 1068 2881 1160 paterob

438 1174 530 1230 tot
562 1161 861 1231 filiorum
902 1162 1360 1244 incommoda,
1417 1164 1481 1231 in
1520 1162 1788 1233 coelum
1840 1162 2264 1251 suspiciens:
2301 1184 2337 1248 ᾳ
2380 1167 2672 1240 Aeterne‚
2707 1159 2880 1253 inquit,

435 1271 664 1320 rerum
718 1250 1059 1331 Conditor,
1106 1264 1180 1321 tu
1231 1252 1428 1321 nobis
1479 1251 1706 1323 locum
1755 1264 2225 1340 opportunum
2289 1251 2642 1340 praepara,
2671 1248 2775 1318 ubi
2809 1244 2880 1314 tibi

436 1340 767 1428 perpetim
821 1339 1120 1410 serviant
1167 1339 1411 1410 famuli
1468 1342 1592 1410 tui.
1655 1363 1690 1407 »
1741 1339 1995 1409 Deinde
2042 1337 2442 1409 consolatur
2489 1358 2745 1430 gregem
2785 1334 2882 1404 uni·

437 1449 734 1507 versum,
774 1428 873 1496 uti
908 1450 1099 1518 spem
1153 1450 1238 1498 ne
1284 1428 1641 1517 abjiciant,
1683 1428 1798 1498 sed
1852 1428 2305 1518 omnipotenti
2362 1433 2496 1498 Deo
2543 1426 2773 1518 gratias
2808 1424 2882 1491 im·

436 1538 712 1585 mensas
745 1529 976 1606 agant.
1014 1523 1153 1588 Non
1190 1518 1373 1587 enim
1426 1518 1656 1588 isthuc
1692 1516 1923 1603 aliquo
1955 1538 2107 1597 suo,
2145 1528 2267 1586 aut·
2293 1539 2581 1587 suorum
2613 1510 2884 1604 dispendit·

435 1604 769 1684 accidere,
824 1605 938 1676 sed
996 1605 1542 1695 multiplicandis
1593 1607 2089 1675 monachorum
2141 1605 2452 1675 coetibus
2504 1604 2719 1675 offerri
2760 1621 2884 1670 ocea-

437 1693 725 1763 sionem.
768 1694 835 1763 Si
882 1693 1000 1781 qui
1042 1717 1203 1785 ergo
1237 1695 1466 1784 ipsum
1518 1695 1712 1781 sequi
1754 1694 1984 1773 velint,
2027 1694 2569 1785 promptissimis
2607 1686 2884 1785 animisatl

436 1780 826 1852 tolerandas
865 1804 1098 1853 secum
1153 1784 1442 1873 injurias
1495 1783 1557 1851 id
1613 1782 1887 1852 faciant.
1929 1783 1996 1851 Si
2058 1782 2181 1870 qui
2247 1804 2404 1852 vero
2454 1784 2522 1850 in
2576 1780 2886 1851 Luxoviena

438 1872 851 1941 monasterio
913 1893 1309 1961 permanere
1360 1871 1615 1952 velint,
1676 1872 1903 1941 securi
1965 1869 2106 1940 illic
2162 1871 2548 1941 resideant:
2601 1871 2725 1939 cito
2772 1866 2886 1964 enin

440 1960 833 2040 Dominum,
871 1982 1107 2030 eorum
1145 1961 1452 2031 dolorem
1500 1961 2039 2031 vindicaturum.
2079 1960 2203 2030 Sed
2245 1982 2406 2030 cum
2454 1959 2690 2047 aequis
2719 1957 2890 2047 animi}

436 2069 475 2116 a
527 2049 695 2117 tanti
731 2050 1023 2137 pastoris
1072 2050 1386 2119 custodia
1417 2049 1616 2118 avelli
1648 2071 1782 2118 non
1829 2049 2268 2130 sustinerent,
2313 2049 2437 2136 qui
2468 2072 2507 2117 a
2555 2054 2729 2138 Rege
2769 2044 2888 2114 misi

418 2149 675 2235 erant,
728 2137 1048 2207 dicebant
1096 2161 1166 2207 se
1218 2160 1653 2226 nequaquam
1711 2160 2039 2229 passuros
2112 2159 2530 2224 quemquam
2584 2136 2762 2205 abire
2797 2151 2888 2224 cum

439 2224 581 2306 1110,
623 2227 755 2295 nisi
804 2228 924 2313 qui
974 2248 1339 2296 commune
1386 2249 1544 2297 curn
1599 2248 1680 2296 eo
1731 2226 1956 2296 natale
2013 2226 2234 2296 solum
2303 2226 2657 2305 haberent,
2704 2221 2786 2292 vel
2825 2240 2888 2305 qui

436 2335 516 2383 ex
566 2315 915 2384 Britannia
952 2314 1147 2385 illum
1186 2316 1399 2385 secuti
1448 2329 1700 2385 essent.
1740 2321 2071 2395 Caeter05,
2109 2314 2228 2401 qui
2278 2315 2345 2382 in
2394 2313 2635 2384 Galliis
2684 2311 2801 2382 nati
2834 2329 2892 2375 es-

440 2415 612 2485 sent,
659 2426 740 2474 ex
789 2404 992 2496 Regis
1042 2403 1387 2476 voluntate
1437 2404 1580 2474 illic
1638 2427 2040 2495 permanere
2088 2403 2357 2473 debere.
2425 2408 2716 2473 Cernens
2757 2398 2892 2489 igitur

437 2493 757 2583 egregius
791 2508 979 2582 pater
1021 2494 1322 2564 membra
1362 2516 1483 2563 sua
1521 2517 1562 2563 a
1603 2516 1673 2564 se
1708 2494 1768 2561 vi
1812 2492 2036 2571 avelli,
2074 2505 2137 2561 et
2168 2514 2374 2562 suum
2412 2505 2476 2561 et
2512 2491 2892 2581 membrorum

436 2603 719 2651 suorum
766 2583 979 2651 sensit
1017 2583 1254 2672 augeri
1288 2582 1618 2653 dolorem.
1661 2588 1784 2652 Pro
1836 2582 2002 2651 tanti
2041 2595 2268 2652 autem
2305 2581 2623 2650 criminis
2658 2582 2892 2648 immam·

438 2682 614 2750 tate,
677 2671 1037 2740 Dominum
1108 2672 1418 2740 omniurn
1472 2671 1969 2741 consolatorem
2022 2670 2425 2759 deprecanS,
2481 2668 2737 2759 rogavit
2773 2683 2891 2735 eum.

435 2770 514 2826 ut
558 2780 731 2845 quos
781 2760 965 2847 regia
1018 2760 1391 2847 pertinacia
1440 2783 1477 2828 a
1527 2782 1598 2829 se
1632 2760 2082 2840 abstraheret,
2139 2759 2286 2848 ipse
2325 2760 2454 2829 sufi
2489 2757 2786 2828 custodia
2811 2768 2895 2821 tue

440 2860 647 2915 retur.
706 2852 780 2916 In
839 2848 922 2916 iis
970 2861 1195 2917 autem
1264 2848 1673 2918 venerabilis
1729 2848 1876 2928 vir,
1929 2847 2050 2934 qui
2103 2860 2332 2936 postea
2385 2846 2690 2936 ejusdem
2737 2859 2895 2939 monas

440 2935 627 3033 sterii
681 2949 868 3019 pater
915 2937 1152 3017 extitit,
1194 2937 1606 3008 Eustachius
1654 2936 2046 3024 discipulus
2093 2948 2156 3003 et
2209 2936 2523 3005 minister
2555 2934 2760 3005 sancti
2801 2949 2894 3018 vmf

442 3022 769 3093 violenter
822 3026 909 3094 ab
962 3048 1040 3095 eo
1086 3025 1371 3095 avulsus
1418 3037 1565 3105 est,
1613 3025 2008 3094 intendente
2071 3023 2172 3093 illi
2222 3023 2564 3094 avunculo
2616 3024 2795 3110 ejus,
2827 3034 2894 3102 qul

439 3112 919 3201 Lingoniensis
965 3115 1034 3149 *⁴*
1081 3114 1421 3185 Ecclesiae
1454 3113 1749 3203 pontifex
1781 3126 1947 3183 erat.
1995 3118 2329 3203 Egressus
2362 3135 2527 3203 ergo
2559 3113 2654 3181 vir
2688 3118 2902 3179 sanctus

437 3223 596 3270 cum
650 3202 795 3271 suis
837 3204 1157 3273 vicesimo
1207 3225 1389 3273 anno
1470 3216 1575 3272 ost
1626 3201 2001 3272 incolatum
2050 3201 2262 3270 eremi
2317 3201 2533 3282 illius,
2558 3223 2682 3325 ger
2722 3196 2897 3266 urbem

438 3291 1038 3361 vesontionensem
1093 3296 1395 3381 Augusto
1449 3312 1811 3378 unumque
1880 3289 1965 3359 ad
2026 3289 2467 3360 Avellonense
2523 3290 2556 3324 ¹*
2669 3297 2899 3357 castrum

442 3380 787 3466 pervenit:
841 3380 956 3449 sed
1012 3380 1415 3469 priusquam
1458 3401 1538 3448 eo
1571 3380 1972 3469 perveniret,
2011 3378 2079 3446 in
2133 3379 2237 3447 via
2279 3379 2339 3447 ei
2374 3392 2604 3449 custos
2640 3387 2898 3462 equorum

441 3467 838 3537 Theodorici
887 3469 1206 3549 occurrit,
1244 3468 1618 3555 lanceaque
1668 3468 1868 3538 illum
1917 3467 2281 3537 confodere
2320 3467 2557 3538 voluit.
2597 3464 2704 3536 Sed
2751 3456 2900 3530 male·

439 3557 668 3626 volum
720 3557 1031 3627 animum
1082 3557 1150 3626 di
1208 3578 1295 3627 na
1338 3580 1492 3628 mox
1533 3556 1705 3626 ultio
1752 3555 2131 3635 antevertit.
2191 3560 2471 3626 Dextera
2517 3557 2711 3634 enim,
2745 3565 2898 3634 quam

439 3644 509 3712 in
540 3646 762 3714 virum
799 3646 911 3714 Dei
946 3659 1136 3715 exten
1194 3659 1359 3727 erat,
1399 3658 1729 3735 torpente,
1773 3645 2078 3715 lanceam
2130 3658 2290 3716 ante
2331 3667 2495 3716 suos
2529 3645 2714 3735 pedes
2741 3638 2898 3706 humo

438 3733 696 3803 defixit.
751 3738 904 3824 Ipse
955 3757 1107 3804 vero
1156 3758 1192 3804 a
1242 3734 1578 3805 daemone
1626 3747 1965 3824 arreptus,
2020 3733 2104 3802 ad
2154 3734 2283 3802 viri
2337 3734 2452 3804 Dei
2503 3730 2752 3820 vestigia
2790 3740 2898 3788 1201·-

439 3823 600 3892 ruit.
640 3828 934 3894 Cernens
967 3824 1069 3891 vir
1099 3837 1379 3895 sanctus
1415 3824 1614 3894 illum
1648 3822 1882 3891 divina
1915 3822 2511 3892 animadversione
2550 3828 2893 3911 percussum·

441 3909 561 3979 illo
608 3910 719 3980 die
766 3923 831 3980 et
880 3924 1073 3982 nocte
1120 3912 1302 4002 apud
1358 3936 1427 3982 se
1477 3912 1783 3982 retinuit.
1837 3911 2056 3982 Altero
2104 3911 2216 3979 die
2283 3910 2737 3982 illucescente,
2776 3915 2893 3967 eum

442 3999 525 4068 ad
575 4022 648 4068 se
696 4001 1127 4076 accersitum,
1188 4006 1315 4069 Deo
1378 4001 1666 4079 favente,
1720 4001 2009 4079 curavit,
2077 3999 2328 4086 illeque
2380 4001 2446 4068 in
2498 4022 2612 4070 sua
2659 4002 2894 4083 reverssffi

441 4100 564 4158 est.
601 4088 855 4158 Deinde
890 4090 991 4157 vir
1026 4091 1138 4159 Dei
1187 4090 1270 4160 ad
1325 4094 1563 4159 Caram
1615 4089 1904 4159 fluvium
1945 4109 2346 4178 properans,
2390 4090 2454 4157 in
2487 4086 2671 4157 aedes
2708 4070 2890 4178 noblhS

442 4192 508 4246 et
558 4177 916 4266 religiosae
970 4178 1321 4267 foeminae·
1379 4178 1957 4258 Theudemannae
2029 4177 2359 4266 pervenit.
2429 4176 2655 4246 Eodem
2708 4169 2788 4235 die
2825 4155 2885 4255 {td

440 4267 703 4364 vicum,
740 4288 943 4353 quem
997 4271 1231 4336 Coram
1286 4279 1550 4347 vocant,
1595 4280 2071 4357 pervenerunt,
2111 4266 2230 4335 ubi
2271 4265 2569 4353 quinque
2597 4261 2882 4370 phrentffifj

444 4373 501 4418 ei
554 4353 821 4426 obviam
889 4356 1253 4432 venientes,
1311 4355 1498 4425 illico
1547 4356 1766 4427 sanati
1819 4367 2003 4425 sunt.
2060 4354 2225 4423 Inde
2256 4351 2746 4424 Autissiodorum

498 4476 524 4500 '⁸
556 4476 702 4526 VUlsso
733 4480 910 4518 Fame&
1236 4483 1288 4510 Μ’
1322 4483 1533 4534 Lanyres.
1855 4483 1936 4508 *Ψ*
1969 4483 2147 4522 Aralon.
2469 4480 2566 4508 *μ’
2591 4478 2761 4517 Amm-
