2993 4837
62 281 225 346 NOV.
280 283 355 345 at
869 301 945 347 on
994 301 1047 346 s.
1103 298 1481 346 comminuo
1531 302 1768 346 Annua
2370 283 2497 347 619

59 406 189 453 esse
236 395 376 453 tam
430 394 740 453 sanctum
793 382 1147 473 religione,
1204 397 1479 469 tamque
1526 383 1838 454 custodia
1886 381 2229 464 clausum,
2292 404 2432 470 quo
2469 406 2588 473 pe·

61 487 307 542 neti-are
351 471 564 542 libido
627 487 943 559 nequeat;
998 472 1479 563 Evangelicum
1531 471 1847 561 clypeum
1903 471 2092 541 laeva
2133 483 2407 551 tenenS,
2465 494 2586 541 en·

58 583 323 648 semque
356 561 725 650 ancipitem
758 560 1030 629 dextera
1066 560 1311 637 ferens,
1356 572 1592 629 contra
1625 562 1963 629 immanes
1988 559 2288 629 hostium
2328 582 2586 629 cuneos

57 650 125 717 ad
171 672 479 739 pugnarn
532 670 604 719 se
651 650 973 739 accingit,
1029 671 1111 717 ne
1146 648 1468 719 frustrato
1510 649 1762 728 labore,
1816 670 2016 735 quern
2071 670 2203 717 non
2257 648 2586 719 mediocri

56 739 319 828 ingenio
368 739 436 805 in
491 739 995 818 Grammatica,
1064 738 1466 819 Rhetorica,
1523 737 1902 807 Geometria
1962 749 2026 806 et
2087 736 2258 826 ipsis
2313 759 2587 826 quoque

52 827 408 916 scripturis
467 826 721 895 divinis
799 839 1368 915 consumpserat,
1435 825 1645 896 seculi
1699 823 2038 895 illecebris
2100 847 2268 895 occu
2325 839 2580 897 aretur.

52 916 331 983 Accessit
383 928 613 984 autem
654 915 736 983 ad
799 916 976 984 hanc
1034 937 1172 983 rem
1224 916 1427 984 etiam
1479 913 1660 984 alius
1707 914 1988 1001 quidam
2055 914 2266 984 stimu
2303 938 2416 996 us,
2468 937 2587 984 ur-

53 1025 210 1093 gens
257 1026 444 1072 eum.
502 1008 665 1072 Cum
730 1004 915 1074 enirn
966 1004 1135 1072 haec
1181 1004 1413 1072 animo
1462 1025 1694 1074 secum
1745 1002 2060 1082 volveret,
2099 1002 2182 1070 ad
2217 1003 2583 1091 cujusdam

55 1091 400 1182 religiosae
449 1114 527 1161 ac
572 1098 699 1161 Deo
749 1093 1013 1161 dicatae
1058 1092 1395 1162 foeminae
1441 1091 1761 1162 cellulam
1812 1091 2013 1161 venit.
2078 1095 2394 1178 Cumque
2432 1114 2583 1161 eam

58 1182 230 1268 prius
280 1181 629 1250 submissa
694 1202 853 1250 voce
916 1181 1301 1263 salutasset,
1358 1194 1587 1271 postea
1629 1180 1918 1266 juvenili
1980 1179 2276 1267 quodam
2331 1180 2588 1249 fervore

58 1291 184 1336 eam
215 1270 607 1340 acrioribus
649 1270 871 1338 verbis
904 1272 1240 1360 castigare
1296 1270 1541 1360 coepit.
1579 1269 1831 1337 Videns
1882 1268 1995 1336 illa
2051 1267 2449 1357 gliscentem
2515 1270 2584 1338 in

63 1357 468 1427 adolescente
501 1357 717 1426 animi
762 1359 1099 1449 vigorem:
1156 1382 1190 1425 «
1228 1381 1375 1448 ego,
1436 1360 1552 1439 ait,
1606 1371 1982 1445 utcumque
2037 1358 2250 1448 potui,
2307 1357 2388 1426 ad
2441 1355 2587 1427 bel-

58 1444 177 1514 lum
249 1448 580 1537 processi.
644 1451 736 1515 En
802 1446 1198 1533 quindecim
1261 1447 1628 1517 volvuntur
1675 1446 1882 1527 anni,
1939 1468 2016 1514 ex
2066 1468 2204 1533 quo
2268 1459 2332 1515 et
2378 1445 2584 1515 domo

57 1536 253 1617 carui,
306 1550 375 1605 et
418 1537 603 1605 hunc
633 1536 1229 1691 ‘peregrinationis
1272 1535 1494 1605 locum
1531 1536 1843 1624 expetivi,
1886 1556 2010 1603 nec
2051 1556 2356 1622 unquam
2392 1534 2587 1604 dein-

58 1646 222 1713 ceps,
277 1625 549 1694 Christo
589 1647 623 1692 a
671 1625 980 1714 Juvante,
1037 1645 1249 1692 manu
1299 1624 1540 1692 stivam
1607 1639 1879 1702 tenens,
1941 1636 2117 1693 retro
2169 1624 2457 1714 respexi.
2512 1629 2589 1692 Et

57 1713 172 1782 nisi
224 1713 493 1804 fragilis
545 1735 743 1782 sexus
777 1712 1172 1793 obstitisset,
1225 1712 1394 1781 mari
1430 1712 1857 1792 transmisso,
1907 1711 2014 1781 lon
2073 1713 2236 1781 ioris
2289 1713 2589 1803 peregri-

60 1802 336 1872 nationis
390 1803 618 1872 locum
658 1802 1029 1890 petiissem.
1082 1806 1180 1869 Tu
1223 1821 1400 1879 vero,
1454 1799 1953 1869 adolescentiae
2052 1800 2301 1870 ammis
2348 1802 2588 1871 etiam-

61 1910 209 1958 num
259 1903 613 1971 aestuans,
669 1890 891 1958 natale
940 1888 1162 1959 solum
1213 1888 1505 1969 incoliS,
1558 1901 1621 1958 et
1659 1888 1741 1957 ad
1803 1888 2082 1979 fragiles
2131 1910 2350 1970 voces,
2415 1890 2585 1960 velis

63 1977 243 2059 noliS,
283 1978 654 2069 fragilitate
686 1979 1086 2058 attrahente,
1131 1999 1368 2047 aurem
1393 1976 1900 2058 accommodas,
1933 1990 2137 2064 atque
2169 1976 2581 2048 foemineum

62 2067 312 2137 visitare
346 2089 590 2137 sexum
630 2078 773 2136 tuto
831 2080 891 2138 te-
943 2087 1142 2155 posse
1188 2066 1586 2136 arbitraris?
1631 2070 1773 2134 Non
1845 2066 2307 2135 reminisceris
2371 2088 2586 2137 suasu

66 2157 215 2225 Evae
256 2155 474 2226 Adam
528 2153 954 2256 prolapsum,
1010 2159 1408 2225 Samsonem
1468 2177 1508 2224 a
1558 2153 1773 2223 Dalila
1825 2153 2226 2234 seductum,
2293 2155 2496 2224 David
2548 2177 2585 2224 a

67 2244 319 2329 pristina
372 2244 672 2333 justitia,
741 2257 1018 2333 captum
1071 2243 1439 2312 Bethsabee
1490 2242 1981 2332 pulcritudine,
2049 2243 2418 2322 excidisse,
2476 2265 2584 2312 sa—

74 2330 552 2429 pientissimum
630 2331 1060 2403 Salomonem
1136 2331 1508 2401 mulierum
1588 2352 1821 2401 amore
1884 2331 2298 2422 deceptum?
2378 2337 2587 2421 Perge

68 2421 265 2506 igitur,
329 2446 369 2492 o
408 2422 712 2509 juvenis,
769 2444 1013 2512 perge,
1080 2420 1288 2490 evade
1357 2421 1657 2502 ruinam,
1728 2443 1867 2509 qua
1932 2422 2275 2510 comperis
2335 2421 2586 2493 multos

64 2512 420 2581 corruisse:
474 2509 743 2579 declina
796 2511 1000 2590 viam,
1051 2531 1228 2597 quae
1274 2508 1466 2579 ducit
1514 2510 1595 2579 ad
1654 2524 1882 2599 portas
1932 2509 2332 2579 inferorum.
2378 2533 2413 2576 »
2465 2513 2585 2580 His

61 2594 233 2668 dictis
258 2598 658 2669 stimulatus
696 2599 1118 2680 adolescenS,
1145 2612 1210 2669 et
1231 2598 1436 2679 ultra,
1468 2620 1675 2686 quam
1715 2597 2210 2668 adolescentem
2242 2598 2579 2678 crederes,

60 2687 332 2764 territus,
374 2688 638 2779 gratias
688 2687 1067 2777 increpanti
1118 2688 1280 2777 agit3
1327 2687 1819 2774 sodalibusque
1866 2686 2278 2767 valedicens,
2324 2688 2448 2757 iter
2479 2711 2587 2757 ar-

60 2774 219 2870 ripit.
278 2783 493 2847 Mater
553 2789 780 2846 autem
832 2776 1065 2845 dolore
1136 2790 1546 2866 perurgente
1600 2789 1783 2856 orat,
1840 2797 1921 2845 ne
1970 2798 2042 2844 se
2091 2775 2455 2863 relinquat.
2511 2781 2587 2846 At

61 2860 183 2930 ille:
219 2888 253 2930 «
278 2871 425 2937 Non
460 2865 741 2945 audisti,
782 2865 1029 2951 inquit,
1058 2868 1189 2947 Qua·
1213 2875 1397 2934 amat
1416 2875 1687 2955 patrem
1720 2875 1842 2933 aut
1874 2875 2157 2935 matrem
2187 2868 2346 2956 plus
2378 2889 2582 2958 quam

60 2973 164 3031 me,
195 2978 317 3023 non
357 2965 455 3024 est
493 2976 597 3023 me
647 2954 943 3044 diqnus?
987 2954 1253 3043 (ΜαιιΙι.
1280 2953 1372 3042 x).
1408 2976 1443 3020 »
1477 2953 1860 3023 obsistente
1910 2975 2064 3023 vero
2114 2966 2351 3034 matre,
2387 2968 2469 3028 ,et
2505 2954 2582 3023 li·

60 3040 208 3109 mini
240 3044 663 3122 inhaerente,
720 3041 1019 3132 postulat
1048 3056 1124 3111 ut
1170 3043 1373 3111 seire
1421 3041 1624 3112 sinat.
1682 3041 1906 3131 Ejulat
1958 3041 2106 3123 illa,
2160 3055 2224 3110 et
2273 3042 2340 3111 in
2397 3044 2587 3144 pavi-

61 3142 343 3201 mentum
398 3144 756 3221 prostmta,
815 3143 1015 3221 negat
1071 3152 1142 3200 se
1198 3129 1265 3198 id
1322 3131 1845 3220 permissuram.
1897 3128 2219 3201 'rumille
2258 3143 2323 3200 et
2374 3131 2581 3200 limen

58 3228 111 3312 et
146 3232 425 3289 matrem
482 3220 893 3299 transiliens,
934 3231 1082 3289 orat
1128 3239 1276 3288 eam
1329 3230 1403 3288 ut
1449 3220 1630 3288 bono
1678 3219 1766 3288 sit
1812 3218 2070 3287 animo.
2126 3223 2224 3287 Me
2271 3219 2580 3305 quidem,

61 3307 280 3391 lnquit,
334 3309 405 3379 in
457 3308 585 3378 hac
633 3309 765 3378 vita
819 3307 1148 3399 deinceps
1200 3329 1335 3377 non
1384 3307 1669 3389 videbiS,
1723 3328 1847 3396 ego
1879 3307 2089 3386 enim,
2144 3328 2585 3394 quocumque

61 3410 151 3458 ine
181 3395 382 3466 ducet
422 3396 665 3467 salutis
714 3398 862 3477 iter,
898 3418 977 3466 eo
1004 3397 1148 3485 jam
1189 3417 1683 3486 progressurus
1730 3418 1913 3465 sum.
1968 3400 2180 3482 Atque
2223 3396 2313 3465 ita
2348 3395 2585 3466 relicto

60 3484 246 3552 natali
294 3485 461 3565 solo,
516 3486 695 3572 quod
740 3491 1163 3575 Lagenorum
1195 3485 1229 3519 ⁴*
1262 3498 1509 3554 terram
1561 3483 1827 3554 incolae
1860 3497 2291 3574 nuncupant,
2351 3484 2435 3554 ad
2492 3484 2584 3553 vi-

60 3587 193 3638 rum
244 3573 725 3654 venerabilem,
760 3574 876 3661 qui
915 3573 1161 3643 Senilis
1208 3571 1588 3654 dicebatur,
1629 3594 1700 3643 se
1747 3572 2078 3643 contulit:
2133 3573 2250 3660 qui
2299 3595 2378 3642 eo
2414 3584 2585 3642 tem-

62 3676 204 3753 pore
271 3662 607 3754 singulari
679 3662 1008 3751 religione
1071 3673 1135 3731 et
1201 3663 1702 3752 scripturarum
1782 3682 2138 3732 sacrarum
2195 3661 2585 3731 eruditione

64 3758 218 3817 inter
261 3773 421 3822 suos
470 3751 790 3838 pollebat.
846 3751 974 3834 Qui
1027 3772 1185 3821 cum
1229 3772 1384 3819 eum
1446 3751 1715 3842 sagacis
1758 3749 2015 3840 ingenii
2083 3771 2232 3819 esse
2291 3750 2575 3831 videret,

61 3837 345 3907 omnium
415 3840 805 3910 divinarum
873 3839 1372 3930 scripturarum
1425 3839 1677 3909 studiis
1734 3860 1891 3907 eum
1956 3838 2242 3908 imbuit:
2307 3838 2421 3908 sed
2492 3839 2584 3909 ita

65 3931 292 4007 tamen,
327 3942 404 3997 ut
435 3928 1019 4016 quemadmodum
1064 3926 1368 4029 magistri
1421 3949 1458 3996 e
1488 3926 1857 4016 discipulis
1908 3927 2367 4008 sciscitantur,
2421 3949 2582 3997 cum

61 4028 271 4082 eorum
305 4016 540 4087 volunt
585 4017 937 4118 explorare
970 4017 1274 4107 ingenia,
1327 4028 1391 4084 et
1432 4028 1667 4086 utrum
1706 4037 1993 4105 magnos
2032 4015 2176 4101 jam
2216 4017 2282 4084 in
2333 4015 2583 4087 studiis

68 4117 444 4195 progressus
494 4104 799 4186 fecerint,
856 4105 954 4175 vel
1001 4104 1265 4175 desidia
1314 4116 1378 4173 et
1437 4104 1683 4173 inertia
1739 4115 2073 4193 torpeant,
2119 4123 2577 4193 cognoscere:

64 4189 495 4286 siedifficiles
545 4193 879 4281 quasdam
937 4193 996 4263 ei
1051 4204 1459 4284 proponeret
1509 4193 1967 4280 quaestioneS,
2037 4213 2072 4261 e
2121 4213 2418 4279 quarum
2476 4214 2582 4262 so-

66 4268 299 4349 lutione
344 4282 429 4353 de
475 4283 624 4372 eJus
683 4282 991 4353 doctrina
1056 4281 1525 4369 conjecturam
1583 4293 1877 4371 caperet.
1932 4285 2009 4350 At
2059 4280 2198 4364 ille,
2262 4282 2581 4370 quamvis

111 4398 133 4424 *
160 4400 295 4454 Vulgo
324 4409 537 4448 mmor.
