2993 4837
41 325 184 393 ROV.
236 327 314 390 ⁴8
845 344 923 391 nn
971 344 1028 391 s.
1081 342 1337 390 nonno
1385 343 1675 390 narras
2321 326 2448 390 575

40 430 120 498 fiet
148 429 208 497 in
255 428 535 499 Athletis
574 428 867 518 pietatis
905 433 1034 497 Nos
1082 449 1330 497 sumus
1375 427 1603 517 pedeS,
1643 432 1969 515 Martyres
2017 437 2241 496 autem
2296 437 2529 514 caput.

41 518 133 587 Sed
168 540 291 588 non
331 529 549 608 potest
581 530 788 606 caput
834 517 1061 586 dicere
1111 516 1448 605 pedibus:
1505 540 1541 582 «
1583 516 1797 586 Vestri
1851 538 1983 584 non
2036 537 2070 584 e
2121 538 2224 584 eo.
2282 538 2317 582 »
2377 516 2537 585 Glo-

38 608 179 678 riosa
216 620 370 676 sunt
406 607 739 687 membra,
780 606 898 676 sed
948 605 1207 695 gloriae
1252 605 1650 675 e'xcellentia
1686 627 1820 674 non
1856 604 2016 673 facit
2046 628 2081 673 a
2120 605 2533 673 ienationem

36 718 63 765 a
98 695 585 786 conjunctione,
622 717 797 782 quae
844 707 946 764 est
992 716 1149 763 cum
1189 694 1473 781 reliquis
1525 695 1861 784 partibus.
1915 699 2105 763 Tunc
2138 694 2321 763 enim
2359 693 2537 763 fiunt

36 786 289 855 maxime
317 784 638 884 gloriosa,
675 783 954 870 quando
989 805 1124 852 non
1163 783 1568 873 abruperint
1591 805 1768 863 eam,
1800 805 1977 869 quae
2005 796 2106 852 est
2140 781 2528 864 nobiscum,

34 875 567 961 conjunctionem.
616 878 781 942 Nam
823 871 1075 942 oculus
1104 894 1402 959 quoque,
1435 894 1598 941 cum
1643 873 1729 943 sit
1765 872 2027 958 reliquo
2072 885 2206 942 toto
2248 892 2534 959 corpore

33 961 436 1050 splendidior,
498 984 697 1031 suam
750 973 914 1031 tunc
961 961 1682 1048 conservat-gloriam,
1737 961 2016 1047 quando
2071 982 2205 1029 non
2256 960 2534 1029 abscin-

34 1050 188 1120 ditur
226 1074 263 1119 a
313 1051 576 1137 reliquo
632 1072 940 1139 corpore.
1006 1055 1083 1119 Et
1141 1049 1308 1137 quid
1367 1050 1522 1119 dico
1571 1049 1656 1119 de
1706 1051 2173 1139 Martyribus?
2229 1049 2295 1117 Si
2344 1048 2531 1116 enim

35 1140 320 1209 Dominus
355 1153 588 1210 noster
634 1139 944 1208 Christus
980 1160 1116 1207 non
1167 1139 1446 1209 erubuit
1492 1140 1639 1207 fieri
1690 1153 2000 1209 nostrum
2033 1150 2263 1227 caput,
2315 1136 2533 1206 multo

38 1229 217 1316 magis
260 1230 389 1318 ipsi
441 1251 594 1297 esse
651 1240 959 1297 nostrum
1012 1241 1223 1317 caput
1294 1249 1426 1295 non
1486 1228 1945 1297 erubescunt:
2013 1226 2268 1297 habent
2314 1225 2528 1306 enim,

41 1335 179 1401 quae
217 1319 347 1408 egit
416 1317 710 1398 radices,
764 1317 1195 1386 charitatem.
1250 1318 1428 1386 Solet
1475 1328 1702 1385 autem
1754 1317 2055 1385 charitas
2112 1314 2533 1404 conjungere

43 1425 99 1472 ea
135 1428 289 1491 quae
335 1420 503 1476 sunt
554 1406 946 1494 disjuncta,
1008 1418 1074 1475 et
1134 1406 1221 1474 de
1283 1405 1547 1474 meritis
1598 1427 1730 1474 non
1783 1404 2159 1473 admodum
2216 1414 2532 1471 accurate

44 1490 299 1579 inquirit.
342 1494 705 1578 Quomodo
751 1516 914 1585 ergo
963 1494 1098 1584 ipsi
1138 1515 1295 1563 cum
1334 1494 1535 1563 nobis
1571 1494 2016 1583 peccantibus
2055 1493 2288 1563 dolore
2320 1490 2532 1561 simul

47 1580 404 1666 iniciuntur,
461 1585 560 1654 ita
606 1584 807 1652 etiam
857 1606 978 1653 nos
1027 1582 1236 1652 simul
1285 1605 1444 1651 cum
1481 1583 1580 1651 eis
1617 1582 1953 1651 laetamur
2003 1582 2071 1651 in
2125 1579 2526 1652 rectesactiS.

46 1670 122 1738 Sic
159 1673 344 1742 etiam
389 1673 608 1757 jussit
670 1672 945 1755 Paulus,
997 1673 1297 1764 qaudere
1358 1694 1510 1739 cum
1555 1672 2025 1762 qaudentibu3‚
2065 1683 2127 1742 et
2171 1672 2334 1762 llere
2381 1692 2533 1739 cum

48 1758 295 1831 'lentibus
336 1764 558 1852 (Rom.
597 1761 742 1849 ιιι).

103 1851 135 1933 ξ
178 1855 253 1919 8.
290 1852 412 1920 Sed
451 1852 619 1919 flere
665 1851 946 1936 quidem
998 1872 1154 1919 cum
1190 1850 1540 1929 flentibus,
1580 1861 1682 1918 est
1729 1848 1922 1917 valde
1958 1848 2193 1930 facile;
2233 1853 2532 1942 gaudere

48 1949 222 2007 autem
255 1962 403 2009 cum
458 1939 952 2030 gaudentibuS‚
996 1961 1130 2007 non
1174 1938 1436 2008 itidem.
1475 1938 1770 2007 Facilius
1805 1937 1985 2006 enim
2023 1937 2338 2011 dolemus
2371 1963 2529 2010 cum

47 2024 107 2091 iis
136 2028 236 2112 qui
283 2042 440 2098 sunt
486 2031 557 2096 in
608 2028 1151 2106 calamitatibus,
1208 2050 1417 2115 quam
1486 2028 1874 2118 gaudemus
1921 2047 2079 2095 cum
2136 2028 2218 2097 iis
2274 2030 2533 2116 quibus

48 2126 173 2183 sunt
226 2138 324 2186 res
394 2117 769 2187 secundae.
829 2122 993 2187 Nam
1070 2115 1211 2185 illic
1259 2115 1540 2203 quidem
1616 2118 1765 2206 ipsa
1815 2129 2059 2183 natura
2123 2116 2533 2187 calamitatis

50 2214 219 2286 potest
265 2205 359 2273 vel
418 2205 725 2295 lapidem
785 2206 1051 2274 flectere
1101 2204 1184 2274 ad
1236 2205 1954 2274 commiserationem:
2014 2203 2126 2272 hic
2182 2220 2408 2275 autem
2463 2206 2530 2273 in

54 2289 213 2389 rebus
250 2294 599 2385 prosperis
648 2294 906 2363 invidia
953 2316 1138 2373 eum,
1191 2294 1311 2379 qui
1371 2315 1506 2362 non
1556 2293 1752 2363 valde
1806 2293 2352 2383 philosophatur,
2397 2315 2529 2362 nou

54 2381 358 2454 sintteffici
391 2384 662 2455 socium
699 2382 1087 2474 voluptatis.
1122 2388 1288 2453 Nam
1322 2383 1669 2469 quomodo
1713 2381 2015 2453 charitas
2062 2382 2424 2473 conjungit
2456 2404 2534 2452 ea

50 2485 364 2550 quaesunt
410 2474 684 2542 divisa:
739 2474 830 2541 ita
880 2475 1083 2541 etiam
1129 2472 1389 2541 invidia
1437 2472 1683 2542 dividit
1734 2495 1813 2541 ea
1872 2493 2048 2559 quae
2098 2485 2260 2542 sunt
2308 2473 2525 2542 unita.

48 2558 446 2635 Quamobrem
505 2583 674 2650 rogo
726 2582 840 2630 vos
897 2583 1175 2640 omnes,
1234 2561 1637 2630 studeamus
1687 2560 1985 2650 gaudere
2040 2584 2197 2631 cum
2269 2563 2354 2631 iis
2414 2563 2536 2648 qui

48 2663 156 2715 rem
194 2665 353 2719 recte
384 2663 660 2740 gerunt,
705 2661 783 2718 ut
821 2649 1122 2717 animam
1174 2671 1639 2740 expurgemus
1680 2651 1766 2719 ab
1807 2650 2086 2720 invidia.
2124 2651 2306 2721 Nihil
2347 2651 2532 2719 enim

47 2752 214 2820 aeque
255 2740 530 2828 expellit
579 2738 764 2808 hunc
802 2737 1119 2806 morbum
1171 2760 1447 2827 gravem
1491 2750 1556 2807 et
1603 2752 1850 2808 curatu
1901 2738 2277 2820 difficilem,
2327 2752 2534 2826 atque

46 2824 293 2907 gaudere
341 2851 498 2897 cum
559 2828 645 2896 iis
699 2827 819 2913 qui
872 2827 1107 2895 vivunt
1173 2829 1241 2895 in
1308 2827 1579 2895 virtute.
1633 2827 1805 2896 Audi
1854 2849 2063 2914 quam
2123 2829 2209 2899 sit
2279 2828 2536 2898 Paulus

48 2929 314 2984 summus
362 2917 427 2984 in
472 2915 584 2984 his
624 2917 978 3001 utrisque:
1027 2917 1207 2998 Quis,
1248 2915 1493 3002 inquit,
1535 2917 1941 3005 infirmatur,
1980 2927 2042 2985 ec
2090 2940 2209 3007 eqo
2255 2942 2385 2987 non
2436 2919 2534 2987 in·

46 2998 264 3082 firmor?
295 3007 448 3086 Quis
478 3005 1018 3084 scandalizatur,
1055 3014 1117 3073 et
1165 3028 1285 3095 eqo
1330 3028 1462 3073 non
1494 3005 1692 3072 uror?
1716 3007 1812 3092 (2.
1844 3009 1985 3074 Cor.
2019 3004 2120 3092 ιι).
2153 3011 2291 3074 Non
2336 3007 2529 3075 dixit:

48 3088 107 3153 Et
133 3112 234 3179 eqo
277 3116 401 3163 non
429 3096 739 3163 molestia
769 3094 1053 3184 afficior:
1088 3093 1230 3172 sed,
1270 3098 1408 3184 qu
1438 3113 1568 3161 non
1595 3115 1775 3172 uror,
1810 3091 2001 3161 dixit:
2052 3095 2294 3162 urendi
2333 3095 2535 3164 verbo

47 3180 351 3275 ostendere
385 3183 619 3252 volens
667 3203 1019 3250 summum
1072 3181 1403 3251 dolorem.
1444 3188 1523 3251 Et
1571 3203 1815 3250 rursus
1858 3180 1939 3249 ad
1994 3180 2164 3250 alios
2199 3184 2529 3261 scribenS,

47 3260 198 3364 dicit:
232 3271 380 3339 Sine
411 3273 595 3340 nobis
624 3273 1053 3355 reqnavistis:
1092 3280 1154 3338 et
1185 3272 1448 3339 utinam
1486 3271 1983 3360 requavzlssetiS,
2018 3280 2094 3338 uc
2133 3294 2247 3340 nos
2279 3293 2537 3361 quoque

46 3359 211 3451 simul
246 3362 570 3429 vobiscum
594 3382 1031 3450 reynaremus
1074 3360 1168 3446 (l.
1202 3363 1348 3429 Cor.
1389 3361 1499 3447 iv).
1539 3365 1613 3427 Et
1655 3382 1930 3428 rursus:
1983 3364 2171 3428 Nunc
2217 3361 2526 3438 vz'vimuS,

47 3460 89 3505 st
124 3466 222 3512 vos
263 3451 450 3516 statis
499 3452 569 3517 in
609 3450 886 3517 Domino
927 3454 1019 3530 (l.
1056 3448 1272 3517 Thess.
1316 3448 1440 3537 111).
1505 3446 1667 3516 Vide
1713 3460 2136 3537 quantopere
2190 3448 2530 3527 studebat,

46 3540 110 3627 ut·
145 3554 236 3601 res
280 3534 560 3606 fratrum
617 3551 793 3606 recte
840 3559 911 3606 se
960 3537 1314 3618 haberent,
1354 3537 1472 3624 qui
1523 3559 1646 3605 nec
1696 3558 1768 3604 se
1818 3537 2037 3604 vivere
2076 3535 2353 3622 quidem
2399 3536 2538 3605 exi-

49 3623 346 3705 stimabat,
411 3627 470 3694 si
531 3625 632 3695 illi
683 3648 816 3695 non
881 3638 1112 3696 essent
1172 3625 1365 3695 salvi.
1434 3630 1652 3695 Homo
1711 3625 1830 3712 qui
1897 3625 2117 3693 suerat
2166 3638 2401 3712 raptus
2448 3623 2533 3692 ad

50 3709 278 3780 tertium
313 3714 603 3797 coelum,
638 3727 704 3783 et
751 3714 1019 3784 delatus
1059 3716 1129 3784 in
1184 3714 1608 3803 paradisum.
1646 3726 1710 3783 et
1756 3714 1874 3800 qui
1924 3714 2146 3783 fuerat
2197 3715 2537 3803 particeps

50 3802 483 3949 mdvsteriorum
524 3803 1003 3884 ineffabilium,
1041 3817 1106 3873 et
1143 3815 1394 3872 tantam
1446 3802 1630 3892 apud
1678 3808 1885 3871 Deum
1930 3816 2288 3873 assecutus
2319 3800 2539 3870 suerat

50 3878 357 3982 fihciam,
413 3891 684 3961 illorum
746 3891 1083 3961 bonorum
1142 3913 1420 3960 sensum
1488 3913 1624 3959 non
1686 3890 1880 3959 valde
1933 3891 2335 3981 accipiebat,
2404 3890 2536 3958 nisi

51 3983 217 4070 ettam
274 3979 544 4049 vidisset
614 3979 1135 4050 fratressecum
1188 4002 1337 4050 esse
1385 3979 1631 4049 salvos.
1699 3978 1966 4048 Sciebat
2023 3981 2207 4048 enim
2278 3992 2532 4070 aperte,

55 4064 270 4134 sciebat
312 4067 633 4138 charitate
676 4069 847 4138 nihil
897 4091 1046 4139 esse
1097 4071 1343 4157 majuS‚
1384 4090 1604 4154 neque
1651 4067 1837 4154 quod
1888 4068 1975 4136 sit
2006 4091 2161 4138 cum
2200 4092 2274 4139 ea
2311 4067 2539 4138 confe-

56 4151 333 4222 rendum:
386 4179 508 4226 nec
558 4160 791 4248 ipsum
840 4158 1117 4245 quidem
1180 4158 1610 4246 martyrium,
1649 4155 1829 4244 quod
1868 4169 1969 4225 est
2003 4181 2272 4229 summa
2331 4157 2540 4226 bono·

57 4251 202 4304 rum.
248 4247 404 4314 Nam
453 4248 752 4316 charitas
799 4247 1103 4333 quidem,
1142 4245 1344 4336 etiam
1397 4245 1656 4331 absque
1708 4246 2062 4336 martyrio,
2101 4247 2259 4315 facit
2292 4246 2540 4315 Christi

59 4318 431 4477 (flgscipulosz
487 4336 891 4426 martyrium
957 4352 1182 4405 autem
1249 4336 1394 4405 siue
1460 4335 1838 4417 charitate,
1917 4358 2049 4405 non
2127 4348 2341 4426 potest
2413 4337 2541 4405 hoc

114 4433 262 4487 cere.
