<?xml version="1.0" encoding="UTF-8"?>
<!DOCTYPE html PUBLIC "-//W3C//DTD XHTML 1.0 Transitional//EN"
    "http://www.w3.org/TR/xhtml1/DTD/xhtml1-transitional.dtd">
<html xmlns="http://www.w3.org/1999/xhtml" xml:lang="en" lang="en">
 <head>
  <title>
</title>
<meta http-equiv="Content-Type" content="text/html;charset=utf-8" />
  <meta name='ocr-system' content='tesseract 3.04.00' />
  <meta name='ocr-capabilities' content='ocr_page ocr_carea ocr_par ocr_line ocrx_word'/>
</head>
<body>
  <div class='ocr_page' id='page_1' title='image "./historiaeseuvit05lippgoog_0780.png"; bbox 0 0 2993 4837; ppageno 0'>
   <div class='ocr_carea' id='block_1_1' title="bbox 495 308 2843 377">
    <p class='ocr_par' dir='ltr' id='par_1_1' title="bbox 495 308 2843 377">
     <span class='ocr_line' id='line_1_1' title="bbox 495 308 2843 377; baseline -0.002 0"><span class='ocrx_word' id='word_1_1' title='bbox 495 315 619 377; x_wconf 65' lang='lat'>724</span> <span class='ocrx_word' id='word_1_2' title='bbox 1115 328 1193 374; x_wconf 72' lang='lat' dir='ltr'>nn</span> <span class='ocrx_word' id='word_1_3' title='bbox 1241 327 1294 373; x_wconf 89' lang='lat' dir='ltr'>s.</span> <span class='ocrx_word' id='word_1_4' title='bbox 1350 325 1673 373; x_wconf 70' lang='lat' dir='ltr'>srssPnANo</span> <span class='ocrx_word' id='word_1_5' title='bbox 1722 325 1990 373; x_wconf 68' lang='lat' dir='ltr'>sumone</span> <span class='ocrx_word' id='word_1_6' title='bbox 2035 326 2226 373; x_wconf 65' lang='lat' dir='ltr'>naar.</span> <span class='ocrx_word' id='word_1_7' title='bbox 2607 308 2755 372; x_wconf 69' lang='lat' dir='ltr'>NOV.</span> <span class='ocrx_word' id='word_1_8' title='bbox 2790 310 2843 372; x_wconf 74' lang='lat'>28</span> 
     </span>
    </p>
   </div>
   <div class='ocr_carea' id='block_1_2' title="bbox 399 407 2875 4399">
    <p class='ocr_par' dir='ltr' id='par_1_2' title="bbox 399 407 2875 4399">
     <span class='ocr_line' id='line_1_2' title="bbox 405 407 2853 501; baseline -0.002 -17"><span class='ocrx_word' id='word_1_9' title='bbox 405 413 689 501; x_wconf 89' lang='lat' dir='ltr'>quidam</span> <span class='ocrx_word' id='word_1_10' title='bbox 739 414 839 482; x_wconf 87' lang='lat' dir='ltr'>vir</span> <span class='ocrx_word' id='word_1_11' title='bbox 877 411 1154 501; x_wconf 85' lang='lat' dir='ltr'>sapiens</span> <span class='ocrx_word' id='word_1_12' title='bbox 1200 410 1369 479; x_wconf 82' lang='lat' dir='ltr'>dixit</span> <span class='ocrx_word' id='word_1_13' title='bbox 1398 409 1457 490; x_wconf 65' lang='lat'>³³,</span> <span class='ocrx_word' id='word_1_14' title='bbox 1514 410 1814 479; x_wconf 79' lang='lat' dir='ltr'>recentia</span> <span class='ocrx_word' id='word_1_15' title='bbox 1861 410 2101 497; x_wconf 91' lang='lat' dir='ltr'>utique</span> <span class='ocrx_word' id='word_1_16' title='bbox 2142 410 2308 479; x_wconf 89' lang='lat' dir='ltr'>haec</span> <span class='ocrx_word' id='word_1_17' title='bbox 2356 421 2553 496; x_wconf 85' lang='lat' dir='ltr'>atque</span> <span class='ocrx_word' id='word_1_18' title='bbox 2595 407 2853 478; x_wconf 80' lang='lat' dir='ltr'>adscititia</span> 
     </span>
     <span class='ocr_line' id='line_1_3' title="bbox 407 496 2856 587; baseline -0.002 -17"><span class='ocrx_word' id='word_1_19' title='bbox 407 504 838 572; x_wconf 89' lang='lat' dir='ltr'>vehementer</span> <span class='ocrx_word' id='word_1_20' title='bbox 868 498 1169 570; x_wconf 90' lang='lat' dir='ltr'>absurda</span> <span class='ocrx_word' id='word_1_21' title='bbox 1202 512 1407 586; x_wconf 88' lang='lat' dir='ltr'>atque</span> <span class='ocrx_word' id='word_1_22' title='bbox 1440 498 1786 568; x_wconf 89' lang='lat' dir='ltr'>imbecilla</span> <span class='ocrx_word' id='word_1_23' title='bbox 1820 510 2004 579; x_wconf 91' lang='lat' dir='ltr'>sunt,</span> <span class='ocrx_word' id='word_1_24' title='bbox 2037 510 2113 568; x_wconf 92' lang='lat' dir='ltr'>ut</span> <span class='ocrx_word' id='word_1_25' title='bbox 2150 520 2325 586; x_wconf 90' lang='lat' dir='ltr'>quae</span> <span class='ocrx_word' id='word_1_26' title='bbox 2359 497 2694 587; x_wconf 82' lang='lat' dir='ltr'>perspicue</span> <span class='ocrx_word' id='word_1_27' title='bbox 2717 496 2856 566; x_wconf 84' lang='lat' dir='ltr'>adul-</span> 
     </span>
     <span class='ocr_line' id='line_1_4' title="bbox 406 586 2860 678; baseline -0.002 -18"><span class='ocrx_word' id='word_1_28' title='bbox 406 590 607 660; x_wconf 91' lang='lat' dir='ltr'>terini</span> <span class='ocrx_word' id='word_1_29' title='bbox 664 589 1003 659; x_wconf 83' lang='lat' dir='ltr'>Ecclesiae</span> <span class='ocrx_word' id='word_1_30' title='bbox 1062 587 1443 657; x_wconf 81' lang='lat' dir='ltr'>Catholicae</span> <span class='ocrx_word' id='word_1_31' title='bbox 1496 586 1718 657; x_wconf 87' lang='lat' dir='ltr'>foetus</span> <span class='ocrx_word' id='word_1_32' title='bbox 1774 587 1934 657; x_wconf 89' lang='lat' dir='ltr'>sint.</span> <span class='ocrx_word' id='word_1_33' title='bbox 2000 591 2089 656; x_wconf 78' lang='lat' dir='ltr'>Ac</span> <span class='ocrx_word' id='word_1_34' title='bbox 2160 586 2447 678; x_wconf 89' lang='lat' dir='ltr'>proinde</span> <span class='ocrx_word' id='word_1_35' title='bbox 2512 608 2638 655; x_wconf 91' lang='lat' dir='ltr'>non</span> <span class='ocrx_word' id='word_1_36' title='bbox 2686 586 2860 655; x_wconf 83' lang='lat' dir='ltr'>intem-</span> 
     </span>
     <span class='ocr_line' id='line_1_5' title="bbox 406 674 2861 770; baseline -0.003 -22"><span class='ocrx_word' id='word_1_37' title='bbox 406 679 659 770; x_wconf 87' lang='lat' dir='ltr'>pestive</span> <span class='ocrx_word' id='word_1_38' title='bbox 710 677 1184 767; x_wconf 89' lang='lat' dir='ltr'>propheticum</span> <span class='ocrx_word' id='word_1_39' title='bbox 1248 675 1420 746; x_wconf 91' lang='lat' dir='ltr'>illud</span> <span class='ocrx_word' id='word_1_40' title='bbox 1491 675 1662 745; x_wconf 89' lang='lat' dir='ltr'>mihi</span> <span class='ocrx_word' id='word_1_41' title='bbox 1710 674 1938 745; x_wconf 89' lang='lat' dir='ltr'>dicere</span> <span class='ocrx_word' id='word_1_42' title='bbox 1997 676 2070 744; x_wconf 92' lang='lat' dir='ltr'>in</span> <span class='ocrx_word' id='word_1_43' title='bbox 2129 689 2429 744; x_wconf 87' lang='lat' dir='ltr'>mentem</span> <span class='ocrx_word' id='word_1_44' title='bbox 2471 676 2661 754; x_wconf 82' lang='lat' dir='ltr'>venit,</span> <span class='ocrx_word' id='word_1_45' title='bbox 2717 679 2861 763; x_wconf 67' lang='lat' dir='ltr'>Reyes</span> 
     </span>
     <span class='ocr_line' id='line_1_6' title="bbox 405 762 2864 857; baseline -0.002 -21"><span class='ocrx_word' id='word_1_46' title='bbox 405 779 625 836; x_wconf 76' lang='lat' dir='ltr'>terrae</span> <span class='ocrx_word' id='word_1_47' title='bbox 657 777 719 835; x_wconf 78' lang='lat' dir='ltr'>et</span> <span class='ocrx_word' id='word_1_48' title='bbox 748 768 1083 857; x_wconf 78' lang='lat' dir='ltr'>principes</span> <span class='ocrx_word' id='word_1_49' title='bbox 1115 789 1255 833; x_wconf 86' lang='lat' dir='ltr'>una</span> <span class='ocrx_word' id='word_1_50' title='bbox 1283 788 1434 833; x_wconf 85' lang='lat' dir='ltr'>cum</span> <span class='ocrx_word' id='word_1_51' title='bbox 1463 766 1893 834; x_wconf 62' lang='lat' dir='ltr'>mercenariis</span> <span class='ocrx_word' id='word_1_52' title='bbox 1978 766 2331 846; x_wconf 78' lang='lat' dir='ltr'>astoribus,</span> <span class='ocrx_word' id='word_1_53' title='bbox 2362 787 2445 833; x_wconf 81' lang='lat' dir='ltr'>ac</span> <span class='ocrx_word' id='word_1_54' title='bbox 2471 787 2587 854; x_wconf 83' lang='lat' dir='ltr'>9re</span> <span class='ocrx_word' id='word_1_55' title='bbox 2635 766 2682 832; x_wconf 77' lang='lat' dir='ltr'>is</span> <span class='ocrx_word' id='word_1_56' title='bbox 2701 762 2864 854; x_wconf 76' lang='lat' dir='ltr'>prodi·</span> 
     </span>
     <span class='ocr_line' id='line_1_7' title="bbox 406 854 2865 943; baseline -0.002 -19"><span class='ocrx_word' id='word_1_57' title='bbox 406 858 678 936; x_wconf 53' lang='lat' dir='ltr'>toribii&amp;</span> <span class='ocrx_word' id='word_1_58' title='bbox 715 865 1155 925; x_wconf 79' lang='lat' dir='ltr'>convenerunt</span> <span class='ocrx_word' id='word_1_59' title='bbox 1184 856 1257 922; x_wconf 85' lang='lat' dir='ltr'>in</span> <span class='ocrx_word' id='word_1_60' title='bbox 1305 875 1537 932; x_wconf 81' lang='lat' dir='ltr'>unum,</span> <span class='ocrx_word' id='word_1_61' title='bbox 1601 864 1804 943; x_wconf 80' lang='lat' dir='ltr'>atque</span> <span class='ocrx_word' id='word_1_62' title='bbox 1949 875 2179 922; x_wconf 81' lang='lat' dir='ltr'>versus</span> <span class='ocrx_word' id='word_1_63' title='bbox 2219 855 2475 925; x_wconf 77' lang='lat' dir='ltr'>Christi</span> <span class='ocrx_word' id='word_1_64' title='bbox 2516 877 2558 921; x_wconf 87' lang='lat' dir='ltr'>a</span> <span class='ocrx_word' id='word_1_65' title='bbox 2605 854 2865 921; x_wconf 69' lang='lat' dir='ltr'>ministra·</span> 
     </span>
     <span class='ocr_line' id='line_1_8' title="bbox 407 940 2866 1029; baseline -0.003 -16"><span class='ocrx_word' id='word_1_66' title='bbox 407 946 648 1014; x_wconf 77' lang='lat' dir='ltr'>tionem</span> <span class='ocrx_word' id='word_1_67' title='bbox 683 947 919 1013; x_wconf 80' lang='lat' dir='ltr'>inania</span> <span class='ocrx_word' id='word_1_68' title='bbox 969 944 1281 1012; x_wconf 77' lang='lat' dir='ltr'>meditati</span> <span class='ocrx_word' id='word_1_69' title='bbox 1313 952 1467 1011; x_wconf 78' lang='lat' dir='ltr'>sunt</span> <span class='ocrx_word' id='word_1_70' title='bbox 1512 942 1650 1029; x_wconf 78' lang='lat' dir='ltr'>(Ps.</span> <span class='ocrx_word' id='word_1_71' title='bbox 1704 945 1801 1025; x_wconf 73' lang='lat'>2).</span> <span class='ocrx_word' id='word_1_72' title='bbox 1840 965 1877 1009; x_wconf 86' lang='lat'>»</span> <span class='ocrx_word' id='word_1_73' title='bbox 1905 947 2084 1011; x_wconf 90' lang='lat' dir='ltr'>Haec</span> <span class='ocrx_word' id='word_1_74' title='bbox 2113 964 2274 1011; x_wconf 90' lang='lat' dir='ltr'>cum</span> <span class='ocrx_word' id='word_1_75' title='bbox 2310 941 2396 1010; x_wconf 92' lang='lat' dir='ltr'>ad</span> <span class='ocrx_word' id='word_1_76' title='bbox 2429 942 2610 1010; x_wconf 89' lang='lat' dir='ltr'>hunc</span> <span class='ocrx_word' id='word_1_77' title='bbox 2656 940 2866 1008; x_wconf 87' lang='lat' dir='ltr'>modum</span> 
     </span>
     <span class='ocr_line' id='line_1_9' title="bbox 409 1030 2868 1123; baseline -0.003 -21"><span class='ocrx_word' id='word_1_78' title='bbox 409 1033 795 1123; x_wconf 85' lang='lat' dir='ltr'>Stephanus</span> <span class='ocrx_word' id='word_1_79' title='bbox 847 1030 1261 1121; x_wconf 86' lang='lat' dir='ltr'>protulisset,</span> <span class='ocrx_word' id='word_1_80' title='bbox 1319 1031 1807 1100; x_wconf 85' lang='lat' dir='ltr'>Constantinus</span> <span class='ocrx_word' id='word_1_81' title='bbox 1850 1030 2392 1101; x_wconf 89' lang='lat' dir='ltr'>Nicomediensis</span> <span class='ocrx_word' id='word_1_82' title='bbox 2433 1030 2665 1120; x_wconf 88' lang='lat' dir='ltr'>Episco</span> <span class='ocrx_word' id='word_1_83' title='bbox 2715 1052 2797 1108; x_wconf 87' lang='lat' dir='ltr'>us,</span> <span class='ocrx_word' id='word_1_84' title='bbox 2823 1042 2868 1094; x_wconf 88' lang='lat' dir='ltr'>ut</span> 
     </span>
     <span class='ocr_line' id='line_1_10' title="bbox 404 1116 2870 1208; baseline -0.003 -17"><span class='ocrx_word' id='word_1_85' title='bbox 404 1135 548 1191; x_wconf 89' lang='lat' dir='ltr'>erat</span> <span class='ocrx_word' id='word_1_86' title='bbox 587 1120 1000 1192; x_wconf 88' lang='lat' dir='ltr'>truculentia</span> <span class='ocrx_word' id='word_1_87' title='bbox 1037 1130 1101 1188; x_wconf 90' lang='lat' dir='ltr'>et</span> <span class='ocrx_word' id='word_1_88' title='bbox 1146 1118 1580 1208; x_wconf 90' lang='lat' dir='ltr'>impudentia</span> <span class='ocrx_word' id='word_1_89' title='bbox 1641 1119 2016 1208; x_wconf 85' lang='lat' dir='ltr'>singulari,</span> <span class='ocrx_word' id='word_1_90' title='bbox 2072 1120 2296 1189; x_wconf 90' lang='lat' dir='ltr'>statim</span> <span class='ocrx_word' id='word_1_91' title='bbox 2348 1141 2387 1186; x_wconf 91' lang='lat' dir='ltr'>e</span> <span class='ocrx_word' id='word_1_92' title='bbox 2444 1116 2667 1189; x_wconf 85' lang='lat' dir='ltr'>subse-l</span> <span class='ocrx_word' id='word_1_93' title='bbox 2700 1118 2752 1185; x_wconf 88' lang='lat' dir='ltr'>io</span> <span class='ocrx_word' id='word_1_94' title='bbox 2788 1137 2870 1184; x_wconf 80' lang='lat' dir='ltr'>suo</span> 
     </span>
     <span class='ocr_line' id='line_1_11' title="bbox 406 1206 2872 1295; baseline -0.003 -16"><span class='ocrx_word' id='word_1_95' title='bbox 406 1209 644 1291; x_wconf 86' lang='lat' dir='ltr'>exiliit,</span> <span class='ocrx_word' id='word_1_96' title='bbox 699 1223 902 1295; x_wconf 90' lang='lat' dir='ltr'>atque</span> <span class='ocrx_word' id='word_1_97' title='bbox 928 1208 1025 1278; x_wconf 91' lang='lat' dir='ltr'>nil</span> <span class='ocrx_word' id='word_1_98' title='bbox 1066 1231 1101 1276; x_wconf 89' lang='lat' dir='ltr'>a</span> <span class='ocrx_word' id='word_1_99' title='bbox 1130 1207 1620 1277; x_wconf 89' lang='lat' dir='ltr'>calcitronibus</span> <span class='ocrx_word' id='word_1_100' title='bbox 1652 1207 1867 1276; x_wconf 89' lang='lat' dir='ltr'>asinis</span> <span class='ocrx_word' id='word_1_101' title='bbox 1901 1207 2249 1278; x_wconf 89' lang='lat' dir='ltr'>diversum</span> <span class='ocrx_word' id='word_1_102' title='bbox 2286 1206 2574 1289; x_wconf 87' lang='lat' dir='ltr'>faciens,</span> <span class='ocrx_word' id='word_1_103' title='bbox 2616 1206 2872 1275; x_wconf 77' lang='lat' dir='ltr'>adversus</span> 
     </span>
     <span class='ocr_line' id='line_1_12' title="bbox 408 1291 2870 1385; baseline -0.005 -15"><span class='ocrx_word' id='word_1_104' title='bbox 408 1311 721 1370; x_wconf 86' lang='lat' dir='ltr'>sanctum</span> <span class='ocrx_word' id='word_1_105' title='bbox 772 1299 994 1367; x_wconf 88' lang='lat' dir='ltr'>virum</span> <span class='ocrx_word' id='word_1_106' title='bbox 1031 1296 1363 1385; x_wconf 89' lang='lat' dir='ltr'>impetum</span> <span class='ocrx_word' id='word_1_107' title='bbox 1414 1295 1595 1375; x_wconf 82' lang='lat' dir='ltr'>fecit,</span> <span class='ocrx_word' id='word_1_108' title='bbox 1649 1297 1845 1382; x_wconf 87' lang='lat' dir='ltr'>eique</span> <span class='ocrx_word' id='word_1_109' title='bbox 1893 1296 2092 1365; x_wconf 91' lang='lat' dir='ltr'>humi</span> <span class='ocrx_word' id='word_1_110' title='bbox 2147 1296 2411 1367; x_wconf 86' lang='lat' dir='ltr'>sedenti</span> <span class='ocrx_word' id='word_1_111' title='bbox 2453 1296 2668 1364; x_wconf 90' lang='lat' dir='ltr'>calces</span> <span class='ocrx_word' id='word_1_112' title='bbox 2717 1295 2773 1361; x_wconf 88' lang='lat' dir='ltr'>in</span> <span class='ocrx_word' id='word_1_113' title='bbox 2809 1291 2870 1359; x_wconf 82' lang='lat' dir='ltr'>fa·</span> 
     </span>
     <span class='ocr_line' id='line_1_13' title="bbox 405 1384 2869 1456; baseline -0.003 0"><span class='ocrx_word' id='word_1_114' title='bbox 405 1388 581 1456; x_wconf 89' lang='lat' dir='ltr'>ciem</span> <span class='ocrx_word' id='word_1_115' title='bbox 630 1386 946 1455; x_wconf 88' lang='lat' dir='ltr'>incussit.</span> <span class='ocrx_word' id='word_1_116' title='bbox 1010 1388 1099 1454; x_wconf 66' lang='lat' dir='ltr'>Ac</span> <span class='ocrx_word' id='word_1_117' title='bbox 1218 1396 1513 1453; x_wconf 89' lang='lat' dir='ltr'>raeterea</span> <span class='ocrx_word' id='word_1_118' title='bbox 1561 1406 1744 1454; x_wconf 90' lang='lat' dir='ltr'>unus</span> <span class='ocrx_word' id='word_1_119' title='bbox 1819 1406 1899 1453; x_wconf 87' lang='lat' dir='ltr'>ex</span> <span class='ocrx_word' id='word_1_120' title='bbox 1962 1384 2183 1455; x_wconf 88' lang='lat' dir='ltr'>saevis</span> <span class='ocrx_word' id='word_1_121' title='bbox 2241 1385 2654 1454; x_wconf 89' lang='lat' dir='ltr'>satellitibus</span> <span class='ocrx_word' id='word_1_122' title='bbox 2715 1384 2869 1451; x_wconf 87' lang='lat' dir='ltr'>imum</span> 
     </span>
     <span class='ocr_line' id='line_1_14' title="bbox 407 1472 2870 1573; baseline -0.002 -30"><span class='ocrx_word' id='word_1_123' title='bbox 407 1476 628 1565; x_wconf 90' lang='lat' dir='ltr'>ipsius</span> <span class='ocrx_word' id='word_1_124' title='bbox 663 1487 965 1543; x_wconf 89' lang='lat' dir='ltr'>ventrem</span> <span class='ocrx_word' id='word_1_125' title='bbox 1000 1472 1169 1542; x_wconf 89' lang='lat' dir='ltr'>calci</span> <span class='ocrx_word' id='word_1_126' title='bbox 1225 1495 1307 1544; x_wconf 91' lang='lat' dir='ltr'>us</span> <span class='ocrx_word' id='word_1_127' title='bbox 1339 1473 1703 1573; x_wconf 86' lang='lat' dir='ltr'>impetens,</span> <span class='ocrx_word' id='word_1_128' title='bbox 1764 1473 2173 1563; x_wconf 88' lang='lat' dir='ltr'>resupinum</span> <span class='ocrx_word' id='word_1_129' title='bbox 2223 1474 2294 1541; x_wconf 89' lang='lat' dir='ltr'>in</span> <span class='ocrx_word' id='word_1_130' title='bbox 2335 1486 2591 1542; x_wconf 90' lang='lat' dir='ltr'>terram</span> <span class='ocrx_word' id='word_1_131' title='bbox 2647 1483 2870 1561; x_wconf 80' lang='lat' dir='ltr'>prostra-</span> 
     </span>
     <span class='ocr_line' id='line_1_15' title="bbox 405 1560 2871 1651; baseline -0.001 -22"><span class='ocrx_word' id='word_1_132' title='bbox 405 1565 519 1633; x_wconf 90' lang='lat' dir='ltr'>vit.</span> <span class='ocrx_word' id='word_1_133' title='bbox 575 1567 662 1632; x_wconf 80' lang='lat' dir='ltr'>Ac</span> <span class='ocrx_word' id='word_1_134' title='bbox 694 1561 942 1632; x_wconf 90' lang='lat' dir='ltr'>deinde</span> <span class='ocrx_word' id='word_1_135' title='bbox 988 1562 1415 1630; x_wconf 86' lang='lat' dir='ltr'>continenter</span> <span class='ocrx_word' id='word_1_136' title='bbox 1443 1561 1670 1651; x_wconf 79' lang='lat' dir='ltr'>ipsius</span> <span class='ocrx_word' id='word_1_137' title='bbox 1707 1575 1942 1650; x_wconf 90' lang='lat' dir='ltr'>pectus</span> <span class='ocrx_word' id='word_1_138' title='bbox 1973 1561 2145 1651; x_wconf 91' lang='lat' dir='ltr'>pede</span> <span class='ocrx_word' id='word_1_139' title='bbox 2187 1560 2498 1631; x_wconf 86' lang='lat' dir='ltr'>feriebat.</span> <span class='ocrx_word' id='word_1_140' title='bbox 2555 1565 2626 1629; x_wconf 77' lang='lat' dir='ltr'>At</span> <span class='ocrx_word' id='word_1_141' title='bbox 2663 1572 2871 1631; x_wconf 81' lang='lat' dir='ltr'>sanctus</span> 
     </span>
     <span class='ocr_line' id='line_1_16' title="bbox 409 1646 2874 1741; baseline -0.004 -20"><span class='ocrx_word' id='word_1_142' title='bbox 409 1651 819 1741; x_wconf 79' lang='lat' dir='ltr'>StephanuS,</span> <span class='ocrx_word' id='word_1_143' title='bbox 865 1650 1213 1719; x_wconf 89' lang='lat' dir='ltr'>Dominico</span> <span class='ocrx_word' id='word_1_144' title='bbox 1256 1662 1612 1739; x_wconf 88' lang='lat' dir='ltr'>praecepto</span> <span class='ocrx_word' id='word_1_145' title='bbox 1652 1649 2156 1740; x_wconf 69' lang='lat' dir='ltr'>obtemperem,</span> <span class='ocrx_word' id='word_1_146' title='bbox 2197 1650 2509 1740; x_wconf 90' lang='lat' dir='ltr'>seipsum</span> <span class='ocrx_word' id='word_1_147' title='bbox 2551 1650 2612 1718; x_wconf 88' lang='lat' dir='ltr'>ei</span> <span class='ocrx_word' id='word_1_148' title='bbox 2643 1648 2720 1717; x_wconf 88' lang='lat' dir='ltr'>ad</span> <span class='ocrx_word' id='word_1_149' title='bbox 2767 1646 2874 1715; x_wconf 88' lang='lat' dir='ltr'>libi·</span> 
     </span>
     <span class='ocr_line' id='line_1_17' title="bbox 408 1735 2872 1829; baseline -0.002 -21"><span class='ocrx_word' id='word_1_150' title='bbox 408 1740 639 1808; x_wconf 89' lang='lat' dir='ltr'>dinem</span> <span class='ocrx_word' id='word_1_151' title='bbox 689 1739 1072 1809; x_wconf 84' lang='lat' dir='ltr'>feriendum</span> <span class='ocrx_word' id='word_1_152' title='bbox 1127 1750 1442 1828; x_wconf 90' lang='lat' dir='ltr'>prompto</span> <span class='ocrx_word' id='word_1_153' title='bbox 1480 1739 1712 1807; x_wconf 90' lang='lat' dir='ltr'>animo</span> <span class='ocrx_word' id='word_1_154' title='bbox 1764 1739 2152 1827; x_wconf 87' lang='lat' dir='ltr'>praebebat.</span> <span class='ocrx_word' id='word_1_155' title='bbox 2205 1743 2388 1809; x_wconf 87' lang='lat' dir='ltr'>Haec</span> <span class='ocrx_word' id='word_1_156' title='bbox 2440 1760 2641 1829; x_wconf 88' lang='lat' dir='ltr'>porro</span> <span class='ocrx_word' id='word_1_157' title='bbox 2671 1735 2872 1807; x_wconf 79' lang='lat' dir='ltr'>Callisto</span> 
     </span>
     <span class='ocr_line' id='line_1_18' title="bbox 408 1827 2874 1913; baseline -0.003 -15"><span class='ocrx_word' id='word_1_158' title='bbox 408 1829 713 1898; x_wconf 85' lang='lat' dir='ltr'>Senatori</span> <span class='ocrx_word' id='word_1_159' title='bbox 747 1828 1030 1896; x_wconf 89' lang='lat' dir='ltr'>minime</span> <span class='ocrx_word' id='word_1_160' title='bbox 1062 1848 1277 1913; x_wconf 88' lang='lat' dir='ltr'>aequa</span> <span class='ocrx_word' id='word_1_161' title='bbox 1317 1839 1520 1913; x_wconf 86' lang='lat' dir='ltr'>atque</span> <span class='ocrx_word' id='word_1_162' title='bbox 1559 1827 1842 1897; x_wconf 90' lang='lat' dir='ltr'>honesta</span> <span class='ocrx_word' id='word_1_163' title='bbox 1878 1827 2020 1897; x_wconf 88' lang='lat' dir='ltr'>visa</span> <span class='ocrx_word' id='word_1_164' title='bbox 2064 1839 2249 1897; x_wconf 91' lang='lat' dir='ltr'>sunt.</span> <span class='ocrx_word' id='word_1_165' title='bbox 2295 1828 2399 1897; x_wconf 88' lang='lat' dir='ltr'>Ob</span> <span class='ocrx_word' id='word_1_166' title='bbox 2450 1848 2727 1913; x_wconf 85' lang='lat' dir='ltr'>eamque</span> <span class='ocrx_word' id='word_1_167' title='bbox 2763 1846 2874 1892; x_wconf 85' lang='lat' dir='ltr'>cau·</span> 
     </span>
     <span class='ocr_line' id='line_1_19' title="bbox 409 1914 2874 2006; baseline -0.002 -20"><span class='ocrx_word' id='word_1_168' title='bbox 409 1938 582 1999; x_wconf 88' lang='lat' dir='ltr'>sam,</span> <span class='ocrx_word' id='word_1_169' title='bbox 626 1939 784 1987; x_wconf 89' lang='lat' dir='ltr'>cum</span> <span class='ocrx_word' id='word_1_170' title='bbox 839 1915 1119 2006; x_wconf 80' lang='lat' dir='ltr'>profano</span> <span class='ocrx_word' id='word_1_171' title='bbox 1168 1915 1271 1984; x_wconf 87' lang='lat' dir='ltr'>illi</span> <span class='ocrx_word' id='word_1_172' title='bbox 1330 1915 1771 1985; x_wconf 88' lang='lat' dir='ltr'>Constantino</span> <span class='ocrx_word' id='word_1_173' title='bbox 1820 1916 2173 1986; x_wconf 90' lang='lat' dir='ltr'>silentium</span> <span class='ocrx_word' id='word_1_174' title='bbox 2224 1915 2612 1997; x_wconf 85' lang='lat' dir='ltr'>indixisset,</span> <span class='ocrx_word' id='word_1_175' title='bbox 2661 1914 2735 1983; x_wconf 88' lang='lat' dir='ltr'>ad</span> <span class='ocrx_word' id='word_1_176' title='bbox 2780 1917 2874 1981; x_wconf 76' lang='lat' dir='ltr'>Ste-</span> 
     </span>
     <span class='ocr_line' id='line_1_20' title="bbox 457 2002 2875 2095; baseline -0.003 -20"><span class='ocrx_word' id='word_1_177' title='bbox 457 2006 716 2075; x_wconf 86' lang='lat' dir='ltr'>hanum</span> <span class='ocrx_word' id='word_1_178' title='bbox 758 2005 867 2073; x_wconf 91' lang='lat' dir='ltr'>his</span> <span class='ocrx_word' id='word_1_179' title='bbox 906 2004 1131 2073; x_wconf 88' lang='lat' dir='ltr'>verbis</span> <span class='ocrx_word' id='word_1_180' title='bbox 1160 2026 1334 2074; x_wconf 92' lang='lat' dir='ltr'>usus</span> <span class='ocrx_word' id='word_1_181' title='bbox 1364 2016 1511 2073; x_wconf 87' lang='lat' dir='ltr'>est:</span> <span class='ocrx_word' id='word_1_182' title='bbox 1549 2027 1586 2070; x_wconf 89' lang='lat'>«</span> <span class='ocrx_word' id='word_1_183' title='bbox 1621 2005 1900 2074; x_wconf 91' lang='lat' dir='ltr'>Duabus</span> <span class='ocrx_word' id='word_1_184' title='bbox 1945 2005 2067 2075; x_wconf 93' lang='lat' dir='ltr'>tibi</span> <span class='ocrx_word' id='word_1_185' title='bbox 2117 2006 2496 2095; x_wconf 88' lang='lat' dir='ltr'>propositis</span> <span class='ocrx_word' id='word_1_186' title='bbox 2537 2002 2875 2091; x_wconf 86' lang='lat' dir='ltr'>conditioni-</span> 
     </span>
     <span class='ocr_line' id='line_1_21' title="bbox 405 2028 2871 2182; baseline -0.004 -17"><span class='ocrx_word' id='word_1_187' title='bbox 405 2028 561 2174; x_wconf 65' lang='grc' dir='ltr'>Βιιε,</span> <span class='ocrx_word' id='word_1_188' title='bbox 601 2115 755 2162; x_wconf 89' lang='lat' dir='ltr'>nem</span> <span class='ocrx_word' id='word_1_189' title='bbox 769 2115 846 2181; x_wconf 85' lang='lat' dir='ltr'>pe</span> <span class='ocrx_word' id='word_1_190' title='bbox 871 2106 947 2161; x_wconf 89' lang='lat' dir='ltr'>ut</span> <span class='ocrx_word' id='word_1_191' title='bbox 973 2093 1071 2162; x_wconf 87' lang='lat' dir='ltr'>vel</span> <span class='ocrx_word' id='word_1_192' title='bbox 1103 2114 1364 2182; x_wconf 87' lang='lat' dir='ltr'>pareas,</span> <span class='ocrx_word' id='word_1_193' title='bbox 1399 2115 1478 2161; x_wconf 89' lang='lat' dir='ltr'>ac</span> <span class='ocrx_word' id='word_1_194' title='bbox 1509 2091 1785 2162; x_wconf 91' lang='lat' dir='ltr'>concilii</span> <span class='ocrx_word' id='word_1_195' title='bbox 1817 2093 2049 2163; x_wconf 91' lang='lat' dir='ltr'>libello</span> <span class='ocrx_word' id='word_1_196' title='bbox 2079 2093 2511 2175; x_wconf 87' lang='lat' dir='ltr'>subscribas,</span> <span class='ocrx_word' id='word_1_197' title='bbox 2535 2092 2632 2161; x_wconf 85' lang='lat' dir='ltr'>vel</span> <span class='ocrx_word' id='word_1_198' title='bbox 2659 2102 2871 2161; x_wconf 81' lang='lat' dir='ltr'>mortem</span> 
     </span>
     <span class='ocr_line' id='line_1_22' title="bbox 405 2177 2871 2273; baseline -0.003 -21"><span class='ocrx_word' id='word_1_199' title='bbox 405 2183 679 2261; x_wconf 86' lang='lat' dir='ltr'>subeas,</span> <span class='ocrx_word' id='word_1_200' title='bbox 717 2194 794 2251; x_wconf 89' lang='lat' dir='ltr'>ut</span> <span class='ocrx_word' id='word_1_201' title='bbox 838 2181 958 2267; x_wconf 88' lang='lat' dir='ltr'>qui</span> <span class='ocrx_word' id='word_1_202' title='bbox 988 2186 1262 2250; x_wconf 84' lang='lat' dir='ltr'>Patrum</span> <span class='ocrx_word' id='word_1_203' title='bbox 1306 2203 1386 2249; x_wconf 87' lang='lat' dir='ltr'>ac</span> <span class='ocrx_word' id='word_1_204' title='bbox 1434 2179 1767 2252; x_wconf 91' lang='lat' dir='ltr'>divinitus</span> <span class='ocrx_word' id='word_1_205' title='bbox 1814 2181 2240 2251; x_wconf 89' lang='lat' dir='ltr'>eruditorum</span> <span class='ocrx_word' id='word_1_206' title='bbox 2294 2186 2776 2273; x_wconf 89' lang='lat' dir='ltr'>Imperatorum</span> <span class='ocrx_word' id='word_1_207' title='bbox 2817 2177 2871 2244; x_wconf 67' lang='lat' dir='ltr'>le</span> 
     </span>
     <span class='ocr_line' id='line_1_23' title="bbox 406 2266 2871 2361; baseline -0.004 -21"><span class='ocrx_word' id='word_1_208' title='bbox 406 2293 558 2361; x_wconf 90' lang='lat' dir='ltr'>gem</span> <span class='ocrx_word' id='word_1_209' title='bbox 596 2269 917 2360; x_wconf 90' lang='lat' dir='ltr'>repudies</span> <span class='ocrx_word' id='word_1_210' title='bbox 946 2282 1146 2357; x_wconf 87' lang='lat' dir='ltr'>atque</span> <span class='ocrx_word' id='word_1_211' title='bbox 1195 2269 1621 2359; x_wconf 89' lang='lat' dir='ltr'>proscribas;</span> <span class='ocrx_word' id='word_1_212' title='bbox 1665 2281 1891 2339; x_wconf 89' lang='lat' dir='ltr'>utram</span> <span class='ocrx_word' id='word_1_213' title='bbox 1939 2293 1976 2340; x_wconf 94' lang='lat' dir='ltr'>e</span> <span class='ocrx_word' id='word_1_214' title='bbox 2009 2269 2284 2341; x_wconf 88' lang='lat' dir='ltr'>duabus</span> <span class='ocrx_word' id='word_1_215' title='bbox 2335 2271 2545 2341; x_wconf 89' lang='lat' dir='ltr'>malis</span> <span class='ocrx_word' id='word_1_216' title='bbox 2590 2266 2871 2339; x_wconf 71' lang='lat' dir='ltr'>confestim</span> 
     </span>
     <span class='ocr_line' id='line_1_24' title="bbox 406 2349 2866 2518; baseline -0.003 -89"><span class='ocrx_word' id='word_1_217' title='bbox 406 2359 604 2518; x_wconf 60' lang='lat' dir='ltr'>elige.</span> <span class='ocrx_word' id='word_1_218' title='bbox 637 2382 673 2426; x_wconf 88' lang='lat'>»</span> <span class='ocrx_word' id='word_1_219' title='bbox 725 2364 990 2429; x_wconf 84' lang='lat' dir='ltr'>Rursus</span> <span class='ocrx_word' id='word_1_220' title='bbox 1022 2380 1184 2449; x_wconf 88' lang='lat' dir='ltr'>ergo</span> <span class='ocrx_word' id='word_1_221' title='bbox 1218 2358 1333 2427; x_wconf 91' lang='lat' dir='ltr'>ille</span> <span class='ocrx_word' id='word_1_222' title='bbox 1364 2357 1693 2428; x_wconf 90' lang='lat' dir='ltr'>divinitus</span> <span class='ocrx_word' id='word_1_223' title='bbox 1726 2358 1996 2429; x_wconf 87' lang='lat' dir='ltr'>afflatus</span> <span class='ocrx_word' id='word_1_224' title='bbox 2037 2358 2459 2448; x_wconf 90' lang='lat' dir='ltr'>Stephanus;</span> <span class='ocrx_word' id='word_1_225' title='bbox 2497 2383 2536 2427; x_wconf 84' lang='lat'><strong>«</strong></span> <span class='ocrx_word' id='word_1_226' title='bbox 2571 2365 2785 2430; x_wconf 77' lang='lat' dir='ltr'>Attente</span> <span class='ocrx_word' id='word_1_227' title='bbox 2805 2349 2866 2421; x_wconf 79' lang='lat' dir='ltr'>ad</span> 
     </span>
     <span class='ocr_line' id='line_1_25' title="bbox 403 2447 2862 2533; baseline -0 -18"><span class='ocrx_word' id='word_1_228' title='bbox 403 2471 518 2517; x_wconf 90' lang='lat' dir='ltr'>ver</span> <span class='ocrx_word' id='word_1_229' title='bbox 568 2471 604 2517; x_wconf 89' lang='lat' dir='ltr'>a</span> <span class='ocrx_word' id='word_1_230' title='bbox 644 2470 793 2517; x_wconf 89' lang='lat' dir='ltr'>mea</span> <span class='ocrx_word' id='word_1_231' title='bbox 826 2448 1057 2516; x_wconf 83' lang='lat' dir='ltr'>animo</span> <span class='ocrx_word' id='word_1_232' title='bbox 1090 2459 1256 2528; x_wconf 91' lang='lat' dir='ltr'>est0,</span> <span class='ocrx_word' id='word_1_233' title='bbox 1297 2448 1543 2533; x_wconf 88' lang='lat' dir='ltr'>inquit,</span> <span class='ocrx_word' id='word_1_234' title='bbox 1597 2447 1876 2517; x_wconf 89' lang='lat' dir='ltr'>domine</span> <span class='ocrx_word' id='word_1_235' title='bbox 1908 2448 2178 2517; x_wconf 88' lang='lat' dir='ltr'>Patrici.</span> <span class='ocrx_word' id='word_1_236' title='bbox 2231 2452 2328 2516; x_wconf 90' lang='lat' dir='ltr'>En</span> <span class='ocrx_word' id='word_1_237' title='bbox 2364 2449 2558 2519; x_wconf 88' lang='lat' dir='ltr'>enim</span> <span class='ocrx_word' id='word_1_238' title='bbox 2608 2467 2740 2516; x_wconf 86' lang='lat' dir='ltr'>cum</span> <span class='ocrx_word' id='word_1_239' title='bbox 2765 2462 2862 2507; x_wconf 76' lang='lat' dir='ltr'>ma·</span> 
     </span>
     <span class='ocr_line' id='line_1_26' title="bbox 404 2535 2868 2627; baseline -0 -23"><span class='ocrx_word' id='word_1_240' title='bbox 404 2558 539 2627; x_wconf 85' lang='lat' dir='ltr'>gno</span> <span class='ocrx_word' id='word_1_241' title='bbox 575 2537 783 2605; x_wconf 90' lang='lat' dir='ltr'>Paulo</span> <span class='ocrx_word' id='word_1_242' title='bbox 834 2537 978 2624; x_wconf 89' lang='lat' dir='ltr'>ipse</span> <span class='ocrx_word' id='word_1_243' title='bbox 1025 2557 1298 2623; x_wconf 89' lang='lat' dir='ltr'>quoque</span> <span class='ocrx_word' id='word_1_244' title='bbox 1350 2535 1596 2620; x_wconf 89' lang='lat' dir='ltr'>clam0,</span> <span class='ocrx_word' id='word_1_245' title='bbox 1648 2538 1817 2606; x_wconf 75' lang='lat' dir='ltr'>Mihi</span> <span class='ocrx_word' id='word_1_246' title='bbox 1866 2539 2088 2606; x_wconf 83' lang='lat' dir='ltr'>vivere</span> <span class='ocrx_word' id='word_1_247' title='bbox 2145 2537 2455 2609; x_wconf 69' lang='lat' dir='ltr'>Chr-istm</span> <span class='ocrx_word' id='word_1_248' title='bbox 2505 2548 2623 2618; x_wconf 78' lang='lat' dir='ltr'>est,</span> <span class='ocrx_word' id='word_1_249' title='bbox 2682 2556 2743 2604; x_wconf 83' lang='lat' dir='ltr'>ao</span> <span class='ocrx_word' id='word_1_250' title='bbox 2781 2548 2868 2619; x_wconf 79' lang='lat' dir='ltr'>pro</span> 
     </span>
     <span class='ocr_line' id='line_1_27' title="bbox 404 2619 2868 2714; baseline -0.002 -23"><span class='ocrx_word' id='word_1_251' title='bbox 404 2624 790 2694; x_wconf 88' lang='lat' dir='ltr'>veneranda</span> <span class='ocrx_word' id='word_1_252' title='bbox 851 2625 1069 2714; x_wconf 89' lang='lat' dir='ltr'>ipsius</span> <span class='ocrx_word' id='word_1_253' title='bbox 1103 2624 1403 2714; x_wconf 85' lang='lat' dir='ltr'>imagine</span> <span class='ocrx_word' id='word_1_254' title='bbox 1456 2625 1653 2706; x_wconf 90' lang='lat' dir='ltr'>mori,</span> <span class='ocrx_word' id='word_1_255' title='bbox 1699 2629 1985 2694; x_wconf 81' lang='lat' dir='ltr'>luc-rum.</span> <span class='ocrx_word' id='word_1_256' title='bbox 2038 2625 2373 2708; x_wconf 87' lang='lat' dir='ltr'>Quocirca</span> <span class='ocrx_word' id='word_1_257' title='bbox 2410 2639 2482 2696; x_wconf 86' lang='lat' dir='ltr'>et</span> <span class='ocrx_word' id='word_1_258' title='bbox 2530 2623 2721 2698; x_wconf 83' lang='lat' dir='ltr'>semel</span> <span class='ocrx_word' id='word_1_259' title='bbox 2768 2619 2868 2708; x_wconf 79' lang='lat' dir='ltr'>jam</span> 
     </span>
     <span class='ocr_line' id='line_1_28' title="bbox 403 2712 2867 2803; baseline -0 -22"><span class='ocrx_word' id='word_1_260' title='bbox 403 2712 568 2794; x_wconf 85' lang='lat' dir='ltr'>dixi,</span> <span class='ocrx_word' id='word_1_261' title='bbox 612 2727 677 2784; x_wconf 90' lang='lat' dir='ltr'>et</span> <span class='ocrx_word' id='word_1_262' title='bbox 723 2734 967 2783; x_wconf 87' lang='lat' dir='ltr'>rursus</span> <span class='ocrx_word' id='word_1_263' title='bbox 1001 2713 1252 2782; x_wconf 90' lang='lat' dir='ltr'>dicam.</span> <span class='ocrx_word' id='word_1_264' title='bbox 1301 2713 1368 2782; x_wconf 84' lang='lat' dir='ltr'>si</span> <span class='ocrx_word' id='word_1_265' title='bbox 1404 2714 1681 2782; x_wconf 86' lang='lat' dir='ltr'>hemina</span> <span class='ocrx_word' id='word_1_266' title='bbox 1737 2713 1908 2782; x_wconf 89' lang='lat' dir='ltr'>mihi</span> <span class='ocrx_word' id='word_1_267' title='bbox 1950 2713 2311 2803; x_wconf 88' lang='lat' dir='ltr'>sanguinis</span> <span class='ocrx_word' id='word_1_268' title='bbox 2355 2727 2488 2795; x_wconf 88' lang='lat' dir='ltr'>est,</span> <span class='ocrx_word' id='word_1_269' title='bbox 2554 2736 2629 2783; x_wconf 87' lang='lat' dir='ltr'>ea</span> <span class='ocrx_word' id='word_1_270' title='bbox 2671 2724 2867 2799; x_wconf 67' lang='lat' dir='ltr'>quoque</span> 
     </span>
     <span class='ocr_line' id='line_1_29' title="bbox 404 2795 2868 2890; baseline -0.004 -19"><span class='ocrx_word' id='word_1_271' title='bbox 404 2824 528 2890; x_wconf 89' lang='lat' dir='ltr'>pro</span> <span class='ocrx_word' id='word_1_272' title='bbox 560 2802 822 2871; x_wconf 85' lang='lat' dir='ltr'>Christo</span> <span class='ocrx_word' id='word_1_273' title='bbox 861 2801 1213 2870; x_wconf 86' lang='lat' dir='ltr'>fundatur.</span> <span class='ocrx_word' id='word_1_274' title='bbox 1269 2805 1619 2871; x_wconf 84' lang='lat' dir='ltr'>Caeterum</span> <span class='ocrx_word' id='word_1_275' title='bbox 1661 2800 1882 2882; x_wconf 85' lang='lat' dir='ltr'>facite,</span> <span class='ocrx_word' id='word_1_276' title='bbox 1921 2815 1998 2871; x_wconf 93' lang='lat' dir='ltr'>ut</span> <span class='ocrx_word' id='word_1_277' title='bbox 2039 2802 2210 2871; x_wconf 86' lang='lat' dir='ltr'>mihi</span> <span class='ocrx_word' id='word_1_278' title='bbox 2243 2803 2530 2873; x_wconf 88' lang='lat' dir='ltr'>concilii</span> <span class='ocrx_word' id='word_1_279' title='bbox 2582 2800 2754 2870; x_wconf 85' lang='lat' dir='ltr'>vestri</span> <span class='ocrx_word' id='word_1_280' title='bbox 2792 2795 2868 2862; x_wconf 78' lang='lat' dir='ltr'>de·</span> 
     </span>
     <span class='ocr_line' id='line_1_30' title="bbox 404 2879 2865 2979; baseline -0.003 -20"><span class='ocrx_word' id='word_1_281' title='bbox 404 2902 664 2959; x_wconf 89' lang='lat' dir='ltr'>cretum</span> <span class='ocrx_word' id='word_1_282' title='bbox 718 2890 1056 2970; x_wconf 86' lang='lat' dir='ltr'>recitetur,</span> <span class='ocrx_word' id='word_1_283' title='bbox 1095 2912 1233 2977; x_wconf 91' lang='lat' dir='ltr'>quo</span> <span class='ocrx_word' id='word_1_284' title='bbox 1281 2889 1685 2979; x_wconf 84' lang='lat' dir='ltr'>intelligam,</span> <span class='ocrx_word' id='word_1_285' title='bbox 1727 2891 1987 2976; x_wconf 90' lang='lat' dir='ltr'>quibus</span> <span class='ocrx_word' id='word_1_286' title='bbox 2044 2890 2315 2960; x_wconf 89' lang='lat' dir='ltr'>tandem</span> <span class='ocrx_word' id='word_1_287' title='bbox 2370 2891 2744 2961; x_wconf 88' lang='lat' dir='ltr'>rationibus</span> <span class='ocrx_word' id='word_1_288' title='bbox 2798 2879 2865 2952; x_wconf 82' lang='lat' dir='ltr'>ad·</span> 
     </span>
     <span class='ocr_line' id='line_1_31' title="bbox 404 2977 2711 3069; baseline -0.002 -22"><span class='ocrx_word' id='word_1_289' title='bbox 404 2978 619 3057; x_wconf 91' lang='lat' dir='ltr'>ducti,</span> <span class='ocrx_word' id='word_1_290' title='bbox 662 2977 1038 3047; x_wconf 88' lang='lat' dir='ltr'>diruendas</span> <span class='ocrx_word' id='word_1_291' title='bbox 1075 3001 1155 3048; x_wconf 90' lang='lat' dir='ltr'>ac</span> <span class='ocrx_word' id='word_1_292' title='bbox 1203 2977 1530 3047; x_wconf 88' lang='lat' dir='ltr'>delendas</span> <span class='ocrx_word' id='word_1_293' title='bbox 1563 2978 1834 3048; x_wconf 88' lang='lat' dir='ltr'>divinas</span> <span class='ocrx_word' id='word_1_294' title='bbox 1867 2980 2213 3069; x_wconf 83' lang='lat' dir='ltr'>Imagines</span> <span class='ocrx_word' id='word_1_295' title='bbox 2242 2980 2637 3050; x_wconf 87' lang='lat' dir='ltr'>censuistis.</span> <span class='ocrx_word' id='word_1_296' title='bbox 2679 3001 2711 3043; x_wconf 82' lang='lat'><strong>»</strong></span> 
     </span>
     <span class='ocr_line' id='line_1_32' title="bbox 408 3061 2864 3166; baseline -0.006 -27"><span class='ocrx_word' id='word_1_297' title='bbox 408 3154 419 3166; x_wconf 34' lang='lat'>⁸</span> <span class='ocrx_word' id='word_1_298' title='bbox 489 3069 526 3154; x_wconf 66' lang='grc' dir='ltr'>ξ</span> <span class='ocrx_word' id='word_1_299' title='bbox 558 3071 730 3139; x_wconf 73' lang='lat'>8⁰.</span> <span class='ocrx_word' id='word_1_300' title='bbox 772 3067 1083 3137; x_wconf 84' lang='lat' dir='ltr'>Protinus</span> <span class='ocrx_word' id='word_1_301' title='bbox 1116 3066 1328 3156; x_wconf 88' lang='lat' dir='ltr'>igitur</span> <span class='ocrx_word' id='word_1_302' title='bbox 1360 3068 1845 3138; x_wconf 88' lang='lat' dir='ltr'>Constantinus</span> <span class='ocrx_word' id='word_1_303' title='bbox 1877 3068 2187 3138; x_wconf 87' lang='lat' dir='ltr'>Nacoliae</span> <span class='ocrx_word' id='word_1_304' title='bbox 2214 3068 2597 3160; x_wconf 89' lang='lat' dir='ltr'>Episcopus</span> <span class='ocrx_word' id='word_1_305' title='bbox 2628 3061 2864 3135; x_wconf 81' lang='lat' dir='ltr'>libellum</span> 
     </span>
     <span class='ocr_line' id='line_1_33' title="bbox 403 3154 2864 3247; baseline -0.002 -24"><span class='ocrx_word' id='word_1_306' title='bbox 403 3154 599 3224; x_wconf 80' lang='lat' dir='ltr'>illum</span> <span class='ocrx_word' id='word_1_307' title='bbox 653 3154 1080 3226; x_wconf 88' lang='lat' dir='ltr'>recitandum</span> <span class='ocrx_word' id='word_1_308' title='bbox 1113 3154 1437 3245; x_wconf 88' lang='lat' dir='ltr'>suscepit.</span> <span class='ocrx_word' id='word_1_309' title='bbox 1474 3160 1640 3225; x_wconf 92' lang='lat' dir='ltr'>Cum</span> <span class='ocrx_word' id='word_1_310' title='bbox 1673 3168 1899 3226; x_wconf 88' lang='lat' dir='ltr'>autem</span> <span class='ocrx_word' id='word_1_311' title='bbox 1935 3155 2131 3226; x_wconf 89' lang='lat' dir='ltr'>initio</span> <span class='ocrx_word' id='word_1_312' title='bbox 2158 3157 2254 3225; x_wconf 92' lang='lat' dir='ltr'>sic</span> <span class='ocrx_word' id='word_1_313' title='bbox 2288 3156 2591 3247; x_wconf 85' lang='lat' dir='ltr'>legisset:</span> <span class='ocrx_word' id='word_1_314' title='bbox 2622 3160 2864 3223; x_wconf 71' lang='lat' dir='ltr'>«Decreta</span> 
     </span>
     <span class='ocr_line' id='line_1_34' title="bbox 403 3243 2866 3331; baseline -0.003 -18"><span class='ocrx_word' id='word_1_315' title='bbox 403 3244 619 3313; x_wconf 88' lang='lat' dir='ltr'>sancti</span> <span class='ocrx_word' id='word_1_316' title='bbox 668 3256 733 3312; x_wconf 89' lang='lat' dir='ltr'>et</span> <span class='ocrx_word' id='word_1_317' title='bbox 762 3243 1184 3313; x_wconf 89' lang='lat' dir='ltr'>oecumenici</span> <span class='ocrx_word' id='word_1_318' title='bbox 1233 3243 1507 3331; x_wconf 90' lang='lat' dir='ltr'>septimi</span> <span class='ocrx_word' id='word_1_319' title='bbox 1555 3244 1855 3326; x_wconf 90' lang='lat' dir='ltr'>concilii;</span> <span class='ocrx_word' id='word_1_320' title='bbox 1891 3268 1925 3311; x_wconf 85' lang='lat'><strong>»</strong></span> <span class='ocrx_word' id='word_1_321' title='bbox 1969 3249 2258 3314; x_wconf 89' lang='lat' dir='ltr'>Sanctus</span> <span class='ocrx_word' id='word_1_322' title='bbox 2291 3246 2395 3314; x_wconf 87' lang='lat' dir='ltr'>vir</span> <span class='ocrx_word' id='word_1_323' title='bbox 2424 3245 2688 3316; x_wconf 87' lang='lat' dir='ltr'>silentio</span> <span class='ocrx_word' id='word_1_324' title='bbox 2715 3255 2866 3310; x_wconf 89' lang='lat' dir='ltr'>manu</span> 
     </span>
     <span class='ocr_line' id='line_1_35' title="bbox 403 3331 2863 3422; baseline -0.001 -22"><span class='ocrx_word' id='word_1_325' title='bbox 403 3332 811 3422; x_wconf 82' lang='lat' dir='ltr'>significato:</span> <span class='ocrx_word' id='word_1_326' title='bbox 848 3355 886 3399; x_wconf 86' lang='lat'>«</span> <span class='ocrx_word' id='word_1_327' title='bbox 922 3335 971 3402; x_wconf 94' lang='grc' dir='ltr'><strong>Ο</strong></span> <span class='ocrx_word' id='word_1_328' title='bbox 1012 3331 1363 3422; x_wconf 83' lang='lat' dir='ltr'>singulare</span> <span class='ocrx_word' id='word_1_329' title='bbox 1405 3332 1881 3402; x_wconf 75' lang='lat' dir='ltr'>mendacium!</span> <span class='ocrx_word' id='word_1_330' title='bbox 1928 3333 1996 3401; x_wconf 93' lang='lat' dir='ltr'>in</span> <span class='ocrx_word' id='word_1_331' title='bbox 2049 3334 2172 3403; x_wconf 92' lang='lat' dir='ltr'>uit.</span> <span class='ocrx_word' id='word_1_332' title='bbox 2229 3334 2519 3403; x_wconf 85' lang='lat' dir='ltr'>Infirmo</span> <span class='ocrx_word' id='word_1_333' title='bbox 2550 3332 2773 3402; x_wconf 87' lang='lat' dir='ltr'>etenim</span> <span class='ocrx_word' id='word_1_334' title='bbox 2815 3344 2863 3390; x_wconf 68' lang='lat' dir='ltr'>ac</span> 
     </span>
     <span class='ocr_line' id='line_1_36' title="bbox 401 3420 2862 3511; baseline -0.004 -21"><span class='ocrx_word' id='word_1_335' title='bbox 401 3421 663 3491; x_wconf 89' lang='lat' dir='ltr'>caduco</span> <span class='ocrx_word' id='word_1_336' title='bbox 710 3421 1155 3490; x_wconf 83' lang='lat' dir='ltr'>fundamento</span> <span class='ocrx_word' id='word_1_337' title='bbox 1201 3421 1542 3490; x_wconf 88' lang='lat' dir='ltr'>caducum</span> <span class='ocrx_word' id='word_1_338' title='bbox 1576 3443 1851 3508; x_wconf 91' lang='lat' dir='ltr'>quoque</span> <span class='ocrx_word' id='word_1_339' title='bbox 1886 3444 2006 3511; x_wconf 91' lang='lat' dir='ltr'>pro</span> <span class='ocrx_word' id='word_1_340' title='bbox 2037 3433 2181 3492; x_wconf 91' lang='lat' dir='ltr'>ecto</span> <span class='ocrx_word' id='word_1_341' title='bbox 2219 3435 2285 3493; x_wconf 88' lang='lat' dir='ltr'>et</span> <span class='ocrx_word' id='word_1_342' title='bbox 2337 3420 2747 3494; x_wconf 90' lang='lat' dir='ltr'>imbecillum</span> <span class='ocrx_word' id='word_1_343' title='bbox 2787 3433 2862 3506; x_wconf 59' lang='lat' dir='ltr'>ae</span> 
     </span>
     <span class='ocr_line' id='line_1_37' title="bbox 404 3506 2860 3599; baseline -0.005 -22"><span class='ocrx_word' id='word_1_344' title='bbox 404 3509 713 3580; x_wconf 85' lang='lat' dir='ltr'>dificium</span> <span class='ocrx_word' id='word_1_345' title='bbox 788 3509 1239 3599; x_wconf 90' lang='lat' dir='ltr'>imposuistis.</span> <span class='ocrx_word' id='word_1_346' title='bbox 1305 3514 1617 3591; x_wconf 86' lang='lat' dir='ltr'>Quonam</span> <span class='ocrx_word' id='word_1_347' title='bbox 1672 3511 1856 3579; x_wconf 89' lang='lat' dir='ltr'>enim</span> <span class='ocrx_word' id='word_1_348' title='bbox 1930 3511 2133 3580; x_wconf 90' lang='lat' dir='ltr'>modo</span> <span class='ocrx_word' id='word_1_349' title='bbox 2188 3523 2503 3581; x_wconf 86' lang='lat' dir='ltr'>sanctum</span> <span class='ocrx_word' id='word_1_350' title='bbox 2558 3506 2860 3579; x_wconf 80' lang='lat' dir='ltr'>existiman</span> 
     </span>
     <span class='ocr_line' id='line_1_38' title="bbox 400 3593 2857 3688; baseline -0.002 -19"><span class='ocrx_word' id='word_1_351' title='bbox 400 3611 628 3686; x_wconf 88' lang='lat' dir='ltr'>queat,</span> <span class='ocrx_word' id='word_1_352' title='bbox 671 3596 854 3685; x_wconf 90' lang='lat' dir='ltr'>quod</span> <span class='ocrx_word' id='word_1_353' title='bbox 895 3609 1131 3668; x_wconf 89' lang='lat' dir='ltr'>sancta</span> <span class='ocrx_word' id='word_1_354' title='bbox 1185 3598 1544 3688; x_wconf 85' lang='lat' dir='ltr'>profanare</span> <span class='ocrx_word' id='word_1_355' title='bbox 1598 3598 1882 3668; x_wconf 89' lang='lat' dir='ltr'>minime</span> <span class='ocrx_word' id='word_1_356' title='bbox 1939 3598 2319 3671; x_wconf 73' lang='lat' dir='ltr'>dubitavit?</span> <span class='ocrx_word' id='word_1_357' title='bbox 2357 3598 2533 3682; x_wconf 89' lang='lat' dir='ltr'>Quid</span> <span class='ocrx_word' id='word_1_358' title='bbox 2566 3593 2857 3666; x_wconf 64' lang='lat' dir='ltr'>enimssn</span> 
     </span>
     <span class='ocr_line' id='line_1_39' title="bbox 405 3685 2858 3776; baseline -0.002 -22"><span class='ocrx_word' id='word_1_359' title='bbox 405 3709 539 3756; x_wconf 90' lang='lat' dir='ltr'>non</span> <span class='ocrx_word' id='word_1_360' title='bbox 591 3700 823 3758; x_wconf 89' lang='lat' dir='ltr'>sancta</span> <span class='ocrx_word' id='word_1_361' title='bbox 856 3709 896 3756; x_wconf 91' lang='lat' dir='ltr'>a</span> <span class='ocrx_word' id='word_1_362' title='bbox 934 3686 1124 3756; x_wconf 89' lang='lat' dir='ltr'>vobis</span> <span class='ocrx_word' id='word_1_363' title='bbox 1164 3685 1443 3776; x_wconf 86' lang='lat' dir='ltr'>protrita</span> <span class='ocrx_word' id='word_1_364' title='bbox 1472 3699 1633 3757; x_wconf 90' lang='lat' dir='ltr'>sunt</span> <span class='ocrx_word' id='word_1_365' title='bbox 1660 3690 1690 3755; x_wconf 67' lang='grc' dir='ltr'>*Γ</span> <span class='ocrx_word' id='word_1_366' title='bbox 1718 3692 1814 3757; x_wconf 83' lang='lat' dir='ltr'>An</span> <span class='ocrx_word' id='word_1_367' title='bbox 1851 3708 2011 3769; x_wconf 92' lang='lat' dir='ltr'>non,</span> <span class='ocrx_word' id='word_1_368' title='bbox 2050 3709 2208 3758; x_wconf 83' lang='lat' dir='ltr'>curn</span> <span class='ocrx_word' id='word_1_369' title='bbox 2241 3689 2320 3774; x_wconf 60' lang='lat' dir='ltr'>fin</span> <span class='ocrx_word' id='word_1_370' title='bbox 2374 3686 2659 3756; x_wconf 89' lang='lat' dir='ltr'>concilio</span> <span class='ocrx_word' id='word_1_371' title='bbox 2700 3689 2858 3769; x_wconf 62' lang='lat' dir='ltr'>vestm</span> 
     </span>
     <span class='ocr_line' id='line_1_40' title="bbox 401 3774 2857 3865; baseline -0.002 -21"><span class='ocrx_word' id='word_1_372' title='bbox 401 3774 751 3856; x_wconf 87' lang='lat' dir='ltr'>sederetis,</span> <span class='ocrx_word' id='word_1_373' title='bbox 805 3774 1083 3857; x_wconf 87' lang='lat' dir='ltr'>libellus</span> <span class='ocrx_word' id='word_1_374' title='bbox 1129 3774 1321 3845; x_wconf 89' lang='lat' dir='ltr'>vobis</span> <span class='ocrx_word' id='word_1_375' title='bbox 1368 3796 1402 3842; x_wconf 90' lang='lat' dir='ltr'>a</span> <span class='ocrx_word' id='word_1_376' title='bbox 1457 3774 1590 3865; x_wconf 90' lang='lat' dir='ltr'>piis</span> <span class='ocrx_word' id='word_1_377' title='bbox 1637 3775 2053 3862; x_wconf 89' lang='lat' dir='ltr'>quibusdam</span> <span class='ocrx_word' id='word_1_378' title='bbox 2104 3775 2269 3847; x_wconf 90' lang='lat' dir='ltr'>viris</span> <span class='ocrx_word' id='word_1_379' title='bbox 2313 3776 2583 3847; x_wconf 84' lang='lat' dir='ltr'>oblatus</span> <span class='ocrx_word' id='word_1_380' title='bbox 2625 3783 2732 3850; x_wconf 87' lang='lat' dir='ltr'>est,</span> <span class='ocrx_word' id='word_1_381' title='bbox 2775 3783 2857 3850; x_wconf 79' lang='lat' dir='ltr'>qul</span> 
     </span>
     <span class='ocr_line' id='line_1_41' title="bbox 401 3863 2854 3953; baseline -0.002 -20"><span class='ocrx_word' id='word_1_382' title='bbox 401 3864 815 3953; x_wconf 89' lang='lat' dir='ltr'>Episcopum</span> <span class='ocrx_word' id='word_1_383' title='bbox 850 3864 1196 3951; x_wconf 89' lang='lat' dir='ltr'>quendam</span> <span class='ocrx_word' id='word_1_384' title='bbox 1233 3885 1309 3933; x_wconf 90' lang='lat' dir='ltr'>eo</span> <span class='ocrx_word' id='word_1_385' title='bbox 1344 3864 1621 3932; x_wconf 90' lang='lat' dir='ltr'>nomine</span> <span class='ocrx_word' id='word_1_386' title='bbox 1669 3864 1978 3946; x_wconf 88' lang='lat' dir='ltr'>deferret,</span> <span class='ocrx_word' id='word_1_387' title='bbox 2031 3863 2212 3952; x_wconf 90' lang='lat' dir='ltr'>quod</span> <span class='ocrx_word' id='word_1_388' title='bbox 2264 3865 2528 3934; x_wconf 89' lang='lat' dir='ltr'>lancem</span> <span class='ocrx_word' id='word_1_389' title='bbox 2591 3868 2854 3949; x_wconf 63' lang='lat' dir='ltr'>sanctam,</span> 
     </span>
     <span class='ocr_line' id='line_1_42' title="bbox 400 3951 2854 4044; baseline -0.004 -24"><span class='ocrx_word' id='word_1_390' title='bbox 400 3953 470 4022; x_wconf 93' lang='lat' dir='ltr'>in</span> <span class='ocrx_word' id='word_1_391' title='bbox 506 3975 642 4039; x_wconf 90' lang='lat' dir='ltr'>qua</span> <span class='ocrx_word' id='word_1_392' title='bbox 673 3952 941 4032; x_wconf 87' lang='lat' dir='ltr'>Christi,</span> <span class='ocrx_word' id='word_1_393' title='bbox 987 3973 1065 4021; x_wconf 89' lang='lat' dir='ltr'>ac</span> <span class='ocrx_word' id='word_1_394' title='bbox 1116 3951 1227 4020; x_wconf 91' lang='lat' dir='ltr'>Dei</span> <span class='ocrx_word' id='word_1_395' title='bbox 1269 3952 1628 4021; x_wconf 83' lang='lat' dir='ltr'>Genitricis</span> <span class='ocrx_word' id='word_1_396' title='bbox 1670 3954 2012 4044; x_wconf 87' lang='lat' dir='ltr'>Imagines</span> <span class='ocrx_word' id='word_1_397' title='bbox 2064 3952 2371 4042; x_wconf 89' lang='lat' dir='ltr'>sculptae</span> <span class='ocrx_word' id='word_1_398' title='bbox 2403 3965 2611 4030; x_wconf 82' lang='lat' dir='ltr'>erant,</span> <span class='ocrx_word' id='word_1_399' title='bbox 2666 3952 2854 4035; x_wconf 77' lang='lat' dir='ltr'>contn-</span> 
     </span>
     <span class='ocr_line' id='line_1_43' title="bbox 402 4033 2853 4132; baseline -0.002 -25"><span class='ocrx_word' id='word_1_400' title='bbox 402 4042 659 4112; x_wconf 74' lang='lat' dir='ltr'>visset‘?</span> <span class='ocrx_word' id='word_1_401' title='bbox 690 4046 817 4112; x_wconf 89' lang='lat' dir='ltr'>Vos</span> <span class='ocrx_word' id='word_1_402' title='bbox 871 4052 1095 4110; x_wconf 86' lang='lat' dir='ltr'>autem</span> <span class='ocrx_word' id='word_1_403' title='bbox 1160 4040 1588 4109; x_wconf 84' lang='lat' dir='ltr'>contritionis</span> <span class='ocrx_word' id='word_1_404' title='bbox 1635 4041 1826 4111; x_wconf 92' lang='lat' dir='ltr'>illius</span> <span class='ocrx_word' id='word_1_405' title='bbox 1884 4043 2142 4111; x_wconf 87' lang='lat' dir='ltr'>crimen</span> <span class='ocrx_word' id='word_1_406' title='bbox 2195 4042 2616 4132; x_wconf 84' lang='lat' dir='ltr'>Imaginibus</span> <span class='ocrx_word' id='word_1_407' title='bbox 2656 4033 2853 4131; x_wconf 69' lang='lat' dir='ltr'>adseri·</span> 
     </span>
     <span class='ocr_line' id='line_1_44' title="bbox 399 4128 2848 4219; baseline -0.002 -19"><span class='ocrx_word' id='word_1_408' title='bbox 399 4131 659 4210; x_wconf 79' lang='lat' dir='ltr'>benteS‚</span> <span class='ocrx_word' id='word_1_409' title='bbox 700 4130 927 4218; x_wconf 89' lang='lat' dir='ltr'>ipsum</span> <span class='ocrx_word' id='word_1_410' title='bbox 978 4128 1259 4216; x_wconf 87' lang='lat' dir='ltr'>quidem</span> <span class='ocrx_word' id='word_1_411' title='bbox 1309 4130 1498 4197; x_wconf 89' lang='lat' dir='ltr'>omni</span> <span class='ocrx_word' id='word_1_412' title='bbox 1547 4129 1837 4199; x_wconf 86' lang='lat' dir='ltr'>crimine</span> <span class='ocrx_word' id='word_1_413' title='bbox 1884 4129 2214 4210; x_wconf 88' lang='lat' dir='ltr'>solvistis,</span> <span class='ocrx_word' id='word_1_414' title='bbox 2262 4132 2413 4219; x_wconf 86' lang='lat' dir='ltr'>pios</span> <span class='ocrx_word' id='word_1_415' title='bbox 2458 4141 2668 4199; x_wconf 88' lang='lat' dir='ltr'>autem</span> <span class='ocrx_word' id='word_1_416' title='bbox 2722 4134 2848 4187; x_wconf 72' lang='lat' dir='ltr'>vlr⁰5</span> 
     </span>
     <span class='ocr_line' id='line_1_45' title="bbox 400 4200 2845 4307; baseline 0 -21"><span class='ocrx_word' id='word_1_417' title='bbox 400 4219 486 4287; x_wconf 92' lang='lat' dir='ltr'>ab</span> <span class='ocrx_word' id='word_1_418' title='bbox 534 4218 872 4287; x_wconf 88' lang='lat' dir='ltr'>Ecclesiae</span> <span class='ocrx_word' id='word_1_419' title='bbox 903 4231 1102 4287; x_wconf 90' lang='lat' dir='ltr'>coetu</span> <span class='ocrx_word' id='word_1_420' title='bbox 1149 4216 1694 4307; x_wconf 81' lang='lat' dir='ltr'>proscripsistiS,</span> <span class='ocrx_word' id='word_1_421' title='bbox 1752 4217 2090 4288; x_wconf 89' lang='lat' dir='ltr'>idolorum</span> <span class='ocrx_word' id='word_1_422' title='bbox 2154 4219 2456 4289; x_wconf 86' lang='lat' dir='ltr'>vindices</span> <span class='ocrx_word' id='word_1_423' title='bbox 2513 4238 2620 4286; x_wconf 91' lang='lat' dir='ltr'>eos</span> <span class='ocrx_word' id='word_1_424' title='bbox 2676 4200 2845 4300; x_wconf 68' lang='lat' dir='ltr'>appel·</span> 
     </span>
     <span class='ocr_line' id='line_1_46' title="bbox 402 4304 2842 4399; baseline -0.002 -27"><span class='ocrx_word' id='word_1_425' title='bbox 402 4304 644 4374; x_wconf 86' lang='lat' dir='ltr'>lantes.</span> <span class='ocrx_word' id='word_1_426' title='bbox 697 4311 840 4388; x_wconf 90' lang='lat' dir='ltr'>Quo</span> <span class='ocrx_word' id='word_1_427' title='bbox 894 4306 1059 4393; x_wconf 87' lang='lat' dir='ltr'>quid</span> <span class='ocrx_word' id='word_1_428' title='bbox 1109 4304 1443 4375; x_wconf 89' lang='lat' dir='ltr'>audacius</span> <span class='ocrx_word' id='word_1_429' title='bbox 1493 4307 2035 4395; x_wconf 87' lang='lat' dir='ltr'>flagitiosiusque</span> <span class='ocrx_word' id='word_1_430' title='bbox 2090 4307 2261 4398; x_wconf 84' lang='lat' dir='ltr'>fingi</span> <span class='ocrx_word' id='word_1_431' title='bbox 2330 4307 2579 4399; x_wconf 79' lang='lat' dir='ltr'>possit?</span> <span class='ocrx_word' id='word_1_432' title='bbox 2619 4307 2698 4372; x_wconf 75' lang='lat' dir='ltr'>An</span> <span class='ocrx_word' id='word_1_433' title='bbox 2749 4309 2842 4363; x_wconf 78' lang='lat' dir='ltr'>non</span> 
     </span>
    </p>
   </div>
   <div class='ocr_carea' id='block_1_3' title="bbox 452 4428 1330 4480">
    <p class='ocr_par' dir='ltr' id='par_1_3' title="bbox 452 4428 1330 4480">
     <span class='ocr_line' id='line_1_47' title="bbox 452 4428 1330 4480; baseline 0.003 -10"><span class='ocrx_word' id='word_1_434' title='bbox 452 4429 478 4456; x_wconf 79' lang='lat'>¹⁸¹</span> <span class='ocrx_word' id='word_1_435' title='bbox 506 4429 550 4470; x_wconf 82' lang='grc'>8.</span> <span class='ocrx_word' id='word_1_436' title='bbox 572 4428 792 4478; x_wconf 68' lang='lat' dir='ltr'>Basilius.</span> <span class='ocrx_word' id='word_1_437' title='bbox 810 4428 858 4471; x_wconf 85' lang='lat' dir='ltr'>in</span> <span class='ocrx_word' id='word_1_438' title='bbox 877 4432 1011 4473; x_wconf 85' lang='lat' dir='ltr'>Hom.</span> <span class='ocrx_word' id='word_1_439' title='bbox 1033 4433 1055 4473; x_wconf 87' lang='lat'><em>1</em></span> <span class='ocrx_word' id='word_1_440' title='bbox 1074 4433 1125 4472; x_wconf 74' lang='lat' dir='ltr'>tle</span> <span class='ocrx_word' id='word_1_441' title='bbox 1142 4431 1330 4480; x_wconf 63' lang='lat' dir='ltr'>quunio.</span> 
     </span>
    </p>
   </div>
   <div class='ocr_carea' id='block_1_4' title="bbox 2940 108 2945 1466">
    <p class='ocr_par' dir='ltr' id='par_1_4' title="bbox 2940 108 2945 1466">
     <span class='ocr_line' id='line_1_48' title="bbox 2940 108 2945 1466; baseline 0 0"><span class='ocrx_word' id='word_1_442' title='bbox 2940 108 2945 1466; x_wconf 95' lang='lat' dir='ltr'> </span> 
     </span>
    </p>
   </div>
   <div class='ocr_carea' id='block_1_5' title="bbox 2936 1773 2947 4690">
    <p class='ocr_par' dir='ltr' id='par_1_5' title="bbox 2936 1773 2947 4690">
     <span class='ocr_line' id='line_1_49' title="bbox 2936 1773 2947 4690; baseline 0 0"><span class='ocrx_word' id='word_1_443' title='bbox 2936 1773 2947 4690; x_wconf 95' lang='lat' dir='ltr'> </span> 
     </span>
    </p>
   </div>
  </div>
 </body>
</html>
