2993 4837
21 251 183 318 tov.
246 251 341 314 30
905 268 983 314 nn
1030 268 1087 314 s.
1142 267 1393 315 Annam
1438 260 1755 315 Arosroto
2387 256 2515 321 745

22 354 338 433 ›essima‚
398 363 475 421 et
531 351 824 422 inimica
872 353 1184 422 humano
1232 353 1503 442 generi;
1564 374 1742 439 quae
1791 354 1919 422 hoc
1967 353 2211 424 docent
2258 355 2602 440 homines,

20 442 181 511 inde
218 441 655 511 offendatur
702 446 902 521 DeUS‚
960 454 1036 511 ut
1086 441 1252 510 dum
1304 441 1609 512 offensus
1656 442 1886 521 fuerit,
1941 456 2307 525 avertatur,
2355 459 2420 515 et
2469 468 2606 516 non

21 531 372 611 exaudiam
424 542 500 599 et
555 552 722 599 cum
770 552 1052 601 aversus
1092 529 1321 610 fuerit,
1375 543 1439 600 et
1488 553 1621 600 non
1676 530 2077 610 exaudierit,
2135 532 2522 604 habeantur
2571 559 2610 605 a

20 620 283 690 liabolo
328 619 479 709 ipsi
516 619 799 708 captivi,
853 633 918 688 et
968 617 1231 687 tamdiu
1280 641 1395 687 eos
1444 618 1750 700 deludat,
1807 621 2146 706 quamdiu
2195 622 2280 691 de
2325 646 2613 713 corpore

21 723 245 778 :xeant
282 710 394 778 rei
439 720 514 776 et
574 707 767 788 nudi,
815 706 985 776 nihil
1040 729 1274 777 secum
1316 721 1582 796 praeter
1631 722 1910 798 peccata
1961 722 2332 799 portantes.
2382 735 2420 778 »

81 801 119 884 ἓ
168 803 269 870 3.
329 803 614 888 Aegeas
655 796 866 865 dixit:
924 819 960 863 «
994 800 1132 864 Ista
1167 796 1642 883 superstitiosa
1692 810 1756 866 et
1796 820 1972 866 vana
2006 798 2209 867 verba
2255 806 2458 870 Jesus
2491 822 2608 869 ve-

21 900 137 955 ster
176 886 365 956 dum
423 885 892 975 praedicaret,
945 884 1193 954 Judaei
1243 883 1440 953 illum
1493 886 1722 957 crucis
1780 885 2090 975 patibulo
2151 886 2536 958 affixerunt.
2571 912 2608 956 »

21 976 317 1045 tndreas
355 974 738 1063 respondit
768 998 805 1057 :-
838 997 875 1039 «
906 976 956 1043 O
1001 974 1060 1043 si
1110 972 1313 1042 velles
1371 973 1548 1042 scire
1609 976 2013 1075 mysterium
2055 975 2290 1044 Crucis
2328 1030 2342 1056 ,
2395 999 2606 1064 quam

22 1063 422 1133 :ationabili
479 1063 823 1133 charitate
872 1075 1113 1132 auctor
1145 1062 1435 1131 humani
1466 1085 1738 1153 generis
1775 1086 1897 1152 pro
1937 1065 2434 1134 restauratione
2482 1087 2609 1135 no-

21 1168 147 1221 stra
192 1154 334 1223 hoc
397 1152 655 1222 Crucis
716 1150 1105 1241 patibulum
1165 1173 1301 1219 non
1372 1151 1671 1234 invituS,
1727 1151 1841 1220 sed
1894 1165 2137 1242 sponte
2197 1154 2526 1243 suscepit.
2567 1166 2607 1222 »³

21 1247 262 1329 Aegeas
300 1241 492 1311 dixit
524 1266 540 1305 ε
577 1264 611 1306 «
639 1244 804 1309 Cum
844 1240 1135 1308 traditus
1162 1252 1509 1309 asseratur
1539 1263 1579 1309 a
1604 1262 1729 1310 suo
1757 1239 2125 1330 discipulo,
2162 1254 2227 1310 et
2257 1265 2295 1311 a
2326 1242 2606 1312 ludaeis

21 1344 265 1412 tentus,
322 1344 395 1399 et
450 1328 770 1399 Praesidi
805 1328 1170 1409 adductuS‚
1217 1342 1282 1398 et
1313 1327 1399 1397 ad
1481 1329 1827 1399 etitionem
1878 1329 2296 1400 ludaeorum
2349 1354 2387 1400 a
2420 1331 2605 1399 mili-

22 1419 201 1487 tibus
248 1417 623 1489 Praesidis
671 1417 1045 1486 crucifixus
1079 1472 1093 1498 ,
1159 1439 1414 1503 quomo
1469 1440 1508 1486 o
1570 1431 1642 1487 tu
1689 1417 1863 1487 dicis
1928 1429 2086 1487 eum
2146 1432 2606 1509 spontaneum

22 1507 250 1576 Crucis
301 1507 629 1578 subiisse
670 1505 1115 1597 patibulum?
1143 1529 1177 1572 »
1231 1506 1534 1576 Andreas
1570 1506 1920 1607 respondit
1953 1530 1966 1575 :
2024 1531 2060 1573 «
2093 1507 2253 1578 Ideo
2291 1531 2416 1599 ego
2450 1508 2606 1579 dico

21 1609 522 1684 spontaneum,
581 1595 911 1683 quoniam
948 1594 1153 1663 simul
1193 1616 1352 1663 cum
1405 1595 1556 1684 ipso
1606 1594 1729 1677 sut,
1783 1618 1941 1665 cum
1993 1619 2034 1665 a
2082 1619 2207 1665 suo
2256 1597 2604 1688 discipulo

21 1684 460 1766 traderetur:
520 1696 592 1753 et
639 1697 1007 1771 antequam
1062 1682 1467 1765 traderetur,
1509 1683 1677 1753 dixit
1726 1684 1948 1766 nobiS,
2003 1685 2183 1772 quod
2232 1687 2606 1758 tradendus

22 1785 212 1851 esset,
252 1788 321 1843 et
354 1772 893 1862 crucifigendus
944 1792 1067 1860 pro
1117 1771 1337 1841 salute
1385 1772 1799 1854 hominum;
1853 1786 1918 1842 et
1966 1772 2077 1842 die
2127 1776 2321 1844 tertia
2380 1798 2602 1846 resur·

25 1876 372 1930 recturum
433 1884 513 1932 se
564 1883 715 1930 esse
768 1860 1125 1951 praedixit.
1180 1860 1301 1928 Cui
1351 1884 1510 1930 cum
1563 1861 1769 1931 frater
1809 1883 2005 1931 meus
2041 1868 2277 1934 Petrus
2310 1864 2600 1934 diceret:

31 1952 366 2040 Propitius
424 1961 571 2020 esto
621 1951 784 2032 tien,
838 1951 1114 2018 Domine
1145 2005 1159 2030 ,
1212 1972 1343 2018 non
1392 1952 1516 2039 fiat
1572 1952 1805 2030 iscud;
1857 1950 2308 2040 indignatuS,
2365 1953 2463 2023 sic
2513 1953 2608 2022 ait

34 2039 258 2107 Petro:
346 2041 530 2109 Vade
572 2050 766 2113 ‚retro
828 2049 1119 2107 satana:
1186 2040 1350 2128 quia
1420 2062 1548 2107 non
1614 2041 1797 2130 sapis
1863 2062 1944 2108 ea
2071 2063 2199 2109 uae
2265 2053 2419 2109 sunt
2483 2042 2613 2110 Dei

40 2126 291 2211 (natm.
331 2128 505 2216 ιη).
563 2132 642 2195 Et
689 2139 761 2196 ut
811 2126 1087 2215 plenius
1146 2149 1270 2196 nos
1314 2127 1704 2208 instrueret,
1760 2063 2107 2215 quomodo
2156 2142 2397 2218 sponte
2448 2151 2606 2219 pas-

49 2214 290 2285 sionem
345 2215 765 2305 susciperet,
820 2215 1090 2284 dicebat
1138 2213 1378 2283 nobis:
1434 2221 1830 2285 Potescatem
1871 2218 2076 2287 habeo
2117 2218 2415 2308 ponendi
2457 2220 2610 2287 ani-

50 2323 204 2372 vitam
243 2328 480 2374 meam
508 2359 525 2385 ‚
580 2314 641 2372 ec
695 2315 1085 2394 potestatem
1139 2304 1343 2372 habco
1394 2305 1638 2373 iterum
1685 2306 1996 2374 sumendi
2038 2329 2188 2375 eam
2239 2307 2464 2395 (Joan.
2509 2306 2601 2395 x).

49 2390 127 2459 Ad
174 2392 514 2463 ultimum
569 2391 737 2461 dum
789 2405 1105 2462 coenaret
1155 2391 1559 2476 nobiscum,
1613 2406 1678 2463 et
1735 2393 2033 2463 diceret:
2093 2401 2268 2465 Unus
2314 2405 2609 2465 vestrum

50 2501 136 2548 me
167 2484 560 2552 traditurus
594 2492 689 2551 esc
734 2482 1002 2570 (Jlatth.
1042 2486 1265 2565 xxv1);
1319 2496 1384 2551 et
1430 2481 1511 2550 ad
1569 2483 1766 2552 istam
1822 2505 2050 2552 vocem
2084 2506 2325 2553 omnes
2354 2485 2608 2554 contri-

50 2581 425 2640 staremur:
486 2593 572 2640 ne
605 2592 978 2659 suspensos
1006 2570 1323 2660 cogitatio
1359 2570 1754 2651 trucidaret,
1803 2573 1942 2640 ait:
1983 2574 2109 2643 Cui
2143 2574 2380 2642 dedero
2460 2575 2608 2642 anis

52 2659 504 2748 {raqmentum
541 2660 621 2728 de
668 2682 875 2728 manu
923 2682 1097 2739 mea,
1160 2662 1298 2750 ipse
1353 2670 1448 2728 est
1498 2660 1722 2749 (Joan.
1762 2659 1929 2748 xm).
1985 2666 2059 2729 Et
2099 2683 2256 2729 cum
2308 2661 2391 2730 de
2448 2662 2610 2733 isset

54 2749 162 2813 uni
209 2771 288 2818 ex
337 2747 851 2837 condiscipulis
902 2748 1177 2826 nostriS,
1233 2762 1298 2816 et
1331 2747 1564 2817 sutura
1610 2751 1813 2836 quasi
1853 2749 1997 2837 jam
2053 2751 2412 2838 praeterita
2448 2773 2609 2820 nar-

56 2848 248 2918 raret,
303 2837 548 2908 docuit
597 2857 668 2907 se
717 2836 1061 2906 voluntate
1125 2835 1337 2907 fuisse
1387 2836 1714 2907 traditum
1750 2892 1764 2918 ,
1818 2859 1977 2907 cum
2039 2859 2162 2906 nec
2213 2839 2609 2911 traditorem

58 2919 764 3026 fugiendoueseruit,
818 2938 883 2995 et
931 2926 999 2993 in
1052 2924 1223 3005 locO,
1278 2947 1410 3012 quo
1462 2925 1658 3002 illum
1710 2926 1968 2996 sciebat
2016 2939 2381 2998 venturum
2431 2951 2605 3012 esse,

60 3028 454 3096 permanstt.
500 3039 536 3082 »

138 3102 171 3185 ἓ
217 3109 300 3175 4.
355 3108 616 3196 Aegeas
678 3102 893 3172 dixit:
962 3125 998 3169 «
1044 3101 1247 3171 Miror
1297 3114 1359 3170 te
1409 3102 1816 3190 prudentem
1869 3103 2120 3186 virum,
2174 3104 2386 3174 istum
2438 3106 2610 3176 velle

62 3191 315 3272 sectari,
370 3215 581 3280 quem
614 3213 890 3280 quoquo
927 3204 1147 3281 pact0,
1184 3201 1302 3259 aut
1337 3203 1600 3279 sponte,
1640 3204 1759 3262 aut
1789 3192 2107 3274 invitum,
2146 3194 2345 3263 Cruci
2379 3207 2608 3263 tamen

64 3279 397 3349 confiteris
452 3281 833 3350 affixum.»
883 3279 1184 3349 Andreas
1236 3280 1632 3369 respondit:
1690 3305 1726 3346 «
1773 3285 1914 3350 Hoc
1963 3293 2065 3350 est
2098 3335 2113 3363 ‚
2166 3281 2349 3370 quod
2401 3283 2607 3351 etiam

66 3381 164 3431 me
207 3366 466 3440 dixisse
506 3371 648 3457 jam
703 3370 976 3438 retines.
1031 3373 1354 3458 Magnum
1406 3381 1508 3437 est
1550 3371 1954 3458 mysterium
1991 3371 2250 3441 Crucis.
2307 3370 2501 3454 Quod
2551 3371 2611 3440 si

69 3446 224 3521 forte
272 3458 572 3527 volueris
622 3458 884 3538 audire,
939 3469 1263 3526 retexam.
1303 3480 1339 3523 »
1389 3461 1641 3547 Aegeas
1688 3458 1900 3529 dixit:
1958 3482 1992 3526 «
2031 3460 2425 3548 Mysterium
2471 3483 2607 3530 non

70 3550 270 3623 potest
308 3545 472 3628 dici,
513 3546 631 3616 sed
668 3546 1114 3636 supplicium.
1146 3545 1509 3614 »Andreas
1549 3544 1762 3615 dixit:
1803 3551 2103 3636 «Ipsum
2149 3549 2603 3639 supplicium,

71 3634 463 3713 mysterium
516 3634 1031 3706 restaurationis
1082 3635 1452 3715 humanae,
1507 3634 1564 3702 si
1618 3635 1947 3723 patienter
1976 3636 2243 3719 audias,
2297 3659 2613 3728 compro-

77 3711 280 3812 babis.
319 3745 355 3788 »
403 3728 657 3814 Aegeas
705 3723 913 3793 dixit:
971 3746 1006 3789 «
1043 3728 1181 3813 Ego
1216 3723 1495 3809 quidem
1548 3724 1881 3812 patienter
1916 3737 1976 3793 te
2010 3727 2327 3795 audiam:
2384 3727 2503 3796 sed
2538 3739 2611 3797 tu

76 3819 127 3868 Sl
171 3826 281 3902 ‘me
341 3811 893 3903 obtemperanter
941 3834 1077 3882 non
1128 3810 1473 3892 audieriS,
1530 3812 1758 3901 ipsum
1802 3813 2039 3883 Crucis
2083 3815 2487 3904 mysterium
2542 3816 2613 3885 in

84 3897 137 3956 te
168 3914 308 3981 tpso
355 3902 672 3992 excipies.
711 3925 748 3968 »
798 3900 1099 3970 Andreas
1149 3900 1548 3990 respondit:
1604 3923 1640 3966 «
1678 3906 1816 3991 Ego
1851 3902 1909 3970 si
1943 3902 2175 3973 Crucis
2227 3902 2615 3993 patibulum

83 3995 599 4072 expavescerem,
655 3991 890 4060 Crucis
938 3989 1229 4080 gloriam
1281 4012 1415 4059 non
1470 3989 1967 4090 praedicarem.
2015 4015 2038 4054 »
2091 3993 2343 4092 Aegeas
2398 3992 2609 4061 dixit:

92 4070 428 4163 «tlnsanus
461 4100 683 4148 sermo
719 4092 879 4150 tuus
929 4078 1278 4167 praedicat
1310 4078 1603 4168 gloriam
1655 4078 1981 4169 supplicii
2015 4134 2029 4160 ‚
2083 4102 2204 4166 qui
2246 4101 2366 4170 per
2403 4078 2615 4147 auda-

90 4171 248 4226 ctam
299 4186 581 4262 poenam
633 4189 767 4237 non
808 4169 1004 4236 times
1056 4167 1316 4238 mortis.
1356 4167 1730 4237 »Andreas
1781 4167 2173 4258 respondit:
2231 4191 2265 4234 «
2300 4172 2442 4236 Non
2496 4187 2615 4255 per

96 4244 453 4337 audactam,
492 4256 609 4327 sed
654 4278 773 4346 per
813 4255 1054 4337 iidem,
1110 4279 1398 4346 poenam
1453 4279 1588 4325 non
1631 4258 1831 4327 timeo
1884 4258 2142 4325 mortis.
2199 4262 2377 4325 Mors
2425 4254 2611 4323 enim

89 4346 428 4425 tumorum,
468 4345 761 4435 pretiosa
807 4359 954 4425 est;
1010 4367 1193 4414 mors
1243 4367 1396 4415 vero
1442 4358 1872 4434 peccatorum
1902 4399 1919 4425 ,
1967 4345 2288 4435 pessima.
2335 4348 2411 4411 Et
2459 4342 2612 4413 ideo

240 4458 462 4520 surius
491 4493 515 4510 ·
554 4463 723 4524 Vitae
751 4460 853 4525 SS.
888 4492 916 4508 ·
946 4460 1079 4525 Yol.
1108 4460 1207 4524 XI.
2342 4457 2456 4520 47*
