2993 4837
466 328 632 398 944*
1162 350 1366 397 nnn
1376 348 1696 399 nomem!
1759 350 2198 399 mnsmuun
2647 336 2764 402 oct.
2787 340 2835 402 Β

375 448 492 509 que
535 429 841 492 conlectus
870 429 1138 490 animam
1183 430 1512 493 exhalaret.
1557 430 1647 492 In·
1705 431 1830 508 lia),
1866 431 2095 494 nullam
2129 431 2512 493 mentionem
2562 433 2727 496 iaciant
2749 435 2834 499 lar-

377 520 532 573 terea
568 511 787 586 impius
828 509 930 571 ille
970 509 1245 582 Pbotius,
1273 514 1369 571 vir
1397 512 1644 587 quidem
1709 511 2000 589 tyrologia
2066 512 2292 573 Adonis
2363 521 2427 573 et
2487 511 2710 585 Usuardi,
2739 531 2828 591 we

373 594 538 651 omni
585 604 813 665 genere
862 588 1204 651 litterarum
1261 591 1532 652 imbutus
1586 598 1645 651 et
1707 590 1894 667 vulgo
1941 591 2179 653 classica
2227 599 2550 663 vocantur,
2591 602 2821 657 nonatu-

375 687 582 732 rerum
645 668 923 730 civilium
982 675 1042 730 et
1102 668 1487 745 politicarum
1534 687 1648 731 usu
1703 686 1841 732 meu
1865 671 2811 749 quodueeJussanctitatedum,

369 751 757 815 clarissimus,
809 747 911 809 sed
963 750 1163 809 inanis
1210 750 1435 825 gloriae
1479 752 1647 829 cupi·
1705 756 1910 830 utpote
1964 752 2067 828 qui
2122 750 2300 812 babet
2343 751 2576 813 cultum
2623 754 2809 829 uffi-

370 830 498 898 dus,
531 847 597 890 ac
629 826 1068 890 intolerandam
1091 829 1459 907 superbiam,
1489 847 1647 908 quae
1704 846 1874 891 mum
1894 829 2081 891 simul
2104 839 2166 890 et
2194 829 2806 899 celeberrimum-M

1700 909 1830 986 ejus
1855 909 2054 972 Vitam
2088 925 2122 970 e
2143 909 2463 971 Breviario
2492 908 2807 985 Rbotomm.

1700 1003 1860 1050 anno
1895 987 2050 1050 1736
2078 989 2268 1059 edito,
2316 993 2693 1069 excerpimus.
2715 988 2818 1061 ὓ

1703 1084 1818 1130 nus
1839 1085 1870 1129 a
1896 1068 2226 1131 Benedicto
2247 1074 2311 1131 et
2335 1068 2654 1143 Felicitate,
2673 1066 2822 1150 piu

1703 1148 2077 1225 parentibus,
2110 1157 2281 1210 ortus
2300 1157 2422 1208 est.
2455 1149 2522 1210 ln
2552 1144 2826 1212 aulamffi

1700 1228 1773 1287 rii
1794 1226 1843 1288 ΙΙ
1866 1229 2030 1305 regis
2052 1229 2282 1299 missus,
2306 1229 2614 1305 castitatis,
2631 1228 2834 1308 511qu

1700 1308 2188 1369 mansuetudinis
2223 1308 2482 1370 illustris
2509 1304 2834 1385 suitexenfl

1697 1385 1726 1445 J
1737 1404 1906 1448 ussus
1931 1406 1961 1448 a
1999 1404 2142 1466 rege
2187 1387 2354 1451 inter
2385 1392 2669 1467 primores
2695 1382 2840 1473 aa&

1696 1467 1869 1529 ribus
1898 1466 2102 1529 adesse
2155 1469 2455 1540 consiliis,
2483 1464 2840 1531 commissam

1699 1554 1896 1623 partes
1945 1548 2193 1625 egregie
2241 1555 2301 1609 et
2366 1547 2719 1610 laudabiliter
2749 1542 2841 1632 idj-

1698 1627 1851 1687 nuit.
1898 1624 2136 1688 Mortuo
2164 1629 2442 1689 antistite
2486 1629 2841 1709 Rbotomaffl.

1696 1706 1942 1767 indictis
1964 1706 2198 1784 jeJuuio
2242 1714 2305 1767 et
2343 1708 2617 1785 precibus
2650 1716 2843 1768 oomn-

1694 1787 1972 1847 omnium
2036 1796 2194 1858 voto,
2257 1788 2390 1865 ipse
2453 1786 2844 1874 renuntiatae

1693 1869 2031 1943 episcopus.
2086 1865 2344 1927 Gratum
2418 1868 2622 1930 babuit
2664 1865 2844 1926 Clota!

1691 1946 1918 2007 assumi
1963 1948 2025 2006 in
2076 1947 2447 2024 praesulem,
2477 1961 2640 2025 quem
2682 1950 2730 2005 in
2758 1944 2844 2021 pfl

1692 2025 1901 2102 regiae
1961 2024 2402 2088 sollicitudinis
2464 2034 2756 2089 vocaverat.
2791 2019 2842 2083 h

1693 2119 1927 2176 manuS,
1956 2105 2146 2166 forma
2174 2104 2375 2167 factus
2422 2110 2624 2185 gregis,
2650 2106 2842 2165 sumn!

1690 2183 1865 2245 dictis
1886 2190 1948 2246 et
1979 2185 2147 2246 {actis
2178 2185 2294 2247 sibi
2331 2174 2846 2248 conciliavitauctui·

1691 2270 1901 2325 tatem.
1962 2264 2141 2326 Multa
2199 2274 2262 2326 et
2319 2267 2536 2328 vivens
2575 2274 2628 2327 et
2667 2268 2849 2345 mcum}

1688 2342 1878 2404 edidit
1934 2345 2151 2422 signa,
2195 2344 2432 2424 quibus
2474 2344 2662 2424 optimi
2689 2345 2853 2424 βω

1686 2425 1975 2487 sanctitas
2030 2425 2245 2485 eluxit.
2308 2427 2476 2488 Dum
2537 2427 2688 2495 vixit,
2717 2414 2849 2506 90115111

1689 2510 1856 2580 pater
1881 2513 1940 2564 et
1974 2519 2179 2565 norma
2210 2504 2385 2577 cleri,
2420 2514 2544 2584 post
2567 2505 2757 2565 obitum.
2787 2509 2848 2556 ¹¹1·

1691 2590 1782 2644 ter
1829 2590 2074 2644 sanctos
2125 2590 2188 2644 et
2250 2585 2547 2647 dioecesis
2602 2582 2846 2663 praecipuos

1690 2668 1921 2724 tutores
1963 2661 2283 2724 recolitur.

371 910 635 987 proiecto
685 910 885 969 omnis
949 908 1273 986 impietatis
1335 910 1644 972 omnium·

367 1005 487 1068 que
516 988 919 1052 offensionum
965 996 1057 1049 est
1085 988 1280 1066 origo,
1316 990 1377 1049 in
1409 1005 1516 1051 cor
1544 1006 1643 1067 ge-

369 1085 532 1143 rens,
576 1072 635 1130 vi
690 1076 748 1129 et
797 1067 932 1128 dolo
976 1066 1183 1130 sedem
1220 1067 1643 1131 Constantino·

369 1150 700 1227 politanam
774 1146 1117 1225 usurpabat,
1175 1154 1362 1226 atque
1430 1150 1643 1212 Roma·

365 1245 516 1291 num
537 1229 894 1290 Pontificem
916 1228 1112 1304 ipsum
1125 1228 1422 1307 decipere,
1438 1244 1640 1306 quam-

368 1312 458 1370 vis
504 1311 747 1381 trustra,
791 1308 1144 1369 conabatur.
1190 1304 1396 1370 Occiso
1441 1317 1640 1370 autem

365 1388 576 1461 Barda,
599 1398 781 1465 atque
811 1387 1204 1450 membratim
1234 1390 1511 1459 dissecto,
1535 1391 1639 1449 im-

366 1478 613 1548 perator
658 1467 938 1541 BasilinS‚
968 1483 1134 1528 anuo
1175 1468 1316 1541 867,
1347 1466 1638 1530 Photium

363 1549 664 1627 ejiciebat,
712 1555 776 1609 et
837 1546 898 1608 S.
958 1546 1264 1622 ignatium
1309 1550 1371 1608 in
1429 1549 1636 1610 sedem

362 1645 557 1702 suam,
601 1635 797 1689 coacta
827 1625 1348 1704 Constantinopoli
1392 1627 1637 1707 Synodo

361 1710 775 1783 oecumenica,
824 1721 1033 1767 novem
1082 1721 1275 1768 annos
1317 1715 1635 1785 postquam

363 1790 424 1848 in
469 1786 723 1849 exilium
783 1785 991 1866 pulsus
1047 1793 1197 1860 erat,
1256 1788 1631 1850 restituebat.

360 1866 424 1928 S.
474 1866 767 1944 IgnatiuS,
824 1872 938 1926 tota
976 1865 1127 1927 urbe
1154 1865 1493 1940 exultante,
1529 1884 1636 1946 gu·

360 1946 703 2009 bernaculis
746 1945 1034 2010 ecclesiae
1081 1962 1227 2008 suae
1281 1949 1631 2024 resumptis,

360 2027 646 2088 Photium
677 2041 1012 2103 omnesque
1060 2025 1190 2101 ejus
1232 2033 1559 2090 sectatores
1600 2043 1629 2089 a

356 2108 538 2168 sacris
580 2107 803 2184 abegit,
854 2112 1035 2184 atque
1079 2106 1252 2167 omni
1296 2122 1411 2186 ope
1456 2122 1634 2184 popu-

357 2185 487 2247 lum
535 2203 716 2248 suum
778 2188 1087 2247 iustruere
1143 2193 1204 2248 et
1245 2203 1275 2248 a
1326 2188 1492 2248 vitiis
1533 2186 1632 2247 ab·

358 2266 604 2333 ducere,
638 2264 1095 2343 virtutibusque
1123 2280 1423 2328 exornare
1456 2282 1632 2329 cura·

362 2347 474 2407 vit.
521 2344 815 2416 Tandem,
846 2344 944 2406 die
987 2345 1160 2406 tertia
1205 2362 1379 2423 supra
1415 2348 1632 2425 vigesi-

354 2440 518 2487 mam
550 2426 1009 2498 octobris,anno
1032 2424 1435 2499 877,aeterna
1468 2443 1631 2504 prae·

356 2507 475 2567 mia
520 2512 885 2567 consecutus
915 2513 1024 2567 est.
1056 2505 1311 2568 Sacrum
1342 2506 1471 2583 ejus
1499 2523 1628 2568 cor-

354 2600 462 2662 pus
506 2584 711 2659 ligneo
752 2584 1120 2662 sarcophago
1175 2586 1504 2659 inclusum,
1555 2587 1627 2648 ad

350 2663 563 2726 aedem
591 2665 845 2740 Magnae
866 2663 1210 2742 Sapientiae
1230 2665 1500 2727 delatum
1521 2675 1628 2740 est,

353 2744 559 2822 ibique
610 2744 955 2820 magnificis
1013 2746 1317 2824 exsequiis
1369 2745 1626 2810 bonora-

352 2831 503 2884 tum.
550 2824 732 2884 Tanta
768 2839 914 2884 vero
958 2824 1147 2901 pietas
1189 2824 1482 2903 populum
1524 2829 1619 2887 in·

346 2912 625 2974 cesserat,
661 2910 728 2962 nt
755 2911 816 2963 et
842 2904 1074 2974 feretri,
1110 2906 1172 2966 in
1215 2921 1334 2984 quo
1372 2906 1623 2981 jacebat,

342 2981 707 3059 fragmenta,
730 2981 1148 3057 Reliquiarum
1176 2987 1393 3061 instar,
1418 2985 1625 3048 distra-

349 3062 538 3136 xerit,
570 3068 631 3124 et
662 3062 895 3135 velum,
926 3078 1048 3142 quo
1091 3065 1350 3126 cadaver
1396 3073 1622 3126 tectum

343 3149 493 3214 erat,
520 3144 582 3204 iu
609 3152 807 3220 partes
842 3143 1011 3204 mille
1045 3144 1444 3223 discerptum,
1471 3146 1621 3207 sacri

346 3223 626 3300 pignoris
669 3221 817 3295 loco,
852 3223 1013 3284 iuter
1057 3225 1188 3301 pios
1228 3227 1307 3285 sit
1342 3223 1623 3287 divisum.

347 3301 511 3379 (Csr.
532 3304 735 3363 Vitam
751 3301 812 3365 S.
842 3301 1055 3379 Ignatii
1079 3319 1108 3364 a
1134 3303 1186 3365 N
1193 3304 1363 3376 iceta,
1383 3319 1490 3366 seu
1515 3305 1624 3368 Da-

346 3383 484 3444 vide
504 3382 893 3462 Paphlagone
914 3398 1170 3445 coaeveo
1210 3383 1618 3464 descriptam).

1939 2848 1999 2909 S.
2055 2847 2308 2912 VERUS
2351 2850 2682 2914 Emscorns.

2006 2971 2247 3036 Florm’t
2287 2975 2531 3037 saeculo
2579 2973 2631 3032 V.

1762 3130 2121 3194 Manrvuot..
2149 3165 2226 3175 —
2260 3134 2436 3212 Apud
2466 3133 2744 3197 Salernum
2768 3134 2844 3184 §aa

1683 3212 1756 3272 cti
1798 3211 1954 3274 vmu
1980 3211 2282 3290 Episcopi.
2726 3287 2736 3296 ·

1761 3291 1847 3352 De
1891 3291 1951 3353 S.
2001 3291 2184 3365 Vero,
2220 3292 2510 3372 Episcopo
2536 3290 2842 3352 Salernitana

1683 3370 1828 3433 baec
1875 3371 2059 3432 tradit
2087 3371 2440 3434 Ferrarius:
2485 3396 2508 3427 ι
2537 3359 2846 3453 Veruslllt·

1681 3453 1953 3527 piscopus
1993 3448 2432 3526 Salernitauus,
2460 3451 2520 3514 S.
2551 3449 2844 3534 ommatium

1681 3529 2037 3608 Episcopatu
2078 3533 2386 3595 successit.
2429 3530 2598 3609 Cujus
2620 3535 2714 3589 etsi
2747 3521 2844 3608 Acta

1680 3625 1804 3671 non
1832 3617 2083 3682 extant,
2139 3618 2347 3673 sancte
2410 3621 2595 3674 tamen
2639 3603 2844 3690 Ecclaeffl

1677 3687 2098 3753 Salernitanae
2177 3691 2490 3765 raefuisse.
2520 3681 2843 3762 miraculum&

1677 3784 2015 3832 coruscasse
2056 3769 2138 3831 du
2185 3771 2325 3833 itari
2389 3787 2514 3833 non
2570 3770 2739 3845 potest.
2768 3753 2841 3845 ¹}-

1673 3851 1874 3989 {ram
1901 3865 1976 3911 ex
2019 3849 2128 3911 bac
2159 3849 2284 3912 vita
2331 3868 2371 3913 x
2400 3851 2522 3914 Kal.
2551 3836 2836 3933 Neretum}

1721 3944 1901 4008 orpus
1928 3929 2079 4006 ejus,
2129 3930 2191 3990 in
2235 3929 2386 3993 aede
2427 3945 2578 3994 sacra
2613 3940 2662 3987 m
2735 3922 2837 4005 (²¹⁰

1675 4015 1884 4088 crypta
1907 4024 2044 4070 cum
2062 4009 2414 4084 corporibus
2438 4010 2668 4073 aliorum
2715 4004 2837 4075 pm·

1673 4104 1897 4229 filorum
1961 4088 2292 4161 conditum,
2353 4093 2450 4167 pie
2507 4085 2827 4150 asservatmt’

1729 4184 1884 4247 eque
1935 4168 2107 4230 nobis
2137 4171 2412 4247 reperire
2438 4168 2720 4248 quidquam
2744 4162 2833 4215 ὑοῦ·

1673 4248 1830 4325 tigit,
1858 4248 2016 4327 quod
2047 4246 2122 4310 ad
2153 4249 2307 4312 baec
2337 4250 2627 4314 addamus.

423 3541 780 3605 Mam-vitot..
805 3573 883 3587 -
913 3541 1276 3620 Burdigalae
1304 3546 1491 3607 sancti
1515 3544 1622 3607 Se·

348 3637 550 3682 vetum
594 3620 976 3684 coloniensis
1034 3622 1308 3701 Episcopi
1362 3629 1428 3686 et
1466 3622 1621 3687 Con·

345 3702 608 3764 tesseris.
654 3701 832 3779 (Vide
876 3702 1155 3778 Surium,
1184 3719 1320 3783 pag.
1364 3703 1536 3782 660).

552 3897 613 3961 S.
647 3895 1014 3962 ROMANUS
1057 3899 1399 3962 Episcopus,

392 4023 574 4086 Anno
599 4022 848 4104 probab.
877 4023 997 4086 644
1026 4057 1103 4069 —
1134 4024 1281 4086 Nat.
1319 4023 1558 4090 Gallus.

417 4184 783 4248 Maurvnot..
804 4218 885 4230 —
905 4184 1266 4263 Rothomagi
1288 4186 1481 4248 sancti
1507 4185 1618 4248 Ro·

338 4278 498 4326 uam
544 4264 845 4344 Episcopi.

415 4342 703 4415 Quamvis
751 4344 828 4406 de
876 4344 940 4406 S.
987 4345 1276 4419 Romano,
1319 4345 1613 4424 archiepi-

335 4436 514 4501 scopo
556 4422 1031 4501 Rhotomagensi
1087 4425 1326 4504 (Rauen
1371 4425 1435 4488 in
1478 4423 1612 4489 Gal·
