2993 4837
455 313 538 375 68
1107 329 1184 373 1>ss
1233 330 1290 374 s.
1345 292 1634 375 auaitum
1683 329 1784 374 tte.
1839 328 2162 375 hanoniensi
2636 310 2794 373 NOV.
2837 311 2867 372 3

368 413 615 483 faceret
641 411 1003 482 humilius.
1039 416 1202 481 Cum
1245 412 1456 503 igitur
1484 412 1684 481 solito
1713 413 1996 482 verbum
2037 412 2300 501 Domjni
2333 412 2697 481 seminator
2723 432 2870 500 egre>

366 501 523 601 gius
560 502 625 570 in
663 523 828 591 agro
862 501 1090 591 cordis
1121 500 1407 570 humani
1435 501 1716 589 jaceret,
1752 500 2127 569 intonando
2161 500 2531 570 salubriter
2561 525 2574 565 :
2615 524 2647 565 «
2672 500 2732 568 Si
2762 522 2868 575 me,

366 590 613 676 inquit,
654 590 937 679 superni
980 589 1239 678 judicis
1282 612 1685 679 praeconem
1733 602 1988 659 attenta
2033 588 2263 659 cordis
2316 612 2484 659 aure
2530 589 2869 665 audieritis,

363 691 428 747 et
474 701 555 748 ea
588 701 762 766 quae
802 679 1017 756 vobis,
1067 692 1344 750 auctore
1380 684 1534 759 De0,
1586 700 2026 768 supernaque
2065 679 2285 768 gratia
2334 678 2872 747 administrante.

365 767 621 848 dixero,
658 782 1049 837 sanctorum
1081 790 1366 858 operum
1397 768 1795 837 executione
1821 767 2349 853 compleveritis,
2386 767 2563 836 nulli
2593 766 2874 839 dubium.

362 857 532 943 quin
570 870 883 925 aeternae
919 857 1175 946 patriae
1225 857 1712 926 haereditatem
1765 870 1944 926 sorte
1991 855 2390 925 felicissima
2436 878 2700 925 mecum
2746 854 2880 923 ade-

366 946 549 1034 pturi
590 946 783 1023 sitis;
822 968 857 1011 »
894 958 1169 1034 repente
1208 946 1488 1016 invidus
1523 945 1639 1014 ille
1670 944 1854 1014 verbi
1895 946 2006 1013 Dei
2041 945 2394 1026 inimicus,
2433 946 2552 1030 qui
2591 943 2750 1012 illud
2787 956 2882 1012 aut

364 1034 677 1102 funditus
716 1035 1071 1103 volucrum
1118 1056 1305 1103 more
1338 1057 1599 1124 rapere.
1645 1046 1764 1103 aut
1803 1046 1981 1103 certe
2020 1034 2082 1103 ei
2122 1034 2381 1102 zizania
2412 1034 2585 1104 solet
2634 1034 2883 1102 interse-

367 1144 533 1197 rere,
579 1135 916 1209 quantum
955 1123 1086 1193 sibi
1125 1146 1203 1191 ea
1243 1145 1419 1211 quae
1468 1146 1506 1191 a
1559 1145 1751 1192 servo
1801 1123 1912 1191 Dei
1952 1122 2388 1212 gerebantur,
2428 1121 2878 1212 displicerent,

363 1224 641 1280 coactus
688 1226 812 1292 est,
868 1211 1126 1280 invidia
1160 1224 1465 1302 cogente,
1517 1224 1919 1281 monstrare.
1961 1217 2124 1281 Nam
2171 1211 2399 1281 subito
2431 1234 2550 1280 vas
2585 1209 2741 1279 olim
2777 1209 2887 1277 sibi

365 1300 756 1401 appetibile,
814 1300 1171 1370 mulierem
1217 1300 1496 1378 scilicet,
1557 1323 1674 1391 per
1710 1300 2356 1389 praevaricationem
2397 1302 2692 1390 primam
2731 1299 2880 1367 ami-

366 1390 742 1469 cissimam,
791 1389 1167 1479 ingressuS,
1203 1390 1472 1480 magnis
1510 1389 2016 1475 inconditisque
2049 1387 2333 1459 vocibus
2364 1389 2589 1478 coepit
2628 1400 2886 1476 perstre-

365 1500 547 1567 pere,
602 1492 667 1547 et
701 1478 1076 1557 silentium,
1122 1500 1258 1565 quo
1302 1479 1581 1547 verbum
1622 1478 1736 1547 Dei
1775 1478 2209 1559 audiebatur,
2256 1478 2363 1546 sui
2401 1477 2887 1566 importunitate

362 1566 687 1635 clamoris
722 1567 1144 1656 perturbare.
1200 1571 1338 1635 Hac
1377 1568 1609 1653 itaque
1644 1567 2120 1636 vociferatione
2171 1567 2428 1646 tetrica,
2466 1567 2582 1634 Vir
2621 1566 2753 1645 Dei,
2786 1588 2888 1634 au-

364 1656 506 1725 dita
554 1668 617 1724 et
649 1656 945 1744 cognita,
991 1654 1072 1723 ad
1113 1678 1184 1724 se
1214 1656 1492 1743 quidem
1537 1657 1919 1725 accurrenti
1960 1657 2182 1746 primo
2213 1656 2489 1744 signum
2530 1656 2766 1724 Crucis
2796 1654 2891 1721 ob-

354 1744 565 1833 jecit:
621 1744 866 1812 deinde
907 1744 1177 1833 alapam
1218 1743 1438 1813 eidem
1485 1744 1853 1834 impressit,
1901 1758 2105 1831 atque
2153 1743 2505 1813 silentium
2559 1743 2887 1833 imposuit.

367 1833 745 1919 Statimque
776 1833 1023 1902 mulier
1051 1835 1117 1901 in
1151 1846 1396 1902 terram
1429 1834 1709 1914 corruit,
1744 1834 1830 1902 ita
1867 1846 1940 1901 ut
1970 1833 2363 1903 crederetur
2387 1832 2749 1901 exanimis.
2785 1829 2886 1900 Sed

364 1944 523 1990 cum
566 1921 832 1991 diutius
867 1922 1147 2011 jaceret,
1208 1922 1294 1990 ab
1333 1944 1448 1991 ore
1499 1923 1649 2008 ejus
1706 1922 2042 2009 quaedam
2102 1922 2329 1991 sanies
2369 1921 2494 1990 diu
2535 1921 2887 2010 profluxit.

363 2024 566 2097 atque
602 2024 751 2098 post
787 2009 950 2079 haec
983 2010 1315 2080 daemone
1347 2012 1652 2079 caruit...

453 2102 488 2186 ξ
537 2104 630 2168 9.
711 2099 927 2189 Igitur
983 2121 1138 2168 cum
1192 2100 1393 2169 sciret
1465 2100 1827 2169 imminere
1890 2113 2209 2189 tempuS,
2265 2120 2401 2187 quo
2459 2099 2698 2167 anima
2753 2098 2894 2185 ,ejus

362 2188 709 2278 ergastulo
767 2189 1075 2279 corporis
1124 2186 1537 2257 absolvenda
1590 2188 1796 2267 foret,
1863 2189 2261 2259 discurrens
2326 2210 2443 2277 per
2513 2187 2892 2256 memoriam

364 2289 783 2355 sanctorum,
822 2290 886 2346 et
936 2276 1083 2345 loca
1131 2277 1547 2359 orationum,
1586 2300 1706 2367 per
1752 2300 1989 2347 eorum
2028 2277 2591 2347 intercessionem
2633 2275 2893 2345 Domino

363 2365 893 2435 commendabat
941 2386 1136 2435 suam
1190 2365 1701 2436 resolutionem.
1757 2372 1921 2436 Nam
1978 2367 2254 2436 veniens
2307 2379 2463 2435 ante
2513 2363 2889 2455 sepulcrum

364 2455 543 2524 beati
576 2455 917 2524 Lamberti
965 2455 1032 2522 in
1073 2453 1456 2535 basilicam,
1517 2479 1723 2542 quam
1778 2456 1923 2545 ipse
1962 2455 2397 2534 condiderat,
2463 2469 2527 2525 et
2593 2455 2707 2543 pia
2763 2473 2892 2522 ossa

364 2544 539 2612 inibi
591 2555 806 2611 terrae
858 2542 1324 2625 mandaverat,
1384 2546 1675 2613 orationi
1728 2544 2116 2614 diutissime
2167 2543 2521 2622 incubuit,
2583 2542 2894 2628 solitoque

364 2632 545 2701 fonte
596 2632 1061 2720 lacrymarum
1115 2655 1327 2721 genas
1378 2633 1645 2723 rigavit,
1682 2633 1903 2703 oeulis
1940 2632 2266 2721 lacrymis
2364 2631 2643 2711 ersusis,
2689 2652 2893 2701 ararn-

362 2743 498 2808 que
532 2719 967 2798 deosculans,
1006 2721 1334 2791 fratribus
1393 2721 2009 2791 circumstantibus
2058 2735 2270 2790 semet
2371 2720 2679 2790 utniliter
2740 2741 2895 2788 com·

364 2808 736 2878 rnendavit.
792 2808 1379 2898 Progrediensque
1414 2811 1596 2891 inde,
1638 2811 2021 2886 basilicam,
2059 2832 2268 2897 quam
2312 2810 2455 2899 ipse
2487 2809 2620 2878 sub
2663 2809 2896 2878 honore

365 2897 542 2967 beati
570 2898 742 2966 Petri
776 2897 1109 2988 principis
1139 2899 1610 2989 Apostolorum
1653 2900 1937 2969 Domino
1964 2899 2328 2977 dicaverat,
2362 2911 2688 2968 oraturus
2722 2895 2893 2965 adiit.

365 2986 532 3056 Inde
579 2987 781 3056 etiam
833 2999 990 3055 ante
1036 2987 1283 3069 altare,
1338 2987 1522 3074 quod
1580 2988 1647 3056 in
1711 2988 1967 3058 honore
2026 2988 2201 3057 beati
2258 2986 2484 3056 Albini
2546 2988 2615 3054 in
2679 2985 2894 3054 eadem

364 3074 657 3144 basilica·
682 3077 970 3145 Domino
1009 3089 1549 3158 consecraverat,
1583 3076 1846 3146 diutius
1878 3077 2180 3146 curvatis
2214 3076 2508 3166 genibus
2537 3076 2894 3144 orationem

367 3164 669 3254 profudit
699 3189 713 3232 z
772 3185 1060 3251 moxque
1086 3168 1172 3235 ab
1203 3166 1509 3236 oratione
1542 3188 1857 3257 surgenS,
1906 3165 2076 3235 dixit
2099 3175 2136 3231 :⁴
2165 3170 2245 3233 In
2283 3168 2607 3234 memoria
2642 3175 2896 3258 aeterna

363 3256 491 3322 eric
527 3255 781 3344 justam,
812 3267 941 3323 etc.
994 3259 1127 3337 (Ps.
1164 3254 1343 3342 tlt);
1389 3277 1899 3342 conversusque
1939 3254 2023 3323 ad
2082 3254 2433 3344 parietem,
2465 3267 2528 3321 et
2579 3266 2898 3342 protensis

366 3365 487 3429 per
515 3365 675 3412 eum
726 3342 1053 3423 brachiis,
1101 3343 1325 3413 locum
1379 3343 1680 3433 sepulcri
1735 3344 1844 3413 sui
1889 3365 2317 3433 permensuS,
2379 3343 2508 3411 ait:
2556 3365 2591 3406 «
2626 3343 2750 3410 Hic
2798 3338 2900 3406 de·

365 3431 542 3502 fossa
580 3431 795 3500 humo
847 3430 1039 3501 locus
1091 3454 1279 3500 meae
1312 3433 1710 3522 sepulturae
1765 3446 2147 3520 pareturae.
2202 3437 2364 3501 Nam
2421 3430 2600 3498 istud
2666 3445 2899 3517 eorpus

364 3520 834 3591 miserrimum
887 3521 1041 3589 istic
1080 3519 1400 3589 collocari
1459 3520 1800 3610 disposui,
1858 3542 2233 3611 precorque
2283 3533 2359 3589 ut
2415 3541 2603 3588 meae
2661 3519 2900 3606 migra-

366 3609 533 3678 tioni
577 3609 816 3679 vestris
867 3607 1188 3698 precibus
1250 3609 1875 3678 adminiculemini.
1935 3615 2148 3680 Instat
2187 3610 2371 3677 enim
2424 3621 2719 3695 tempuS,
2780 3622 2900 3691 quo

365 3696 533 3766 haec
565 3698 901 3789 torpentia
938 3699 1248 3766 membra
1296 3699 1584 3788 spiritus
1621 3698 1986 3784 relinquat,
2034 3697 2391 3786 judicique
2441 3719 2567 3765 suo
2606 3713 2902 3782 praesen-

367 3787 619 3857 tandus
667 3791 1236 3857 occurrat.»Non
1293 3786 1588 3857 multum
1642 3788 1854 3877 igitur
1905 3800 2032 3856 tem
2091 3788 2230 3856 oris
2281 3785 2677 3856 interfluxit.
2725 3783 2900 3871 juxta
2957 3833 2958 3842 ,

364 3875 546 3960 quod
601 3876 703 3944 vir
754 3876 863 3945 Dei
924 3898 1134 3965 super
1189 3876 1586 3964 sepulturae
1660 3899 1823 3945 suae
1895 3811 2352 3945 celebratione
2405 3896 2520 3943 ore
2594 3888 2899 3970 praesago
2957 3909 2958 3968 ;

365 3964 994 4035 actitandum‘forte
1042 3965 1501 4053 disposuerat,
1560 3987 1682 4035 nos
1734 3964 2122 4034 fidelissimi
2173 3988 2250 4034 ac
2303 3962 2721 4033 devotissimi
2769 3977 2900 4054 ejus

366 4053 608 4120 famuli
670 4053 988 4122 flebiliter
1025 4054 1288 4123 executi
1338 4077 1628 4123 sumus:
1674 4055 1998 4140 quoniam
2044 4054 2322 4153 triginta
2379 4053 2646 4121 dierum
2700 4059 2898 4137 spatio
2957 4087 2958 4094 κ

364 4141 655 4223 evolute,
696 4143 944 4231 spiritu
977 4144 1129 4229 ejus
1166 4144 1231 4211 in
1285 4154 1465 4212 astra
1499 4142 1784 4212 feliciter
1817 4143 1903 4212 ab
1938 4142 2210 4230 Angelis
2260 4156 2487 4211 evecto
2533 4140 2588 4218 ⁸,
2644 4155 2894 4207 sacrum

365 4253 617 4321 corpus
648 4230 800 4318 ejus
850 4230 935 4299 ad
987 4232 1280 4300 eundem
1340 4231 1829 4301 tumulandum
1869 4232 2269 4301 adveximus
2324 4230 2544 4300 locum
2562 4280 2690 4296 .....
2957 4231 2958 4234 ’

418 4427 443 4453 *
480 4425 609 4466 Diem
655 4436 929 4475 supremum
971 4424 1081 4466 obiit
1117 4428 1443 4466 sanctissimus
1484 4426 1691 4465 Antiates
1735 4426 1970 4464 {tubertus
2011 4426 2123 4464 loco,
2164 4425 2244 4472 qni
2285 4436 2405 4464 nnnc
2440 4428 2705 4466 'servaei-en
2735 4421 2899 4459 «licitur.
