2993 4837
548 282 674 345 5152
1193 299 1269 343 na
1319 298 1367 343 s.
1429 297 1742 343 flamonio
1792 297 2259 344 riiatnissuneo
2679 278 2832 344 ΜΝ.
2869 280 2926 343 Π

460 384 783 461 tenderet,
837 395 900 450 et
949 381 1115 450 vidit
1176 382 1364 450 illius
1411 382 1720 450 studium
1767 382 1833 449 in
1889 381 2126 450 eodem
2178 404 2564 472 congruere
2612 380 2930 457 desiderio,

464 471 694 539 relicto
740 470 929 538 omni,
986 483 1301 539 externae
1375 470 1850 559 philosophiae
1899 470 2150 549 studio,
2204 493 2362 539 cum
2432 469 2552 540 illo
2580 471 2837 540 ventitat
2875 472 2936 537 ad

457 582 615 628 eum
667 559 787 645 qui
838 559 955 643 illo
1007 574 1308 647 tempore
1372 559 1510 627 dux
1577 574 1720 627 erat
1782 559 2206 628 Christianae
2267 560 2746 650 philosophiae
2793 559 2841 627 ⁴.

457 662 682 717 autem
734 662 877 716 erat
942 648 1289 736 OrigeneS,
1360 647 1562 731 cujus
1611 649 1864 737 scripta
1948 650 2402 737 magnifiunt,
2457 663 2523 718 et
2596 671 2677 717 ea
2750 649 2912 716 ration

457 736 773 813 ostendit,
831 759 964 805 non
1016 737 1240 805 solum
1292 736 1598 805 studium
1651 749 1715 804 et
1762 736 2229 825 diligentiam,
2291 738 2406 805 sed
2478 761 2756 806 morum
2797 736 2894 805 etia

462 826 880 894 honestatem
933 837 996 893 et
1047 825 1607 894 moderationem.
1647 820 1810 893 Cum
1863 826 2044 894 enim
2103 838 2277 896 esset
2322 833 2513 894 tanta
2564 826 2841 894 refertus
2873 848 2922 894 sa

461 914 740 1003 pientia,
799 935 932 982 non
987 913 1400 1003 dedignatus
1447 926 1549 982 est
1607 914 1743 982 alio
1791 915 1892 983 uti
1943 915 2269 1002 magistro
2319 915 2404 982 ad
2456 915 2738 983 divinas
2799 915 2924 982 disci

463 1002 713 1092 plinas.
768 1006 932 1071 Cum
962 1017 1186 1071 autem
1222 1002 1404 1092 apud
1449 1003 1851 1091 magistrum
1888 1015 2073 1071 tanto
2103 1016 2402 1091 tempore
2441 1019 2628 1073 esset
2679 1020 2924 1071 versatu:

460 1091 642 1178 quod
702 1092 1158 1180 percipiendis
1207 1092 1370 1160 satis
1435 1104 1612 1160 esset
1650 1091 2063 1180 disciplinis,
2110 1114 2268 1161 cum
2322 1091 2526 1161 multi
2585 1106 2833 1171 essent,
2869 1113 2926 1177 qu

461 1203 619 1248 eum
675 1180 739 1247 in
791 1194 1065 1249 externa
1114 1182 1389 1270 regione
1440 1180 1828 1259 retinerent,
1867 1193 1931 1248 et
1978 1180 2162 1270 apud
2215 1202 2286 1249 se
2333 1203 2492 1249 eum
2545 1204 2824 1250 manere
2865 1202 2884 1244 τ

463 1268 626 1349 lent,
681 1291 829 1337 cam
867 1291 1043 1355 quae
1085 1269 1311 1359 ipsum
1353 1269 1632 1358 peperit,
1690 1269 2034 1355 regionem
2068 1269 2395 1337 omnibus
2449 1271 2902 1358 praeferens,r

467 1358 745 1426 vertitur
781 1358 844 1425 in
887 1359 1199 1446 patriam,
1246 1358 1622 1447 sapientiae
1650 1370 1715 1426 et
1746 1358 2159 1447 cognitionis
2206 1357 2482 1428 divitias
2530 1382 2745 1427 omne
2794 1378 2928 1447 gene

465 1447 865 1535 importanS,
898 1469 1069 1532 quas
1105 1446 1305 1515 veluti
1361 1459 1697 1515 mercator
1727 1446 2070 1535 quispiam
2108 1447 2174 1513 in
2225 1447 2521 1516 externis
2565 1448 2818 1517 studiis
2845 1474 2868 1514 c

463 1534 789 1604 omnibus
826 1557 1125 1613 versans,
1178 1535 1299 1621 qui
1341 1557 1629 1624 magnae
1661 1549 1855 1603 erant
1901 1535 2450 1615 existimationiS,
2505 1548 2928 1605 mercatusne·

463 1628 892 1709 Quamquam
930 1624 1014 1704 ei,
1069 1624 1187 1709 qui
1239 1646 1345 1692 res
1388 1637 1563 1693 recte
1605 1624 1897 1711 judicat,
1942 1646 2022 1691 ne
2072 1623 2199 1692 hoc
2247 1624 2528 1710 quidem
2584 1627 2858 1694 omnino
2911 1652 2912 1655 ¹

462 1713 610 1800 ejus
661 1711 933 1781 laudem
1032 1734 1272 1780 arvum
1322 1734 1469 1781 esse
1522 1712 1881 1793 videbitur,
1920 1724 2145 1781 tantae
2178 1713 2474 1781 civitatis
2522 1736 2784 1802 preces,
2831 1737 2860 1798 q

462 1802 922 1869 communiter
994 1802 1246 1880 iebant,
1303 1800 1678 1889 despicere,
1723 1814 1786 1869 et
1816 1801 2130 1869 omnium
2181 1802 2619 1882 eximiorum,
2668 1806 2788 1890 qui
2823 1804 2912 1868 ine

464 1902 680 1966 erant,
748 1891 1073 1969 virorum,
1119 1902 1182 1958 et
1228 1889 1347 1976 qui
1398 1889 1581 1978 apud
1642 1911 1756 1958 eos
1811 1889 2259 1959 versabantur
2319 1891 2864 1980 magistratuum,

466 1978 567 2045 vir
618 1976 754 2045 illic
808 1992 1130 2056 maneret,
1186 1978 1772 2057 contendentium,
1805 1978 2112 2047 studium
2142 2001 2276 2047 non
2305 1979 2700 2050 admisisse.
2747 1979 2936 2062 Quibus

466 2067 789 2135 omnibus
844 2067 969 2134 hoc
1017 2081 1159 2135 erat
1210 2068 1632 2155 propositum
1699 2066 1989 2146 efficere,
2035 2081 2110 2135 ut
2161 2066 2260 2136 vir
2308 2067 2421 2136 ille
2475 2091 2777 2158 magnus
2820 2064 2934 2154 apul

463 2177 578 2223 eos
631 2170 953 2235 maneret,
1013 2155 1287 2225 futurus
1337 2169 1687 2241 tamquam
1731 2155 2124 2224 aedificator
2177 2157 2465 2235 virtutis,
2511 2170 2575 2225 et
2609 2159 2781 2226 vitae
2805 2156 2934 2244 legs>

465 2244 659 2312 lator.
714 2244 863 2313 Sed>
903 2246 1361 2330 undequaque
1432 2244 1704 2333 fugiens
1778 2245 2130 2313 materiam
2203 2247 2683 2335 arrogantiae,
2760 2262 2825 2315 ut
2871 2264 2930 2327 qt*

465 2333 667 2402 sciret
730 2333 964 2401 vitium
1019 2334 1379 2423 superbiae
1428 2348 1501 2401 ut
1553 2332 1932 2422 plurimum
2011 2333 2222 2402 fuisse
2280 2357 2564 2404 causam
2614 2349 2681 2403 et
2755 2332 2932 2424 princi·

463 2422 653 2511 pium
712 2422 927 2490 malae
976 2445 1053 2490 ac
1103 2422 1465 2490 sceleratae
1517 2424 1711 2501 vitae,
1765 2423 1850 2490 ad
1905 2423 2107 2491 vitain
2159 2423 2458 2509 quietam
2512 2424 2576 2491 in
2631 2425 2840 2513 patria
2869 2421 2934 2488 dr.-

460 2509 780 2600 gendam,
820 2525 1166 2597 tamquam
1222 2512 1286 2578 in
1328 2525 1598 2600 portum
1647 2510 1945 2596 aliquem
1999 2511 2327 2600 confugit.
2384 2517 2547 2581 Cum
2601 2526 2819 2582 autern
2858 2521 2932 2576 toa

478 2621 628 2686 Vens
674 2599 790 2668 illa
835 2623 989 2667 eum
1047 2601 1264 2667 virum
1318 2600 1722 2688 adspiceret,
1775 2613 1838 2667 et
1868 2621 2107 2668 omnes
2147 2615 2636 2688 exspectarent,
2678 2603 2832 2671 utin
2861 2620 2932 2685 pu·

459 2623 661 2755 filicis
710 2689 1158 2757 conventibus
1211 2689 1354 2777 ipse
1403 2712 1598 2757 suam
1650 2688 1944 2776 aperiret
1973 2688 2453 2769 eruditionem,
2502 2704 2576 2759 ut
2636 2691 2928 2779 longorum

462 2776 772 2843 laborum
810 2776 1105 2844 fructum
1158 2777 1457 2863 aliquem
1496 2777 1895 2866 perciperet,
1939 2776 2226 2866 gloriam
2269 2791 2331 2846 et
2378 2779 2928 2848 existimationem:

461 2865 663 2934 sciret
712 2865 1092 2933 autem'vir
1141 2865 1251 2934 ille
1305 2888 1620 2954 magnuS,
1664 2866 2008 2934 undenam
2060 2880 2365 2955 oporteat
2409 2889 2636 2936 veram
2695 2865 2932 2957 philosa-

460 2952 690 3041 phiam
735 2953 1068 3041 publicari
1119 2955 1205 3022 ab
1256 2955 1339 3023 iis
1386 2956 1504 3040 qui
1546 2976 1693 3022 eam
1751 2977 1899 3022 vere
1948 2969 2281 3035 exercent,
2331 2978 2452 3023 nec
2503 2957 2729 3042 aliqua
2775 2952 2929 3022 amn

458 3040 660 3122 tione,
720 3041 1079 3129 laudisque
1126 3057 1189 3113 et
1239 3043 1519 3111 honoris
1588 3043 1962 3130 cupiditate
2009 3044 2162 3129 ejus
2227 3044 2655 3113 sauciaretur
2716 3043 2932 3112 aninnn

456 3130 714 3286 (gravis
763 3134 944 3199 enim
1022 3132 1171 3201 laus
1226 3144 1324 3201 est
1372 3154 1608 3199 eorum
1675 3133 1793 3217 qui
1857 3131 2186 3211 audiunt,
2272 3155 2428 3202 cum
2501 3132 2861 3222 arrogantia
2894 3139 2930 3190 ct

459 3242 503 3309 g
533 3220 715 3287 oriae.
761 3221 1104 3309 cupiditas
1154 3220 1422 3310 frangat
1469 3235 1531 3288 et
1565 3233 1835 3289 enervet
1876 3220 2084 3290 robur
2131 3221 2455 3309 animae),
2495 3245 2577 3291 ea
2615 3224 2693 3290 de
2736 3238 2928 3288 causa.

459 3310 929 3377 ostentationis
966 3309 1108 3377 loco
1144 3332 1312 3378 usus
1360 3321 1460 3377 est
1493 3308 1786 3388 silentio,
1827 3310 2094 3397 reipsa,
2143 3332 2275 3377 non
2330 3311 2577 3391 verbis,
2635 3307 2928 3380 ostendens

461 3398 856 3466 thesaurum
895 3397 1347 3467 reconditum.
1384 3403 1689 3484 Cumque
1722 3420 1760 3465 a
1794 3397 1916 3466 fori
1950 3398 2360 3467 tumultibus
2390 3413 2476 3479 et,
2525 3413 2599 3469 ut
2633 3401 2694 3467 in
2724 3411 2930 3466 summa

459 3485 708 3566 dican»,
765 3509 804 3554 a
854 3487 1009 3565 vita,
1052 3509 1226 3572 quac
1293 3488 1357 3554 in
1409 3486 1676 3555 civitate
1728 3487 2163 3576 transigitur,
2221 3487 2526 3575 seipsum
2594 3497 2926 3578 separasset.

461 3574 525 3642 in
578 3574 877 3660 quadam
945 3575 1313 3644 solitudine
1369 3596 1602 3645 secum
1656 3574 2090 3645 solummodo
2141 3576 2562 3654 versabatur,
2616 3593 2675 3646 et
2721 3595 2821 3664 per
2859 3590 2926 3635 se·

459 3664 687 3752 ipsum
738 3687 897 3732 cum
950 3669 1124 3743 Deo,
1181 3664 1483 3732 universi
1548 3663 1790 3732 mundi
1838 3676 1902 3731 et
1949 3686 2185 3732 eorum
2248 3687 2425 3750 quae
2485 3680 2645 3735 sunt
2690 3665 2746 3732 in
2801 3662 2922 3750 ipsa·

458 3774 732 3841 parvam
786 3752 1047 3822 ducens
1086 3753 1437 3831 rationem,
1476 3773 1612 3820 non
1647 3751 1730 3819 de
1785 3753 2014 3840 regnis
2064 3752 2426 3832 sollicituS,
2488 3777 2617 3823 non
2668 3754 2921 3832 demagi-

455 3842 783 3910 stratibus
830 3842 1029 3910 anxie
1075 3864 1310 3910 curam
1364 3862 1632 3930 gerens,
1666 3840 2011 3927 aliquidve
2052 3842 2436 3922 sciscitans,
2481 3866 2613 3912 non
2653 3833 2940 3928 quomodo¹

454 3952 530 3998 ex
585 3930 786 4000 rebus
838 3931 1132 4020 publicis
1166 3930 1625 3999 communiter
1673 3929 1932 4016 aliquid
1987 3929 2535 4011 administretur,
2608 3937 2912 3999 narrantem

455 4018 767 4098 audienS,
818 4020 929 4088 sed
987 4032 1057 4088 ut
1096 4020 1324 4088 anima
1372 4041 1488 4107 per
1539 4018 1853 4087 virtutem
1909 4018 2350 4107 perficeretur
2399 4042 2668 4096 curans,
2717 4015 2788 4085 ad
2830 4013 2913 4077 hoc

459 4119 592 4264 ξοιὺ)
640 4108 868 4176 studio
916 4107 1388 4187 contendebat,
1442 4107 1644 4175 vitam
1674 4120 1739 4175 et
1785 4129 2263 4194 quaecumque
2312 4111 2381 4176 in
2423 4131 2502 4178 ea
2541 4119 2706 4186 sunt,
2755 4099 2911 4170 vales?

453 4218 734 4282 Ju*ens.

510 4407 534 4434 ¹¹¹
565 4406 759 4445 Videtur
778 4410 818 4447 S.
839 4411 1093 4457 Gregorius
1114 4412 1310 4452 Thaum.
1330 4412 1417 4452 hoc
1438 4417 1662 4462 tempore,
1683 4423 1806 4452 nno
1829 4410 2011 4453 seilicet
2032 4413 2123 4457 239,
2140 4414 2431 4462 baptismum
2452 4413 2704 4461 suscepisse.
