2993 4837
36 294 148 358 CT.
190 295 276 357 ‘17
312 309 395 357 ΕΤ
438 296 528 359 48
809 314 1334 365 atAnTvnoLocmn
1398 321 1830 368 ittusrnarun
2192 293 2196 296 ’
2363 304 2527 372 927*

29 388 404 454 iniversaria
475 399 776 456 memoria
831 414 930 458 xlv
987 398 1407 463 Kalendas'ex
1460 403 1763 480 praeclaro
1807 404 2139 484 Martyrum
2188 423 2470 479 numero,
2507 410 2612 486 qui

30 474 194 551 prilis
224 473 567 535 recolitur.
603 475 710 548 (Ex
758 477 975 538 officiis
1021 481 1283 556 propriis
1337 482 1449 541 snb
1491 482 1757 545 Macrino
1800 482 2063 559 gloriose
2105 488 2254 564 passi
2300 497 2464 553 sunt.

29 552 259 614 :clesiae
328 552 760 629 Placentinae,
818 558 882 617 in
944 558 1277 636 Bolland.).
1416 562 1609 623 Pauca
1654 564 1730 623 de
1760 563 1890 625 ‘hoc
1930 563 2149 628 Sancto
2190 566 2264 628 ad
2330 584 2439 630 nos
2523 589 2616 634 er·

1340 649 1670 704 venerunt.
1692 643 1988 706 Eusebius
2005 642 2409 709 Caesariensis
2428 651 2452 728 (
2519 655 2615 713 ist.

296 710 363 773 S.
413 710 711 774 VICTOR
757 714 959 777 Ense.
1338 722 1610 800 Eccles.)
1662 726 1795 797 ejus
1848 723 2215 788 electionem
2269 741 2615 806 memorat,

362 816 538 881 ΟΜ
765 821 905 884 554·
1342 802 2424 950 &statimiussitbiittssiffi?
2446 811 2619 953 rit?

57 951 426 1013 Illam-mot..
463 985 546 995 —
583 951 815 1030 Capuae
853 959 1042 1017 sancti
1076 958 1286 1020 Vtc‘ro·
1342 962 1602 1023 tiochiae
1632 977 1800 1035 vero,
1832 962 2160 1040 Serapione
2208 976 2452 1031 mortuo
2494 974 2620 1049 epi-

29 1048 74 1091 ts
115 1031 425 1109 Episcopi,
456 1032 819 1096 eruditione
862 1043 925 1096 et
965 1041 1283 1100 sanctitate
1339 1048 1644 1118 scopatum
1720 1041 2006 1105 ecclesiae
2083 1049 2343 1126 suscepit
2411 1051 2620 1113 Ascle·

29 1114 319 1189 onspicui.
1343 1121 1585 1197 piades:
1654 1122 1760 1199 qui
1827 1125 2266 1201 persecutionis
2336 1137 2618 1208 tempore

70 1189 239 1252 Nulla
282 1200 638 1269 supersunt
692 1193 753 1255 S.
800 1194 1061 1257 Victoris
1103 1197 1282 1272 Acta;
1346 1202 1526 1263 iidem
1587 1198 1808 1262 Christi
1871 1203 2215 1276 confessor,
2280 1211 2617 1273 maximam

34 1276 54 1328 t
90 1286 166 1331 ne
209 1273 272 1330 in
308 1268 613 1350 Capuano
646 1272 961 1334 Breviario
1003 1275 1282 1353 quidem,
1342 1282 1597 1355 gloriam
1628 1282 1943 1343 retulerat.
1976 1282 2170 1359 Hujus
2196 1283 2621 1352 ordinationis

38 1352 80 1408 it
117 1348 445 1425 Ughellius
489 1352 711 1428 (Italia
756 1356 987 1431 sacra),
1033 1356 1150 1417 ulla
1212 1358 1285 1418 de
1342 1363 1725 1423 mentionem
1790 1361 1934 1424 tacit
1976 1363 2321 1427 Alexander
2365 1369 2428 1428 in
2470 1368 2617 1446 Epi-

33 1428 180 1503 psius
247 1431 445 1505 gestis
528 1435 824 1494 memoria
908 1436 1279 1499 continetur.
1340 1440 1488 1502 stola
1558 1440 1630 1501 ad
1700 1440 2143 1504 Antiochenses
2212 1445 2306 1505 his
2376 1450 2612 1511 verbis:

30 1508 206 1581 'auca,
236 1526 399 1587 qnae
446 1511 526 1572 de
575 1510 638 1572 S.
672 1513 916 1574 Victore
964 1515 1282 1589 hahemnS,
1341 1519 1688 1582 Alemander
1727 1538 1937 1583 servas
1967 1523 2075 1584 Dei
2099 1529 2155 1584 et
2196 1525 2434 1589 vinctus
2475 1529 2617 1590 Jesu

29 1589 417 1651 irenei-abili
490 1590 653 1652 Beda
723 1593 1052 1655 haurienda
1116 1605 1281 1657 sunt.
1347 1597 1583 1662 Christi
1656 1598 2037 1663 beatissimae
2115 1604 2616 1672 Antiochensium

29 1666 240 1743 §cripsit
281 1671 500 1747 itaque
546 1670 605 1731 S.
644 1671 850 1733 Victor
896 1682 1095 1733 noster
1135 1691 1287 1754 opus
1340 1679 1622 1742 ecclesiae
1669 1682 1733 1742 in
1778 1681 2027 1743 Domino
2085 1683 2369 1746 salutem.
2417 1688 2618 1767 Empe-

30 1745 295 1821 moddam
362 1750 443 1809 de
509 1751 680 1828 cyclo
742 1751 1023 1827 paschali,
1074 1764 1281 1816 contra
1340 1758 1471 1821 dita
1545 1761 1700 1821 milti
1773 1776 1846 1823 ac
1920 1762 2070 1823 levia
2143 1764 2390 1826 vincula
2458 1769 2619 1830 Deus

29 1825 334 1888 'iictorium
385 1830 809 1907 Aquitanum,
862 1833 1030 1906 cujus
1090 1837 1286 1910 operis
1340 1838 1533 1915 effecit
1576 1839 1882 1903 custodiae
1923 1858 2085 1903 meae
2127 1848 2405 1921 tempore,
2445 1856 2613 1925 post·

29 1907 373 1969 venerabilis
403 1908 571 1971 Beda
621 1910 681 1970 in
726 1909 883 1971 libro
918 1912 1003 1973 De
1032 1914 1287 1976 Ratione
1342 1935 1528 1997 quam
1556 1922 1816 1998 comperi
1831 1921 2241 1998 Asclepiadem
2259 1927 2460 1987 virum
2486 1928 2623 2005 fidei

29 1988 331 2062 ‘amporam
361 1989 585 2050 refert.
620 1989 821 2050 Edidit
850 2007 1091 2068 quoque
1125 1992 1285 2066 Qua·
1342 2000 1553 2060 merito
1574 2001 1841 2061 maxime
1870 2002 2174 2077 idoneum,
2196 2007 2620 2069 sanctissimae

29 2069 144 2125 tuor
210 2067 711 2148 Evanqelzorum*
769 2070 1284 2143 consonantiam,
1341 2078 1620 2141 ecclesiae
1665 2086 1921 2152 vestrae,
1964 2083 2372 2161 episcopatu-m
2412 2085 2619 2149 divina

29 2157 178 2219 quam
208 2149 390 2223 ipsee
412 2164 643 2223 graeco
676 2151 738 2209 in
769 2150 1026 2211 latinum
1059 2152 1283 2214 idioma
1335 2159 1712 2235 providentia
1733 2161 2083 2239 suscepisse.
2113 2161 2460 2226 incidenter
2490 2182 2617 2227 me·

29 2226 420 2291 transtulerat.
451 2228 852 2290 Doctissimus
888 2246 1033 2292 vero
1078 2228 1286 2293 Cardi-
1342 2238 1529 2300 minit
1606 2239 1668 2299 S.
1744 2240 2107 2316 Asclepiadis
2186 2244 2243 2304 S.
2322 2242 2618 2324 Hierony-

30 2300 156 2362 nalis
191 2304 352 2367 Pitra
405 2308 472 2367 in
526 2323 637 2368 suo
676 2307 925 2370 Solesm.
974 2311 1285 2392 spiciteqio
1345 2335 1478 2379 mus
1523 2320 1586 2380 in
1636 2318 1920 2400 Cataloqo
1956 2321 2180 2398 Script.
2225 2323 2478 2396 Eccles„
2513 2327 2616 2387 uhi

29 2378 193 2468 aliqua
228 2387 493 2464 pretiosa
530 2387 871 2466 fragmenta
902 2388 963 2451 S.
999 2389 1281 2466 Victoris,
1342 2399 1414 2461 de
1446 2399 1556 2461 hac
1580 2397 1914 2461 Alexandri
1945 2400 2465 2481 ierosolymorum
2495 2406 2619 2482 epi·
2677 2431 2699 2450 κ

29 2462 252 2537 inedita,
296 2482 531 2546 nempe
593 2467 814 2530 scholia
866 2471 926 2530 in
972 2467 1281 2546 Genesim,
1341 2481 1502 2559 scopi
1547 2479 1796 2557 epistola
1830 2482 1904 2542 ad
1939 2480 2375 2545 Antiochenses
2415 2484 2618 2563 loqui-

29 2546 73 2598 at
109 2540 299 2606 forsan
347 2548 413 2608 in
460 2547 739 2608 Exodum
770 2595 784 2620 ,
832 2563 1031 2628 nuper
1070 2551 1282 2613 edidit.
1346 2566 1466 2620 tur.
1517 2559 1901 2621 Bollandistis
1957 2560 2327 2640 probabilius
2371 2565 2619 2628 videtur

29 2618 100 2678 Ad
163 2625 301 2685 haec
363 2633 457 2687 est
520 2626 791 2689 addenda
854 2633 1285 2694 commentatio
1339 2638 1399 2702 S.
1450 2638 1868 2717 Asclepiadem
1913 2642 2120 2702 sedem
2167 2642 2617 2707 Antiochenam

29 2706 113 2757 aut
153 2710 425 2766 recensio
459 2708 791 2767 correctior
821 2706 1084 2769 Actuum
1129 2710 1284 2787 Apo·
1340 2719 1415 2780 ab
1444 2733 1612 2780 anno
1640 2719 1754 2779 211
1787 2719 1858 2782 ad
1904 2736 2137 2783 annum
2169 2721 2285 2783 217
2321 2726 2616 2800 tenuisse3
2713 2756 2719 2766 ·

29 2777 320 2857 stolorum,
364 2785 675 2863 Epistolae
714 2785 774 2847 S.
821 2787 1027 2849 Jacohi
1071 2789 1144 2851 ad
1189 2791 1284 2851 di·
1345 2814 1454 2859 nec
1499 2800 1662 2859 inter
1690 2802 2015 2873 cruciatuS,
2045 2802 2330 2879 quamvis
2357 2819 2458 2864 eos
2487 2821 2617 2882 pas-

29 2869 234 2929 Silersos
275 2873 337 2924 et
381 2864 609 2943 Apocal
662 2882 848 2942 oscos,
892 2868 1063 2946 cujus
1115 2878 1282 2932 auto·
1341 2895 1442 2939 sus
1485 2877 1699 2940 fuisset
1739 2888 2064 2958 antequam
2088 2881 2413 2960 Episcopus
2456 2887 2619 2946 ordi-

30 2939 303 3014 ssr'dpbum
369 2944 554 3006 bodie
667 2944 865 3020 ulliae,
910 2957 975 3009 ut
1016 2950 1281 3023 Videtur,
1344 2965 1631 3029 naretur,
1693 2958 1880 3020 vitam
1943 2976 2117 3022 suam
2191 2964 2614 3041 complevisse.

29 3025 218 3082 exstat.
266 3021 427 3086 Haec
478 3034 624 3086 sunt
663 3026 915 3104 quidem
961 3030 1283 3106 praecipua
1342 3036 1465 3099 Nec
1555 3036 1812 3115 proinde
1893 3037 2277 3118 Asclepiades
2363 3043 2615 3122 Mar-tyr

32 3087 209 3159 Sancti
253 3107 440 3166 nostri
479 3107 728 3182 scripta,
759 3122 1022 3185 quornm
1066 3111 1282 3172 notitia
1344 3118 1619 3196 proprie,
1689 3118 1792 3179 sed
1865 3120 2064 3196 potius
2138 3118 2460 3198 Confessor
2527 3132 2621 3186 est

30 3171 88 3231 ad
127 3191 228 3238 nos
267 3185 575 3258 pervenit.
622 3185 736 3259 (Ex
779 3185 1108 3264 Bolland.).
1342 3197 1663 3259 diceuduS.

78 3324 744 3378 ommonsso.ffl1..nov.
912 3339 1038 3379 ⁰0⁹³·
1068 3340 1232 3383 Um·
1421 3355 1781 3426 hlanrrnot.
1813 3389 1890 3400 —
1933 3357 1998 3418 ln
2051 3362 2360 3422 territorio
2405 3361 2619 3423 Belva-

103 3413 448 3486 tun-rrum..
494 3461 575 3471 —-
616 3425 842 3488 Natalis
874 3427 1028 3490 beati
1062 3429 1279 3491 Lucae
1341 3437 1505 3498 censi
1569 3438 1762 3497 sancti
1827 3436 1991 3499 Jusri
2039 3438 2354 3514 Martyris,
2417 3442 2619 3504 adhuc

36 3486 456 3578 Evangelistae,
499 3507 605 3583 qui
675 3506 857 3569 multa
920 3523 1125 3586 passus
1178 3525 1285 3587 pro
1387 3532 1494 3577 uer
1541 3520 1601 3576 in
1646 3520 2070 3591 persecutione
2103 3519 2461 3582 Diocletiani
2506 3521 2622 3583 sub

36 3565 234 3662 Christi
269 3584 535 3654 nomine,
559 3585 794 3664 Spiritu
827 3586 1042 3649 Sancto
1072 3588 1286 3666 plenus
1342 3532 1693 3657 Rictiovaro
1729 3596 2006 3659 Praeside
2047 3614 2252 3661 caesus
2294 3610 2406 3662 est.
2443 3601 2619 3673 (Vide

38 3648 171 3712 ohnt
230 3660 291 3720 in
351 3662 673 3738 Bithynia:
718 3668 889 3743 cujus
950 3683 1076 3728 ossa
1133 3666 1286 3728 Con·
1342 3675 1628 3746 Surium,
1672 3692 1809 3754 pag.
1854 3675 2020 3752 537).

38 3733 467 3818 stantinopolim
508 3745 792 3808 translata
838 3754 1005 3816 sunt,
1038 3753 1097 3807 et
1145 3747 1284 3808 inde

40 3803 331 3880 Patavium
404 3823 616 3888 delata.
699 3826 900 3902 (Vide
973 3827 1234 3887 Suriam
1265 3873 1281 3902 ,
1521 3831 1584 3894 S.
1630 3833 2193 3900 ATHENODORUS
2238 3837 2436 3902 Eptec.

44 3899 161 3965 1³³8·
202 3894 360 3975 523)·
1581 3941 1814 4004 Passus
1855 3950 1945 4005 est
1987 3945 2232 4007 saeculo
2258 3947 2376 4008 III.

220 4053 277 4117 S.
326 4058 829 4126 ASCLEPIADES
874 4064 1081 4128 Emst.
1420 4075 1782 4139 Mannum..
1831 4112 1907 4124 -
1949 4078 2391 4142 Neocaesareae
2452 4083 2483 4116 *
2548 4083 2614 4144 in

151 4156 369 4226 Passus
410 4176 493 4231 ρει
535 4171 703 4233 circa
746 4188 987 4234 annum
1018 4171 1157 4234 217,
1343 4153 1533 4217 Ponto
1556 4159 1742 4217 sancti
1767 4158 2481 4238 ArnemoooniEpiscopi,
2507 4160 2619 4222 ira·

1345 4235 1453 4295 tris
1481 4238 1672 4297 sancti
1707 4235 1987 4315 Gregorii
2019 4239 2487 4316 Thaumaturgi‚
2510 4243 2617 4318 qui

118 4280 280 4351 Man‘r
321 4309 447 4361 aot..
509 4337 584 4346 —
656 4303 1019 4366 Antiochiae
1088 4305 1282 4367 sancti

53 4353 92 4416 Α
540 4384 550 4394 .
707 4385 717 4394 .
885 4388 892 4396 ,
1238 4386 1250 4397 ,
1396 4351 1421 4378 ³⁸¹
1441 4351 1592 4392 Hodie
1611 4353 1795 4399 Nix-sar.
1813 4356 1966 4404 petria
1986 4356 2030 4396 S.
2050 4356 2264 4407 Gregorii
2279 4354 2619 4407 ‘rheumaturgt

100 4374 256 4429 setar>
314 4407 315 4412 κ
361 4392 409 4438 is
452 4379 745 4461 Episcopi,
790 4401 894 4462 qui
962 4400 1126 4447 unus
1168 4385 1283 4448 suit
1342 4412 1743 4464 emmenum,
