2993 4837
484 351 609 413 414
1131 364 1206 409 ne
1255 365 1309 409 s.
1365 360 1642 409 marino
1692 363 1783 407 ΕΡ.
1843 361 2195 407 τυιιοΝΕΝεῐ
2594 340 2743 407 Not.
2780 342 2851 409 tt-

397 451 589 519 beato
641 451 781 518 viro
828 448 1062 516 eadem
1118 447 1229 515 illa
1284 447 1473 536 virgo
1525 446 1937 514 transmisit:
1995 444 2282 531 fecitque
2341 443 2676 523 Martinus,
2716 440 2871 530 quui

396 553 549 608 ante
600 560 730 606 non
787 537 1054 606 fecerat.
1098 536 1366 606 Nullius
1400 535 1582 602 enim
1622 535 1732 602 ille
1778 557 2082 620 unquam
2136 533 2441 612 xenium,
2483 533 2720 601 nullius
2746 544 2861 613 nit

398 650 527 696 nus
561 628 843 716 accepit.
882 625 1059 694 Nihil
1096 648 1174 693 ex
1227 625 1354 704 his,
1395 646 1571 710 quae
1624 626 1811 713 virgo
1868 621 2273 691 venerabilis
2328 623 2623 699 miserat,
2676 620 2864 691 reltm»

395 718 510 795 vit,
554 716 812 794 dicens,
855 714 1391 784 benedictionem
1432 712 1619 781 illius
1659 736 1696 780 a
1734 711 2081 781 sacerdote
2130 712 2414 779 minime
2446 710 2857 801 respuenda,

394 827 567 891 quae
624 817 799 873 esset
852 803 1084 872 multis
1124 801 1599 872 sacerdotibus
1652 800 2117 890 praeferenda.

1107 1038 1207 1101 Ex
1279 1035 1627 1101 DIALOGO
1678 1036 1773 1099 111
1840 1034 2228 1109 EJUSDEM‚

1214 1198 1439 1243 t-:tSDEn
1487 1194 2133 1243 INTERLOCUTORIBUS.

483 1339 517 1423 ξ
567 1342 640 1408 1.
704 1334 982 1403 Gallus:
1049 1334 1468 1403 Convenistis
1518 1334 1603 1402 ad
1659 1355 1761 1401 me
1812 1333 2263 1413 audiendum,
2308 1345 2373 1401 et
2421 1331 2670 1411 sancti,
2721 1344 2776 1399 et
2813 1328 2891 1397 di—

397 1425 593 1495 serti:
636 1423 748 1493 sed
796 1422 1147 1511 religiosas
1186 1424 1432 1511 potius,
1473 1445 1680 1509 quam
1732 1422 1965 1490 doctas
2001 1444 2227 1500 aureS,
2289 1433 2359 1488 ut
2393 1420 2716 1499 arbitror,
2752 1431 2885 1488 atta·

398 1513 603 1583 listis:
642 1511 944 1581 audituri
1000 1534 1104 1580 me
1137 1512 1269 1580 fide
1305 1513 1514 1592 testiS,
1561 1533 1690 1580 non
1722 1511 2009 1580 oratoris
2042 1511 2262 1599 copia,
2297 1508 2719 1598 locuturum.
2749 1513 2793 1590 Q

396 1616 619 1671 autem
685 1602 998 1669 hesterno
1046 1600 1228 1669 dicta
1277 1613 1483 1681 sunt,
1542 1622 1674 1669 non
1732 1599 2092 1669 revolvam.
2150 1598 2274 1668 Illa
2342 1598 2464 1685 qui
2517 1620 2653 1666 non
2705 1594 2891 1665 audi&

400 1704 607 1771 runt,
660 1712 737 1759 ex
789 1689 1065 1778 scriptis
1143 1703 1653 1778 recognoscent.
1707 1694 1885 1757 Nova
1957 1688 2495 1756 Postliumianus
2567 1696 2883 1776 exspectat,

401 1780 858 1848 nunciaturus
893 1778 1173 1857 Orienti,
1215 1801 1296 1846 ne
1347 1801 1418 1847 se
1468 1778 1537 1846 in
1571 1778 2081 1867 comparatione
2131 1776 2398 1845 Martini
2445 1774 2775 1864 praeferat
2800 1777 2893 1842 00·

396 1868 675 1938 cidenti.
728 1873 815 1935 Ac
867 1867 1165 1956 primum
1220 1868 1420 1955 gestit
1474 1867 1788 1949 animuS,
1854 1866 2035 1953 quod
2096 1865 2515 1954 Refrigerius
2568 1866 2636 1932 in
2703 1882 2891 1932 aurem

397 1957 743 2047 suggerit,
810 1956 1173 2044 explicare.
1242 1961 1371 2026 Res
1445 1956 1511 2023 in
1565 1960 1938 2024 Carnotena
1988 1969 2176 2043 gesta
2234 1966 2335 2022 est
2396 1953 2695 2021 civitate.
2748 1957 2897 2019 Patet·

398 2045 610 2114 filiam
663 2044 1124 2125 duodennem,
1181 2045 1266 2113 ab
1316 2058 1507 2114 utero
1560 2057 1817 2112 mutam
1877 2043 2201 2133 puellam,
2249 2042 2536 2111 Martino
2587 2036 2897 2130 coepitol-

398 2134 594 2211 ferre,
667 2155 950 2220 poscens
999 2147 1073 2202 ut
1124 2133 1431 2223 linguam
1494 2133 1800 2223 ligatam,
1866 2132 2125 2201 meritis
2173 2131 2318 2200 suis
2368 2135 2665 2199 Sanctus
2714 2128 2901 2198 absol-

402 2236 603 2291 veret.
643 2222 764 2292 Ille
803 2222 1052 2291 cedens
1103 2222 1479 2311 EpiscopiS,
1519 2222 1638 2308 qui
1682 2235 1824 2290 tum
1878 2221 2044 2290 sorte
2079 2220 2256 2288 latus
2291 2219 2480 2288 illius
2513 2219 2896 2291 ambiebant.

403 2313 874 2380 Valentiniano
922 2323 1124 2396 atque
1175 2311 1510 2388 victricio,
1568 2311 1901 2399 imparem
1965 2333 2036 2378 se
2083 2331 2230 2377 esse
2280 2320 2505 2376 tantae
2577 2307 2765 2383 moli,
2812 2302 2899 2373 sed

401 2392 538 2472 illis
599 2400 798 2488 quasi
850 2400 1307 2471 sanctioribus
1345 2399 1515 2468 nihil
1560 2398 2010 2489 impossibile,
2065 2398 2424 2467 fatebatur.
2481 2402 2556 2465 At
2632 2395 2730 2464 illi
2789 2395 2903 2486 pias

403 2512 635 2580 preces
686 2512 822 2558 una
871 2512 1029 2558 cum
1085 2502 1270 2578 patre
1304 2488 1605 2578 supplici
1656 2510 1815 2557 voce
1853 2489 2247 2577 jungenteS,
2285 2508 2480 2555 orare
2530 2486 2897 2560 Mat-tinum,

402 2593 475 2648 ut
507 2591 773 2668 sperata
811 2590 1200 2667 praestaret.
1241 2582 1370 2646 Nec
1420 2590 1783 2646 cunctatus
1818 2576 1995 2645 ultra
2026 2577 2428 2666 (utrumque
2472 2574 2900 2663 praeclarum,

401 2683 463 2736 et
511 2666 930 2736 ostendendo
979 2666 1433 2736 humilitatem
1467 2722 1481 2746 ‚
1538 2688 1661 2735 nec
1710 2665 2086 2734 differendo
2139 2663 2518 2754 pietatem),
2557 2662 2759 2752 jubet
2802 2662 2904 2730 cir-

400 2756 807 2824 cumstantis
861 2755 1094 2844 populi
1139 2754 1650 2824 multitudinem
1704 2755 2118 2823 submoveri.
2160 2754 2514 2843 Episcopis
2567 2764 2827 2820 tantum
2861 2759 2905 2817 et

405 2843 673 2935 puellae
724 2857 910 2933 patre
959 2844 1459 2924 assistentibuS,
1519 2845 1586 2911 in
1631 2844 2004 2912 orationem
2068 2863 2191 2912 suo
2239 2841 2357 2910 illo
2409 2862 2597 2909 more
2650 2853 2909 2929 proster-

407 2934 632 3001 nitur:
687 2933 842 3001 dein
898 2932 1274 3021 pauxillum
1313 2932 1442 3002 olei
1491 2954 1648 3001 cum
1700 2932 2062 3001 exorcismi
2118 2929 2535 3020 praefatione
2567 2927 2903 3002 benedicit,

402 3035 604 3108 atquc
652 3021 739 3089 ita
792 3023 859 3089 in
909 3043 983 3091 os
1037 3021 1301 3110 puellae
1334 3020 1838 3090 sanctificatum
1887 3019 2244 3106 liquorem,
2299 3040 2458 3087 cum
2510 3031 2577 3086 et
2627 3017 2905 3107 linguam

403 3110 590 3180 illius
626 3109 858 3200 digitis
891 3122 1164 3190 teneret,
1211 3109 1488 3178 infudit.
1527 3115 1657 3180 Nec
1694 3109 1927 3178 fefellit
1960 3114 2281 3177 Sanctum
2317 3106 2589 3175 virtutis
2628 3119 2904 3174 eventus.

400 3200 616 3269 Patris
669 3221 912 3268 nomen
965 3199 1383 3288 interrogat,
1441 3220 1595 3267 mox
1666 3197 1781 3266 illa
1835 3196 2219 3285 respondet.
2297 3195 2684 3264 Proclamat
2751 3207 2909 3283 pater

401 3311 557 3358 cum
611 3288 863 3378 gaudio
916 3288 1164 3377 pariter
1209 3302 1273 3357 et
1321 3287 1689 3374 lacrymis,
1754 3287 2022 3355 Martini
2096 3307 2319 3374 genua
2373 3283 2817 3372 complexus:
2860 3292 2909 3347 et

404 3379 580 3446 hanc
628 3377 917 3467 primam
970 3399 1041 3446 se
1091 3377 1270 3446 filiae
1325 3376 1601 3446 audisse
1651 3398 1905 3456 vocem,
1961 3374 2230 3444 cunctis
2279 3374 2743 3462 stupentibus,
2778 3371 2907 3439 sate-

400 3468 623 3536 batur.
666 3471 750 3535 Ac
793 3489 876 3535 ne
922 3466 1246 3552 cuiquam
1298 3465 1363 3533 id
1408 3464 1574 3534 sorte
1625 3463 2027 3533 incredibile
2059 3462 2390 3542 videatur,
2432 3462 2785 3551 perhibeat
2821 3478 2907 3524 vo-

403 3557 509 3626 bis
561 3577 881 3644 praesens
931 3555 1258 3644 Evagrius
1304 3553 1770 3624 testimonium
1811 3553 2132 3622 veritatis.
2180 3556 2344 3621 Nam
2398 3573 2503 3620 res
2554 3551 2705 3639 ipso
2748 3567 2907 3638 prae·
2964 3555 2965 3636 ξ

405 3658 591 3714 sente
627 3656 769 3714 tum
809 3656 994 3733 gesta
1029 3655 1131 3714 est
1141 3694 1273 3711 .....
2964 3649 2965 3714 l

491 3736 525 3821 ᾖ
577 3739 664 3804 2.
719 3734 1005 3803 Avitiani
1052 3731 1400 3820 quondam
1453 3731 1722 3800 comitis
1773 3729 2111 3799 noveratis
2158 3728 2521 3798 barbaram
2581 3726 2813 3803 nimis,
2857 3734 2905 3789 et
2964 3725 2965 3740 ¹

404 3823 584 3893 ultra
648 3844 886 3892 omnes
949 3835 1330 3899 cruentam,
1381 3820 1736 3889 sei-itatem.
1794 3820 1916 3887 Hic
1968 3818 2207 3886 rabido
2276 3818 2523 3907 spiritu
2587 3815 2903 3904 ingressus

405 3918 752 3982 Turonum
805 3912 1170 3990 civitatem,
1225 3909 1669 3996 sequentibus
1717 3931 1872 3977 eum
1930 3906 2302 3975 miserabili
2369 3906 2535 3974 facie
2575 3903 2903 3996 ordinibus

404 4000 755 4081 catenatiS,
809 4000 1077 4069 diversa
1127 3998 1494 4100 perdendis
1548 3998 1774 4088 parari
1816 3996 2013 4085 jubet
2076 4017 2326 4084 genera
2382 4015 2776 4083 poenarum,
2823 3988 2902 4055 dt-

407 4111 705 4179 sponens
759 4101 1023 4178 postero
1071 4088 1204 4169 die,
1260 4087 1544 4156 attonita
1584 4087 1871 4166 civitate,
1920 4085 2001 4153 ad
2057 4106 2233 4173 opus
2283 4096 2417 4152 tam
2465 4082 2648 4151 triste
2702 4096 2901 4168 proce·

406 4178 587 4246 dere.
620 4178 812 4260 Quod
864 4179 977 4247 ubi
1032 4178 1319 4246 Martino
1352 4189 1776 4266 compertum
1812 4186 1936 4252 est,
1974 4173 2165 4242 solus
2204 4172 2408 4263 paulo
2441 4184 2596 4240 ante
2638 4167 2895 4238 mediam

409 4278 671 4333 noctem
715 4266 800 4332 ad
856 4266 1266 4355 praetorium
1307 4265 1560 4335 bestiae
1614 4264 1801 4333 illius
1864 4261 2099 4332 tendit.
2164 4262 2291 4331 Sed
2348 4283 2506 4330 cum
2560 4253 2897 4349 profundae

412 4354 627 4420 noctis
675 4352 943 4423 silentio
976 4355 1489 4441 quiescentibus
1537 4354 1826 4432 cunctis,
1869 4351 2041 4420 nulli
2076 4350 2340 4422 foribus
2372 4348 2693 4420 obseratis
2727 4353 2893 4444 pate·

413 4453 509 4508 ret
559 4441 930 4528 ingressus,
971 4456 1123 4510 ante
1175 4442 1414 4511 limina
1446 4457 1728 4512 cruenta
1764 4440 2240 4531 prosternitur.
2290 4444 2548 4509 Interea
2589 4435 2890 4504 Avitianus
