2993 4837
535 290 662 353 432
1345 304 1424 352 m:
1473 308 1527 353 s.
1583 307 1856 353 marino
1909 307 2063 351 rapx
2650 286 2818 352 Not.
2862 287 2923 349 ΙΞ

451 391 940 490 improperiosa
975 404 1038 459 et
1065 413 1301 460 amara
1335 391 1634 480 plurima
1673 391 2053 480 ingerentes
2086 405 2317 459 contra
2352 413 2508 460 eum
2535 413 2551 457 ε
2574 412 2714 459 -eos
2740 404 2933 459 autem

450 501 567 566 qut
607 479 1019 550 munuscula
1060 479 1484 558 detulissent,
1528 480 1803 567 injuriis
1850 493 1914 548 et
1976 480 2370 550 verberibus
2417 479 2824 559 afficiebant,
2852 477 2937 546 di-

448 580 677 637 centes
724 567 807 636 ad
858 590 1008 637 eos:
1046 591 1080 632 «
1134 570 1567 654 Quicumque
1611 582 1903 637 vestrum
1939 568 2165 657 diligit
2211 570 2443 647 istum,
2490 568 2819 637 inimicus
2862 582 2941 633 est

454 656 917 744 Reipublicae.
956 680 990 722 »ι
1024 656 1505 742 Nunquidnam
1549 657 1609 723 ei
1661 656 1786 725 hoc
1828 656 2048 725 solum
2107 678 2239 725 non
2278 656 2540 726 valebat
2574 655 2825 724 inferre
2846 654 2943 723 do-

455 744 659 813 lorem
714 745 1342 833 incomparabilem,
1389 768 1596 834 super
1645 745 2107 814 infirmitatem
2166 767 2339 831 quae
2389 744 2582 813 illum
2625 742 2821 813 valde
2854 742 2943 811 de-¹

453 833 840 923 primebat‘?
884 834 1134 901 Exinde
1186 834 1392 923 igitur
1440 833 1781 913 custodes,
1817 834 1937 918 qui
1989 834 2365 902 retinebant
2418 856 2607 910 eum,
2660 832 2943 921 praemit-

454 934 670 991 tentes
737 923 1066 991 nuncium
1138 922 1224 990 ab
1276 921 1502 991 insula
1551 927 1774 991 Naxon
1845 922 1909 989 in
1973 924 2414 1010 Byzantium,
2481 922 2851 991 adventum
2898 932 2943 987 et

454 1010 836 1098 captionem
890 1011 1039 1100 ejus
1094 1011 1601 1089 nuntiaverunt,
1663 1010 2037 1098 proferente
2083 1010 2410 1080 adversus
2457 1033 2619 1078 eum
2689 1009 2943 1099 plurima

459 1098 661 1179 mala,
707 1097 1201 1187 proclamantes
1252 1098 1442 1167 illum
1484 1100 1924 1178 haereticum,
1968 1113 2031 1167 et
2070 1099 2412 1179 rebellem,
2454 1100 2716 1186 Deique
2753 1098 2943 1165 adver-

455 1187 742 1267 sarium,
781 1200 843 1255 et
890 1187 1385 1256 subvertentem
1438 1188 1823 1257 universam
1870 1202 2114 1256 terram
2170 1194 2669 1259 Romanorum.

542 1278 577 1362 §
629 1282 774 1347 16.
820 1280 1125 1362 Cumque
1175 1275 1443 1344 tandem
1484 1277 1895 1365 pervenisset
1938 1277 2174 1346 beatus
2211 1277 2543 1345 Martinus
2578 1274 2943 1365 Byzantium

461 1363 1018 1453 septimodecimo
1087 1364 1196 1433 die
1259 1364 1513 1433 mensis
1578 1364 1992 1451 Septembris
2037 1366 2116 1444 ⁴,
2173 1366 2236 1432 in
2292 1379 2489 1453 portu
2564 1364 2943 1454 Euphemiae

463 1452 644 1521 'uxta
696 1453 1124 1532 Archadiam,
1164 1473 1294 1521 non
1335 1452 1812 1542 permittebant
1852 1452 1950 1520 illi
2004 1454 2293 1522 ministri
2348 1453 2687 1522 recubare
2729 1452 2796 1520 in
2829 1472 2943 1540 gra-

504 1554 611 1608 ato
647 1541 860 1618 navis,
916 1563 951 1608 a
1005 1563 1203 1610 mane
1254 1563 1468 1627 usque
1505 1541 1571 1608 in
1626 1541 1857 1609 horam
1902 1540 2263 1622 decimam,
2301 1554 2579 1627 eratque
2624 1552 2943 1635 spectacu3

456 1628 598 1697 lum
651 1629 975 1699 omnibus
1022 1641 1087 1698 et
1143 1629 1405 1718 angelis
1466 1641 1531 1698 et
1598 1629 2022 1699 hominibus.
2076 1629 2494 1699 Accedebant
2555 1631 2751 1699 enim
2817 1626 2943 1696 varii

456 1716 795 1796 homines)
851 1739 1023 1804 quos
1095 1731 1366 1807 propter
1412 1717 1654 1787 ferales
1722 1740 1943 1787 mores
1999 1718 2283 1787 dixerim
2350 1718 2658 1806 lupaces,
2717 1731 2783 1787 et
2826 1716 2943 1784 talia

455 1804 762 1875 fecerunt
821 1819 1056 1875 contra
1104 1818 1412 1875 sanctum
1464 1811 1713 1895 Papam
1749 1860 1764 1886 ‚
1818 1805 2045 1892 qualia
2102 1830 2141 1875 a
2190 1807 2592 1876 Christianis
2644 1807 2789 1875 dici
2849 1824 2943 1871 non

456 1908 740 1981 oportet.
785 1894 1058 1963 Videres
1117 1916 1409 1981 namque
1458 1894 1938 1964 miserabiliter
1989 1909 2301 1965 sanctum
2364 1895 2583 1964 virum
2658 1897 2753 1965 ita
2807 1893 2943 1991 deje-

455 1996 667 2062 ctum,
724 1994 925 2068 atque
972 1983 1395 2072 despectum,
1434 1995 1509 2051 ut
1554 1983 1755 2051 etiam
1798 1983 2051 2052 ethnici
2090 1983 2340 2052 multas
2370 1983 2466 2051 illi
2508 1983 2943 2074 blasphemias

459 2071 806 2149 inferrent,
864 2071 1031 2139 nihil
1084 2071 1270 2139 aliud
1319 2084 1724 2157 quaerentes
1774 2072 1900 2140 nisi
1960 2086 2033 2141 ut
2077 2072 2422 2141 auferrent
2455 2073 2771 2141 animam
2805 2070 2933 2155 ejus.

461 2160 711 2229 Dehinc
743 2160 924 2229 circa
959 2159 1120 2229 solis
1149 2182 1469 2228 occasum
1508 2160 1687 2228 venit
1719 2159 1998 2245 quidam
2051 2161 2274 2229 scriba
2323 2161 2600 2229 nomine
2655 2158 2943 2249 sagoleba

456 2270 614 2316 cum
655 2247 887 2318 multis
927 2247 1459 2327 excubitoribuS,
1504 2261 1568 2315 et
1614 2247 1996 2317 auferentes
2039 2249 2309 2317 beatum
2345 2249 2564 2317 virum
2603 2249 2694 2317 de
2732 2248 2932 2321 lembo.

460 2350 838 2427 posuerunt
899 2338 965 2406 in
1018 2337 1353 2428 gestori0‚
1412 2336 1889 2424 duxeruntque
1962 2336 2025 2404 in
2100 2337 2477 2407 custodiam
2542 2334 2932 2408 excubitorii.

456 2448 632 2513 quae
679 2427 1203 2516 cognominatur
1253 2426 1670 2506 Prandiaria,
1714 2440 1777 2495 et
1828 2425 1980 2494 fecit
2031 2426 2221 2495 illum
2267 2427 2487 2496 scriba
2542 2427 2812 2497 includi
2846 2423 2935 2492 sub

460 2514 671 2582 multa
722 2514 1054 2595 custodia,
1103 2514 1528 2603 praecipiens
1582 2528 1651 2583 ut
1701 2514 1934 2583 nullus
1995 2515 2264 2604 penitus
2311 2515 2395 2583 de
2451 2515 2726 2585 civitate
2782 2514 2941 2583 sciret

459 2602 637 2688 quod
700 2604 766 2670 in
817 2602 1051 2671 eodem
1120 2617 1296 2671 esset
1340 2603 1685 2672 excubitu.
1739 2604 1981 2671 Mansit
2054 2604 2260 2692 igitur
2322 2604 2498 2672 idem
2550 2603 2942 2691 Apostolicux

463 2703 741 2759 sanctus
793 2691 859 2758 in
920 2690 1033 2759 illa
1096 2690 1403 2760 custodia
1463 2691 1834 2780 nonaginta
1887 2705 2018 2760 tres
2066 2692 2211 2761 dies
2260 2693 2405 2761 sine
2456 2692 2942 2782 participatione,

460 2776 756 2866 alicujus
808 2780 1164 2848 sermonis.
1223 2785 1296 2848 In
1343 2781 1488 2869 ipsa
1544 2801 1696 2848 vero
1749 2801 1923 2848 nona
1977 2781 2193 2850 esima
2242 2781 2431 2849 tertia
2489 2780 2624 2861 die,
2665 2802 2831 2868 quae
2870 2787 2939 2856 ei

459 2866 604 2934 dies
647 2873 1033 2946 parasceve,
1074 2890 1272 2936 mane
1323 2867 1626 2937 tulerunt
1668 2867 1861 2936 illum
1962 2892 1996 2937 e
2042 2869 2375 2947 custodia,
2417 2867 2939 2948 constituendum

461 2954 529 3022 in
566 2954 734 3023 cella
769 2955 1102 3024 sacellarii
1136 2957 1226 3036 *⁴2
1274 2957 1595 3041 jubentes
1640 2957 1858 3046 pridie
1904 2958 2266 3025 convenire
2304 2980 2579 3026 omnem
2635 2970 2939 3028 senatum*

459 3043 637 3129 quod
704 3059 766 3112 et
807 3044 1055 3114 sactum
1099 3058 1220 3113 est.
1273 3051 1642 3114 Jusserunt
1689 3059 1912 3113 autem
1974 3045 2169 3114 illum
2229 3046 2595 3126 introduci,
2651 3062 2716 3116 et
2772 3048 2933 3113 intro·

460 3131 800 3200 duxerunt
834 3155 987 3202 eum
1041 3135 1109 3201 in
1164 3132 1328 3203 sella
1365 3133 1753 3222 portatoria,
1792 3147 1934 3202 erat
1981 3134 2162 3202 enim
2204 3134 2473 3223 penitus
2507 3157 2733 3224 aeger,
2782 3151 2933 3222 prae-

460 3221 661 3309 cipue
690 3233 913 3292 autem
960 3221 1096 3290 illis
1145 3223 1388 3291 diebus
1425 3244 1584 3310 prae
1636 3223 2085 3310 navigatione,
2127 3235 2191 3291 et
2237 3223 2601 3291 afflictione
2635 3220 2933 3293 custodiae

463 3332 582 3399 per
631 3324 721 3378 tot
769 3310 913 3378 dies
959 3311 1252 3379 effectae.
1301 3310 1670 3379 Intendens
1718 3324 1940 3379 autem
1983 3312 2045 3378 in
2084 3333 2240 3378 eum
2297 3312 2585 3397 primus,
2626 3315 2747 3398 qui
2783 3327 2937 3400 prae-i

464 3398 727 3467 sidebat
767 3399 1162 3467 sacellarius
1212 3420 1368 3467 cum
1415 3397 1696 3485 reliquis
1750 3399 2177 3488 principibus
2215 3421 2257 3467 a
2307 3400 2527 3489 longe,
2573 3401 2781 3489 jussit
2814 3411 2929 3465 eum

462 3508 741 3576 surgere
767 3511 799 3555 a
832 3487 1085 3557 ferculo
1110 3487 1214 3522 *¹⁶*
1245 3499 1308 3555 et
1335 3487 1628 3556 adstare.
1654 3489 2024 3576 Agentibus
2057 3487 2473 3574 quibusdam
2512 3490 2927 3560 ministrorum

463 3597 597 3643 non
653 3575 873 3645 valere
911 3598 1066 3644 eum
1110 3588 1310 3656 stare,
1352 3575 1663 3644 turbatus
1715 3597 1873 3662 prae
1924 3576 2135 3644 multa
2187 3577 2282 3643 ira
2318 3576 2721 3646 sacellarius
2762 3570 2929 3644 excla-

463 3665 692 3744 mavit,
737 3679 801 3734 et
851 3665 1130 3751 quidam
1183 3664 1266 3731 de
1313 3664 1623 3732 custodia
1684 3686 1841 3731 cum
1888 3662 2025 3745 illo,
2080 3686 2357 3753 surgere
2417 3686 2575 3733 eum
2629 3665 2850 3735 debere
2884 3667 2923 3751 el

459 3752 726 3821 adstare
758 3775 1081 3820 sensurae
1101 3752 1239 3786 *Ψ*
1266 3752 1664 3821 subnixum.
1691 3754 1802 3820 Vir
1826 3766 2049 3821 autem
2082 3754 2347 3821 Domini
2375 3755 2689 3832 surrexit,
2712 3769 2769 3822 et
2794 3753 2935 3830 stetit,

462 3843 528 3910 in
586 3842 828 3910 medio.
887 3841 1295 3910 sacellarius
1344 3852 1569 3909 autem
1611 3840 1830 3927 inquit
1886 3841 1966 3909 ad
2010 3863 2217 3910 eum:
2282 3865 2316 3907 «
2373 3842 2509 3921 Dic,
2555 3843 2774 3921 miser,
2804 3828 2921 3923 quid

464 3930 584 3998 tibi
624 3930 783 3999 mali
814 3930 1042 3999 fecerit
1071 3934 1468 4019 Imperator,
1508 3927 1661 3997 tulit
1696 3952 1735 4014 a·
1770 3942 1829 3998 te
1863 3929 2149 4015 aliquid,
2184 3943 2303 4000 aut
2332 3932 2667 4020 oppressit
2696 3944 2749 3998 te
2778 3925 2920 4021 ibij»

464 4018 584 4087 Ille
631 4032 856 4087 autem
897 4018 1179 4086 tacebat.
1220 4024 1407 4086 Tunc
1454 4017 1549 4086 ait
1596 4017 1676 4086 ad
1730 4040 1886 4088 eum
1933 4018 2377 4088 sacellarius:
2417 4043 2453 4084 ε(
2508 4024 2918 4109 Imperatoriae

466 4108 608 4175 voci
653 4129 782 4175 non
832 4107 1243 4195 respondes?
1280 4127 1433 4175 ecce
1467 4129 1652 4175 nunc
1687 4106 2159 4196 ingredientur
2197 4121 2625 4178 accusatores
2675 4107 2780 4175 tui.
2815 4127 2842 4168 »
2870 4101 2917 4163 E!

518 4251 542 4274 ὴ

519 4252 880 4342 *·Α8ῃτῗι331ῗὲξὶιιε
909 4304 1031 4342 idem
1060 4304 1161 4342 erat
1191 4314 1242 4342 ac
1271 4304 1482 4343 thesauri
1513 4306 1684 4344 custos.

519 4353 600 4378 *Ψ*
629 4361 752 4399 Quae
783 4361 853 4393 est
884 4357 1002 4394 solla.
1031 4356 1295 4402 gestatoria.

517 4405 622 4430 *νῦ
657 4408 936 4445 Vocabulum
964 4414 1248 4458 corruptum.
1277 4410 1414 4449 Forte
1442 4421 1661 4456 censue-ae,
1688 4411 1906 4451 videlicet
1934 4410 2134 4450 exauiini
2163 4412 2237 4451 vel
2262 4410 2453 4460 judicio.
