2993 4837
86 339 225 405 lov.
278 340 303 404 4
857 361 1050 409 senno
1098 363 1174 408 nn
1220 359 1500 409 oxmnus
1549 361 1806 409 sANcns
2425 346 2506 410 47

84 440 504 530 lacrymarum
565 442 987 513 voluntatem
1042 446 1152 514 Dei
1218 445 1457 515 volunt
1507 445 1654 514 fieri
1717 446 1893 515 sicut
1947 446 2014 513 in
2072 445 2309 520 coelo,
2379 446 2464 514 ita
2521 446 2590 514 in

81 546 261 599 terra:
311 532 494 601 sicut
543 532 616 599 in
673 533 982 622 AngeliS,
1045 534 1135 604 ita
1183 535 1250 602 in
1303 533 1765 604 hominibus?
1811 539 2016 604 Porro
2064 533 2281 604 fames
2328 547 2393 603 et
2442 535 2593 605 sitis

73 620 385 705 justitiae,
456 620 547 689 de
612 624 866 689 mentis
926 620 1321 691 fortitudine
1377 635 1747 714 generatur
1781 677 1796 703 ,
1868 645 2047 709 quae
2105 623 2591 709 quotidianum

81 728 287 796 panem
333 710 421 777 ab
472 709 658 798 ipsis
714 711 821 779 Dei
869 712 1189 781 manibus
1222 712 1513 798 quaerit,
1565 733 1811 800 panem
1859 710 2056 780 illum
2094 711 2431 793 videlicet,
2472 712 2594 799 qui

80 818 177 864 cor
204 795 498 866 hominis
547 798 939 867 confirmat.
991 800 1121 882 Qui
1156 800 1877 870 etiam'misericordes
1912 813 2095 881 sunt,
2146 800 2278 870 nisi
2320 802 2435 886 qui
2472 822 2594 890 pro

83 883 357 953 facultate
379 886 774 956 consulunt
805 888 1148 969 omnibuS,
1187 901 1252 957 et
1283 888 1538 985 audaci
1564 889 1982 959 conscientia
2021 901 2293 978 pactum
2331 889 2594 959 faciunt

80 995 209 1041 cum
246 979 394 1053 Deo,
449 973 492 1043 d
505 975 809 1047 icentes:
851 980 1121 1046 Dimitte
1154 980 1335 1047 nobis
1359 979 1583 1046 debita
1613 990 1865 1058 nostra,
1900 980 2073 1046 sicut
2105 988 2167 1047 et
2217 1000 2331 1049 nos
2364 979 2596 1047 dimit-

83 1063 253 1130 timus
299 1064 713 1133 debitoribus
764 1068 1060 1135 nostris?
1108 1065 1440 1135 Mundum
1491 1078 1720 1135 autem
1771 1088 1889 1135 cor
1938 1088 2071 1136 non
2125 1067 2259 1136 nisi
2310 1066 2598 1137 lucidis·

82 1152 265 1219 simus
288 1154 583 1242 percipit
611 1154 1018 1235 intellectuS,
1050 1156 1170 1241 qui
1201 1176 1333 1224 non
1365 1154 1719 1224 inducitur
1751 1155 1819 1224 in
1849 1157 2315 1236 tentationem,
2346 1178 2596 1256 rogans

83 1242 295 1308 al’atre
324 1241 711 1323 luminum,
751 1264 884 1311 non
914 1256 987 1312 ut
1021 1257 1339 1323 tentetur,
1375 1243 1491 1311 sed
1526 1255 1602 1312 ut
1637 1266 1771 1311 non
1809 1243 2200 1324 inducatur,
2239 1258 2592 1333 excutiens

85 1326 604 1400 latrocinantium
641 1344 902 1401 turmas
936 1333 1391 1422 negotiorum.
1419 1332 1806 1401 Pacificatio
1836 1354 1988 1401 vero
2015 1356 2052 1402 a
2083 1332 2417 1422 sapientia
2448 1334 2593 1423 ipsa

85 1414 411 1497 deseendit,
451 1420 580 1488 ubi
617 1420 998 1490 liberamur
1029 1444 1069 1489 a
1110 1421 1315 1499 malo,
1354 1435 1419 1489 et
1449 1422 1536 1490 ab
1562 1422 1876 1491 omniurn
1912 1422 2351 1508 iniquitatum
2394 1444 2596 1491 mun·

81 1502 295 1577 damur
338 1507 644 1577 influxu.
696 1513 877 1578 Haec
925 1521 1089 1579 sunt
1149 1523 1403 1600 septem
1470 1510 1982 1590 beatitudines,
2048 1524 2306 1600 septem
2366 1509 2592 1591 dona,

82 1608 300 1691 septem
350 1598 759 1684 petitiones,
806 1612 1064 1687 septem
1118 1598 1531 1668 candelabra
1561 1654 1575 1680 ‚
1632 1611 1888 1689 septem
1936 1598 2277 1680 lucernae,
2333 1611 2596 1688 septem

84 1680 399 1784 infusoria,
454 1700 728 1775 septem
782 1688 1034 1776 spicae,
1074 1700 1138 1756 et
1188 1688 1245 1756 si
1283 1709 1416 1773 qua
1458 1701 1621 1757 sunt
1662 1688 1819 1768 alia,
1858 1709 2033 1774 quae
2079 1688 2149 1756 in
2186 1709 2340 1757 arce
2374 1700 2603 1778 septe-

84 1791 231 1851 πει-ιι
274 1776 570 1855 numeri,
630 1776 1133 1865 scripturarum
1185 1776 1608 1846 consecravit
1656 1777 2049 1845 auctoritas,

150 1859 283 1948 μ.
331 1861 1058 1954 Adulescentulusego
1088 1887 1302 1934 ausus
1332 1887 1483 1933 sum
1526 1876 1731 1933 totam
1766 1864 2073 1933 lectionis
2109 1865 2320 1952 hujus
2353 1864 2599 1933 seriem

82 1948 426 2037 explanare,
482 1952 775 2036 illorum
828 1966 1147 2042 rogatus,
1204 1954 1414 2021 immo
1464 1951 1873 2042 compulsus
1924 1954 2243 2042 precibus
2294 1967 2361 2023 et
2408 1974 2602 2043 prae-

84 2048 265 2196 m:
293 2041 550 2126 quibus
590 2062 721 2110 nec
756 2041 946 2123 velle,
994 2063 1116 2111 nee
1152 2065 1346 2131 posse
1380 2042 1600 2110 fuerat
1639 2042 1935 2110 obviare.
1979 2042 2102 2111 Sed
2141 2054 2218 2111 ut
2255 2042 2599 2129 praesenti

267 2130 450 2198 nitati
502 2130 1029 2217 aliquantulum
1083 2131 1510 2211 insistamuS,
1566 2129 1918 2199 favorabili
1955 2142 2021 2198 et
2073 2129 2328 2198 mellita
2368 2130 2605 2199 dulce-

100 2209 223 2283 ᾖ
264 2216 669 2288 oedundans
719 2232 905 2288 tanta
954 2219 1281 2307 festivitas
1329 2232 1452 2297 est,
1511 2220 1578 2288 in
1628 2241 1760 2305 qua
1833 2218 2104 2287 laudem
2171 2218 2414 2287 dicunt
2473 2223 2605 2287 Deo

107 2312 290 2374 omes
328 2308 557 2376 Sancti
612 2308 771 2397 ejus
807 2363 821 2389 ,
874 2320 938 2377 et
986 2321 1166 2377 totus
1214 2308 1401 2376 orbis
1449 2307 1631 2377 clara
1687 2330 1845 2377 voce
1909 2308 2216 2377 resultat.
2273 2307 2389 2375 Isti
2441 2318 2605 2376 sunt

110 2384 372 2474 illumi,
422 2418 613 2484 quos
664 2396 849 2487 apud
900 2397 1213 2468 ¹iudicem
1272 2396 1626 2468 habemus.
1685 2402 1810 2467 Pro
1858 2418 1994 2484 quo
2052 2396 2162 2467 isti
2206 2395 2604 2466 intercesse-

112 2471 677 2562 &sententiam
732 2509 865 2556 non
910 2488 1099 2556 timet
1146 2486 1535 2576 capitalem.
1592 2486 2081 2576 confugiamus
2121 2508 2285 2574 ergo
2319 2481 2404 2554 ad
2450 2506 2605 2574 pro-

103 2562 579 2664 baumes-agia
621 2631 638 2655 ,
701 2597 827 2644 nee
891 2599 1011 2645 nos
1074 2575 1405 2644 deterreat
1468 2576 1842 2644 enormitas
1904 2587 2387 2664 peccatorum:
2440 2574 2599 2660 quia

101 2656 297 2745 ¹86]OE
326 2677 411 2731 est
447 2666 751 2733 illorum
806 2664 1041 2753 pietas,
1095 2685 1301 2752 quarn
1346 2664 1664 2753 impietas
1701 2676 1954 2733 nostra.
2011 2663 2395 2732 Consiliarii
2442 2674 2607 2732 sunt

96 2744 273 2834 mgis
305 2755 521 2830 nostri,
583 2764 660 2821 et
711 2752 931 2840 ipsius
979 2754 1120 2821 irae
1168 2775 1369 2841 saepe
1420 2754 1770 2832 resistunt,
1801 2762 1942 2823 'nee
1992 2775 2115 2823 nos
2155 2753 2484 2822 deserunt
2535 2753 2605 2820 in

100 2837 355 2933 ⁸hit-'pore
395 2842 606 2911 malo.
674 2842 912 2911 Sciunt
949 2842 1158 2920 enim,
1213 2841 1335 2911 ubi
1374 2863 1496 2909 nos
1530 2841 1951 2927 reliquerint,
1987 2843 2266 2928 quantis
2299 2841 2605 2912 hostium

104 2924 324 2996 maiis
364 2945 773 3019 pateamus.
812 2930 1249 3020 suspiremus
1299 2930 1511 3020 igitur
1557 2928 1639 2998 ad
1696 2929 1969 2999 illorum
2025 2932 2424 2999 memoriam
2463 2984 2478 3010 ,
2533 2940 2610 2998 ut

54 3029 59 3038 '
104 3021 394 3105 Μαι
444 3041 582 3088 nos
652 3017 790 3086 sub
835 3020 1079 3088 umbra
1130 3018 1395 3087 alarum
1463 3040 1744 3088 suarum
1789 3074 1804 3099 ,
1858 3019 2072 3088 donec
2128 3029 2425 3088 transeat
2475 3018 2610 3085 ini-

95 3098 296 3185 Wtfls,
339 3118 402 3175 et
442 3105 856 3196 perducant
903 3130 1025 3177 nos
1074 3107 1157 3176 ad
1210 3123 1542 3198 sponsum
1581 3106 1940 3189 Ecclesiae,
1980 3108 2094 3196 qui
2138 3121 2240 3179 est
2282 3113 2457 3178 Deus
2492 3107 2610 3175 be-

88 3186 355 3263 nedictus
387 3195 458 3264 in
500 3193 787 3274 secula,
825 3199 1052 3266 Amen.

2432 4535 2470 4591 w
2469 4445 2488 4464 ,

217 4550 469 4607 surius
510 4580 520 4587 ·
572 4544 748 4603 Vitae
780 4541 876 4605 SS.
909 4579 928 4589 -
955 4544 1080 4607 Vol.
1114 4544 1212 4606 Xl.
