2993 4837
86 316 230 380 Not.
284 315 320 375 2
902 332 976 376 nr.
1026 330 1352 376 emmaus
1400 330 1745 377 asenneus
2423 316 2506 379 47

82 420 235 505 ipsos
282 416 541 494 venire,
579 436 660 483 ac
702 415 897 483 bonis
930 414 1075 482 suis
1102 413 1332 482 satiari
1372 413 1580 481 velit?
1610 417 1949 494 Quorsum
1985 416 2167 483 enim
2204 416 2594 485 convivium

80 504 389 583 instruxit,
445 503 586 572 nisi
637 518 714 573 ut
750 504 1007 573 amicos
1046 524 1207 571 suos
1245 502 1634 590 exciperet?
1667 502 1855 584 Quod
1888 503 1942 573 si
1991 504 2116 572 hoc
2158 516 2383 573 tantae
2408 506 2594 594 apud

77 617 179 663 nos
220 614 421 663 curae
470 606 600 673 est,
635 592 798 679 quid
848 592 933 660 de
986 590 1313 660 munifico
1363 591 1480 659 illo
1514 613 1594 659 ac
1627 591 1773 660 solo
1808 605 2050 660 natura
2087 615 2293 680 quam
2334 596 2598 683 optimo

78 689 188 751 Deo
228 682 567 761 dicemus,
612 681 732 768 qui
786 703 941 750 cum
986 679 1276 769 largitur
1335 702 1414 749 ac
1476 679 1757 759 tribuit,
1830 681 2091 767 majore
2139 683 2395 771 gaudio
2450 705 2594 773 per-

78 771 378 851 funditur,
432 793 645 857 quam
704 771 759 838 is
797 769 916 856 qui
950 769 1222 857 accipit,
1262 792 1340 837 ac
1376 767 1664 838 salutem
1711 769 2079 839 maximam
2134 772 2266 840 sibi
2317 794 2596 861 compa·

80 865 377 929 rat?Hoc
427 860 659 945 itaque
710 871 932 927 tecum
997 871 1276 947 reputa,
1330 859 1647 944 quisquis
1710 879 1820 937 es,
1874 860 1992 945 qui
2053 860 2138 927 de
2201 860 2282 928 iis
2330 883 2506 947 quae
2555 885 2593 929 a

79 950 246 1020 nobis
290 948 470 1017 dicta
526 962 712 1028 sunt,
752 947 1074 1036 ancipitis
1122 946 1339 1014 animi
1388 967 1484 1025 es,
1517 945 1697 1033 quod
1742 946 2061 1033 quisquis
2114 948 2229 1017 ille
2276 950 2364 1018 sit
2415 972 2595 1019 mor-

76 1037 312 1118 talium,
363 1038 488 1123 qui
526 1038 852 1128 exiguum
909 1035 1188 1122 quidem
1243 1036 1514 1105 virtutis
1570 1034 1981 1104 fermentum
2024 1036 2321 1125 collegit,
2375 1052 2596 1107 caete-

76 1148 206 1196 rum
256 1147 383 1194 non
430 1126 564 1195 hoc
612 1138 1023 1196 consecutus
1071 1138 1193 1202 est,
1240 1136 1317 1193 ut
1369 1146 1611 1210 panem
1664 1146 1744 1193 ex
1791 1146 1871 1191 eo
1919 1126 2307 1205 conficeret,
2357 1150 2591 1196 verum

77 1215 229 1284 istud
273 1214 555 1302 quidem
594 1215 925 1283 inanimo
962 1213 1225 1293 habuit,
1275 1212 1390 1283 sed
1438 1212 1536 1282 vel
1566 1213 1652 1282 ob
1694 1213 2077 1283 socordiam
2122 1228 2186 1284 et
2219 1216 2589 1294 incuriam,

78 1305 161 1373 vel
202 1304 283 1375 ob
329 1305 552 1374 animi
604 1302 1171 1380 imbecillitatem,
1226 1317 1346 1371 aut
1395 1303 1478 1370 de
1528 1301 1637 1370 die
1691 1302 1755 1370 in
1808 1302 1990 1371 diem
2043 1303 2468 1387 dilationem,
2528 1305 2591 1374 id

80 1395 445 1479 nequiverit,
492 1407 843 1479 morteque
879 1405 1309 1481 praeventuS,
1355 1413 1432 1459 ac
1463 1405 1728 1480 praeter
1757 1414 1948 1481 spem
1986 1392 2327 1463 dissectus
2362 1394 2588 1472 fuerit,

80 1481 238 1550 hunc
275 1504 539 1569 aequus
582 1481 697 1550 ille
740 1481 960 1550 Judex
1011 1503 1090 1549 ac
1143 1482 1474 1549 Dominus
1530 1480 2067 1567 haudquaquam
2113 1482 2591 1553 obliviscetur:

79 1591 281 1639 verum
322 1571 481 1661 ipsi,
519 1585 880 1658 postquam
918 1591 954 1637 e
981 1570 1110 1638 vita
1148 1569 1560 1662 discesserit,
1610 1569 2035 1658 propinquos
2062 1593 2141 1639 ac
2175 1572 2598 1642 necessarios

75 1659 380 1739 excitabit,
434 1680 821 1745 eorumque
858 1673 1119 1727 mentes
1156 1671 1360 1747 reget,
1412 1670 1478 1726 et
1524 1658 1730 1727 corda
1776 1658 2025 1737 trahet,
2077 1674 2142 1729 et
2191 1660 2461 1731 animos
2508 1661 2591 1729 ad

78 1770 250 1836 opem
280 1764 341 1817 et
386 1748 728 1818 auxilium
785 1747 916 1836 ipsi
950 1745 1307 1817 serendum
1346 1747 1661 1816 inflectet.
1718 1753 1793 1815 At
1844 1770 1930 1817 ue
1989 1749 2103 1830 ita,
2163 1752 2446 1820 Domino
2494 1750 2597 1819 di-

75 1837 299 1905 vinitus
345 1838 660 1926 ipsorum
727 1835 932 1905 corda
987 1848 1302 1927 tangente
1341 1851 1542 1922 atque
1599 1836 1806 1924 impel
1840 1850 2030 1917 ente,
2096 1861 2369 1908 summa
2432 1862 2589 1908 cum

80 1924 471 1995 festinatione
529 1926 594 1993 in
636 1925 762 1993 hoc
813 1924 1235 2005 incumbent,
1282 1939 1355 1994 ut
1392 1926 1908 2014 praetermissas
1948 1927 2035 1994 ab
2083 1948 2185 2007 ec,
2241 1929 2360 2014 qui
2409 1951 2444 1995 e
2495 1928 2593 1995 vi-

80 2012 159 2080 vis
186 2015 484 2095 excessit,
543 2012 754 2083 oflicii
797 2015 978 2082 vices
1023 2014 1361 2103 expleant.
1416 2018 1491 2082 At
1533 2013 1854 2100 quisquis
1904 2035 2146 2084 rursus
2204 2016 2589 2105 improbam

86 2102 564 2203 acssagitiosam
619 2104 853 2181 vitam,
906 2115 1108 2189 atque
1156 2102 1469 2189 undique
1519 2102 1741 2189 spinis
1784 2102 2105 2183 obsitam,
2163 2104 2593 2192 impurisque

95 2194 338 2262 materiis
382 2190 768 2280 confertam
806 2191 1109 2270 duxerit,
1166 2212 1386 2277 neque
1444 2213 1749 2277 unquam
1804 2192 1870 2259 in
1939 2190 2357 2260 instituenda
2421 2193 2592 2260 vitae

94 2278 301 2350 ratione
348 2281 852 2352 conscientiam
915 2280 983 2348 in
1033 2281 1402 2349 consilium
1465 2278 1898 2358 adhibuerit,
1955 2301 2188 2349 verum
2242 2281 2389 2349 sine
2453 2280 2596 2350 ullo

94 2380 239 2437 metu
288 2392 359 2440 ac
405 2368 686 2440 delectu
750 2370 816 2437 in
871 2368 1292 2459 voluptatum
1345 2390 1558 2438 coeno
1624 2390 1771 2440 sese
1822 2368 2188 2446 volutarit,
2268 2369 2595 2440 omnibus

86 2457 272 2529 carnis
329 2458 844 2549 cupiditatibus
907 2457 1336 2545 obsequens,
1391 2458 1475 2526 de
1525 2459 1755 2527 anima
1818 2471 2044 2527 autent
2111 2482 2193 2527 ne
2245 2458 2589 2529 tantillum

82 2546 315 2631 quidem
365 2549 721 2626 laborans,
779 2547 1237 2634 affectumque
1285 2548 1570 2615 omnino
1619 2547 1966 2616 carnalem
2028 2546 2313 2625 habens,
2385 2548 2496 2617 hic
2538 2550 2592 2619 si

84 2633 157 2702 ita
196 2634 345 2706 hinc
396 2639 735 2726 abreptus
777 2660 812 2704 c
866 2636 997 2704 vita
1057 2636 1472 2726 migraverit,
1539 2637 1884 2706 neminem
1941 2658 2225 2725 prorsus
2291 2637 2590 2717 habebit,

83 2723 175 2807 qui
220 2748 494 2796 manum
571 2727 700 2814 ipsi
753 2724 1092 2815 porrigat:
1149 2746 1381 2795 verum
1418 2747 1498 2793 ea
1564 2726 1957 2795 conditione
2017 2725 2184 2806 erit,
2252 2741 2328 2796 ut
2379 2750 2461 2797 ne
2508 2726 2597 2796 ab

85 2833 251 2882 uxore
276 2816 587 2902 quidem,
626 2828 744 2883 aut
784 2814 1040 2894 liberm,
1079 2827 1199 2883 aut
1239 2814 1589 2893 fratribus,
1628 2827 1746 2883 aut
1778 2814 2112 2904 cognatis,
2167 2829 2283 2884 aut
2319 2816 2588 2894 amicis

91 2919 309 2988 quoquo
349 2903 564 2973 modo
601 2902 831 2992 juvari
880 2915 1120 2989 queat:
1159 2899 1409 2992 'utpote
1466 2924 1670 2990 quem
1729 2925 1811 2973 ne
1879 2909 2052 2973 Deus
2113 2904 2391 2990 quidem
2447 2904 2593 2973 ullo

96 2983 307 3062 lomac
353 3014 656 3062 numero
707 2991 972 3061 habeat.
1030 2992 1187 3060 Mihi
1240 2993 1586 3062 enimvero
1617 2992 1868 3080 (iisque
1907 2991 2167 3080 quibus
2214 3015 2339 3083 ego
2386 3015 2592 3062 carus

90 3077 241 3167 sum)
274 3081 442 3151 illud
502 3081 811 3168 quidem,
865 3080 922 3149 si
972 3081 1115 3150 fieri
1174 3094 1410 3168 potest,
1473 3080 1849 3169 contingat,
1913 3099 1990 3150 ut
2041 3081 2208 3150 mihi
2251 3081 2377 3171 ipsi
2431 3083 2593 3151 sub-

80 3163 289 3238 sidium
324 3170 574 3248 seram,
632 3192 753 3238 nec
803 3168 1017 3238 ullam
1069 3169 1273 3238 officii
1326 3183 1591 3270 partem
1642 3170 2031 3239 inchoatam
2087 3170 2496 3257 relinquam.

144 3255 362 3342 §¹o.
419 3258 618 3341 Quod
672 3259 729 3327 si
780 3280 887 3326 me
936 3257 1064 3327 sata
1118 3272 1274 3326 ante
1323 3258 1829 3348 interceperint,
1870 3260 2137 3329 utinam
2192 3258 2427 3327 saltem
2483 3257 2596 3326 ille

74 3347 473 3444 amplissima
535 3346 1004 3415 misericordia
1052 3347 1401 3437 praeditus
1458 3348 1789 3417 Dominus
1841 3349 2010 3418 mihi
2065 3346 2484 3436 propinquos
2531 3358 2598 3415 et

72 3452 301 3505 amicos
352 3437 703 3516 inflectat,
759 3436 1163 3522 animasque
1211 3458 1289 3505 ac
1337 3437 1542 3506 corda
1600 3459 1835 3506 eorum
1889 3436 2115 3508 calore
2164 3434 2464 3513 afliciat,
2520 3448 2597 3504 ut

74 3540 173 3606 per
210 3545 412 3613 opera
468 3525 679 3612 proba
729 3538 794 3592 et
847 3530 974 3593 Deo
1008 3538 1194 3614 grata
1237 3546 1562 3614 perquam
1604 3526 1917 3596 lubenter
1956 3550 2034 3594 ac
2075 3538 2384 3612 prompte
2423 3523 2592 3591 mihi

70 3614 397 3700 suppetias
447 3613 717 3685 ferant.
771 3626 836 3682 et
886 3613 939 3684 si
990 3612 1203 3699 quid,
1262 3635 1383 3702 pro
1436 3614 1736 3682 humana
1802 3612 2316 3692 imbecillitate,
2387 3610 2594 3681 officii

74 3703 647 3780 praetermiserim,
699 3701 867 3771 illud
925 3723 1071 3771 meo
1123 3702 1399 3770 nomine
1452 3714 1601 3790 post
1651 3715 1933 3770 mortem
1991 3724 2209 3770 meam
2248 3700 2588 3789 expleant.

74 3788 312 3858 Utinam
366 3792 679 3878 inquam,
742 3790 1061 3870 Domine,
1114 3791 1236 3877 qui
1281 3789 1773 3859 miraculorum
1824 3813 1898 3858 es
1949 3795 2148 3870 Deus,
2206 3791 2425 3878 iisque
2473 3790 2592 3876 qui

72 3881 331 3959 penuria
360 3882 870 3957 conflictantur,
913 3878 1261 3949 liberalem
1303 3900 1585 3949 manum
1623 3879 1939 3969 porrigis,
1984 3879 2154 3948 nihil
2196 3879 2263 3947 in
2293 3879 2592 3948 adventu

72 3974 185 4060 tuo,
231 3969 414 4055 quod
454 3969 554 4038 vel
595 3969 765 4036 mihi
811 3967 1009 4048 desit,
1049 3968 1146 4037 vel
1184 3969 1508 4055 cuiquam
1548 3989 1813 4049 eorum,
1865 3969 1984 4054 qui
2027 3968 2352 4037 fiduciam
2392 3989 2586 4037 suam

74 4072 126 4119 tn
156 4058 437 4126 tesitam
477 4058 750 4137 habent,
800 4058 1077 4142 reperiri
1114 4072 1338 4145 queat.
1382 4058 1488 4126 Sic
1523 4056 1784 4146 quippe
1824 4057 1881 4125 is
1920 4057 2152 4137 etiam,
2195 4057 2400 4141 cujus
2432 4068 2588 4125 ante

76 4145 458 4214 mentionem
488 4146 799 4226 secimuS,
833 4146 1110 4216 divinus
1141 4168 1382 4237 praeco
1406 4145 1933 4234 chrysostomus
1959 4143 2143 4213 clara
2178 4166 2336 4213 voce
2363 4144 2581 4222 docet,

77 4249 137 4295 ac
163 4233 589 4303 vociferatur.
648 4241 860 4323 Atque
910 4247 985 4305 ut
1042 4236 1592 4324 praeclarissima
1646 4257 1726 4302 ac
1778 4254 2060 4322 prorsus
2107 4255 2314 4302 aurea
2372 4233 2592 4321 ipsius

78 4319 245 4408 verba
293 4344 541 4393 rursus
588 4345 941 4412 usurpem,
978 4327 1076 4404 Si,
1114 4324 1360 4410 inquit,
1396 4345 1548 4391 cum
1580 4323 1803 4391 adhuc
1859 4334 2191 4410 superstes
2236 4343 2425 4399 essex,
2462 4342 2591 4387 non

81 4425 534 4498 fflpmyressus
567 4436 655 4491 es,
694 4425 766 4480 ut
798 4416 1095 4481 am'mam
1139 4423 1321 4481 tunm
1358 4413 1542 4480 omni
1571 4434 1660 4479 ew
1695 4420 1891 4499 parte
1921 4433 2127 4500 prope
2165 4410 2592 4497 compositam
