2993 4837
45 329 201 394 Nov.
254 332 338 393 26
474 348 481 356 ·
2343 337 2469 399 683

964 520 1614 600 MARTYRIUM

466 727 544 826 S.
619 726 923 826 PETRI
998 727 1312 828 EPISC.
1380 727 2096 829 ALEXANDRINI

48 968 108 1012 ΕΤ
152 968 431 1013 HABETUR
484 967 547 1013 m
599 971 736 1015 MSS.
794 968 1156 1026 CODICIBUS,
1226 970 1646 1027 ΙΝΤΕΒΡΒΕΤΕ,
1701 971 1826 1017 let
1889 970 2159 1028 FALLOR,
2215 971 2562 1019 ANASTASIO

158 1073 704 1131 ntnmowsscARto,
758 1075 865 1129 QUI
918 1076 1163 1123 ALlCUBl
1215 1077 1530 1122 TESTATUR
1580 1078 1654 1122 SR
1700 1076 2157 1122 TRANSTULISSE
2215 1078 2562 1125 PASSloNffl!

159 1180 479 1226 PRAECH’UI
547 1180 845 1227 DOCTORIS
910 1184 983 1227 ET
1050 1183 1359 1228 nAnTvntS
1426 1184 1639 1239 PETtn,
1697 1183 2134 1233 AtAEXAnnmAE
2202 1185 2382 1230 URBIS
2452 1186 2561 1229 PA—

154 1287 522 1332 TntAnCHAE.

154 1465 276 1519 Pro
305 1466 557 1522 Christi
586 1466 721 1521 fide
752 1466 1076 1522 occubuit
1107 1482 1283 1522 anno
1315 1469 1421 1522 311
1449 1468 1556 1523 vel
1588 1469 1701 1522 312
1734 1498 1806 1507 —
1839 1468 2349 1523 Alexandrinus
2378 1464 2428 1526 ⁸.

120 1679 151 1762 ἓ
194 1683 260 1747 1.
314 1678 407 1747 Ad
458 1677 963 1748 corroboranda
1017 1678 1219 1748 corda
1293 1679 1721 1747 credentium
1755 1732 1772 1756 ,
1828 1690 1893 1747 et
1943 1691 2202 1750 mentes
2250 1680 2562 1749 fidelium

52 1766 530 1838 confirmandas
562 1822 577 1846 ,
631 1769 1069 1856 omnipotens
1118 1773 1295 1836 Deus
1355 1768 1647 1854 dignum
1704 1778 2044 1855 pastorem
2114 1770 2388 1838 beatum
2441 1775 2563 1838 Pe-

54 1865 203 1922 trum
266 1856 487 1945 plebis
559 1879 725 1925 suae
790 1858 1202 1946 Episcopum
1253 1856 1600 1925 ordinavit
1645 1856 1735 1923 **.
1792 1857 1915 1925 Hic
1988 1878 2107 1945 per
2176 1858 2561 1927 doctrinam

56 1964 219 2011 suam
268 1945 523 2015 multos
572 1946 658 2013 ab
706 1945 1047 2014 idolorum
1091 1946 1361 2015 cultura
1399 1967 1751 2035 separanS‚
1809 1945 2055 2015 Christi
2089 1946 2426 2016 Ecclesiae
2459 1969 2562 2015 so-

57 2032 266 2102 ciabat.
316 2035 633 2103 Audiens·
666 2034 878 2122 igitur
917 2034 1351 2114 Maximinus,
1395 2034 1577 2121 quod
1633 2033 1831 2103 multi
1875 2055 1997 2123 per
2022 2056 2178 2102 eum
2216 2057 2254 2102 a
2286 2035 2565 2104 daemo-

61 2140 195 2188 num
228 2124 624 2192 simulacris
651 2136 1198 2214 segregarentur,
1241 2137 1306 2191 et
1339 2125 1408 2191 in
1438 2123 1685 2192 Christi
1722 2123 2001 2191 nomine
2030 2123 2559 2212 baptizarentur,

64 2206 247 2279 furore
290 2224 707 2290 commotus»,
766 2214 993 2281 statim
1050 2213 1416 2281 destinavit
1457 2212 1814 2280 tribunum
1865 2212 2207 2297 quendam
2254 2213 2336 2280 ad
2397 2213 2564 2280 civi-

72 2306 226 2366 tatem
283 2301 840 2384 Alexandrinam,
909 2302 1028 2387 qui
1100 2323 1256 2369 eum
1308 2300 1942 2390 comprehenderet.
1995 2305 2283 2391 Accepta
2333 2303 2566 2388 itaque

72 2383 340 2458 tribunus
388 2390 814 2469 auctoritate,
869 2413 1026 2459 cum
1067 2390 1211 2459 suis
1253 2390 1590 2460 militibus
1629 2389 1711 2458 ad
1770 2389 2011 2459 urbem
2066 2391 2389 2480 superius
2426 2413 2568 2459 me-

68 2490 348 2546 moratam
410 2480 728 2569 perrexit.
787 2485 859 2546 ln
910 2501 1116 2565 quarn
1178 2480 1555 2568 ingressus,
1614 2479 1864 2568 reperit
1914 2479 2390 2549 beatissimum
2443 2485 2564 2548 Pe-

65 2572 206 2632 trum
253 2590 407 2636 cum
454 2568 712 2657 ingenti
766 2568 1307 2637 Christianorum
1361 2568 1854 2649 multitudine,
1910 2573 2314 2637 Sanctorum
2378 2591 2574 2637 come

63 2659 583 2727 memorationem
605 2655 1089 2725 celebrantem.
1122 2666 1335 2739 Quem
1368 2657 1594 2727 statim
1620 2658 2240 2746 comprehendens,
2273 2657 2567 2725 vinculis

62 2736 343 2829 alligavit,
397 2758 463 2815 et
510 2745 1042 2815 custodiendum
1093 2747 1349 2814 carceri
1398 2746 1771 2834 deputavit,
1841 2745 2330 2833 damnavitque
2375 2767 2568 2814 com·

64 2828 273 2911 pedum
306 2834 650 2905 mortifera
686 2834 911 2904 ruina.
968 2840 1105 2902 Hoc
1141 2835 1443 2903 videntes
1470 2834 1861 2914 Christiani,
1912 2835 1976 2901 in
2009 2835 2567 2903 lamentationem

62 2919 387 2990 maximam
438 2925 797 2999 conversi,
852 2945 992 2992 una
1053 2946 1211 2991 cum
1265 2946 1390 2992 suo
1449 2936 1721 3012 pastore
1769 2924 1838 2991 in
1905 2924 2218 2992 custodia
2276 2924 2571 2993 carceris

62 3012 536 3102 permanebant.
577 3018 718 3081 Non
768 3014 951 3080 enim
1006 3013 1462 3112 patiebantur,
1518 3023 1593 3080 ut
1622 3012 1865 3081 salutis
1913 3012 2171 3094 doctor,
2230 3013 2390 3081 mali
2444 3013 2569 3081 ali'-

61 3093 193 3193 quid
236 3114 596 3185 pateretur.
650 3107 788 3169 Hac
837 3102 1160 3190 opinione
1210 3101 1624 3170 Maximinus
1672 3104 2022 3190 comperta
2074 3101 2329 3170 litteras
2360 3102 2571 3169 desti-

62 3196 216 3278 navit
262 3189 582 3269 tribuno,
637 3204 712 3258 ut
758 3191 908 3277 ejus
978 3190 1180 3257 vitam
1235 3190 1530 3259 celerius
1584 3189 1903 3258 auferret.
1980 3191 2247 3272 Quibus
2319 3190 2510 3259 lectis
2550 3245 2566 3269 ,

65 3269 347 3366 tribunus
381 3279 463 3346 ad
507 3279 890 3348 custodiam
942 3279 1237 3347 carceris
1285 3302 1443 3348 cum
1513 3300 1724 3348 manu
1774 3291 2195 3347 armatorum
2251 3279 2566 3368 perrexit.

64 3357 340 3433 videntes
402 3381 629 3437 autem
684 3367 971 3456 populi,
1026 3369 1147 3453 qui
1197 3381 1353 3435 ante
1403 3368 1700 3437 carceris
1758 3368 2046 3454 januam
2109 3389 2229 3457 pro
2306 3367 2439 3436 fide
2508 3379 2574 3435 et

62 3462 260 3548 amore
307 3455 413 3523 sui
464 3457 758 3556 pastoris
810 3457 1296 3545 perdurabant,
1353 3457 1535 3543 quod
1586 3477 1741 3525 eum
1804 3478 1923 3546 per
1978 3456 2113 3524 vim
2168 3456 2253 3525 de
2300 3478 2573 3525 carcere

65 3534 350 3609 volmsset
394 3545 641 3630 ejicere
689 3560 893 3631 atque
942 3545 1347 3623 interficere,
1401 3544 1758 3613 dixerunt:
1821 3573 1844 3609 a
1879 3545 2076 3614 Prius
2136 3568 2282 3624 noa,
2341 3546 2399 3613 si
2451 3545 2573 3614 tibi

63 3640 93 3684 a
135 3635 236 3695 tuo
271 3651 420 3719 rege
454 3646 893 3721 praeceptum
945 3645 1068 3714 est,
1124 3634 1454 3714 interfice,
1498 3645 1563 3702 et
1605 3633 1695 3701 ita
1730 3634 2008 3703 demum
2047 3634 2305 3704 valebis
2346 3636 2412 3703 in
2452 3656 2573 3703 no-

67 3719 249 3781 strum
302 3735 552 3806 patrem
617 3744 865 3791 manus
912 3722 1217 3811 injicere.
1296 3723 1485 3791 Scias
1534 3722 1719 3790 enim
1773 3744 1896 3791 nos
1973 3722 2368 3793 nullatenus
2420 3744 2574 3812 per-

68 3798 342 3966 gJitttetre,
397 3822 471 3877 ut
519 3809 756 3879 doctor
810 3824 874 3878 et
951 3810 1259 3881 medicus
1329 3814 1723 3881 animarum
1802 3823 2191 3881 nostrarum
2232 3867 2246 3892 ,
2309 3811 2573 3898 aliquid

107 3906 135 3951 a
165 3911 217 3956 ia
253 3915 351 3962 ur.
386 3919 420 3959 »

111 4081 131 4104 '
157 4084 307 4145 Reti-us
335 4092 671 4133 Alexandrinus
702 4096 975 4143 episeopus,
1007 4100 1184 4142 martyr
1212 4093 1530 4141 clarissimus,
1569 4097 1663 4136 lmo
1701 4096 1832 4135 velut
1871 4098 2244 4135 antonomastice
2288 4098 2484 4145 Mur-tyr,
2519 4101 2577 4136 ut

71 4134 206 4176 Scribit
231 4142 449 4185 Sollcrius
478 4144 523 4185 in
558 4150 934 4187 observationibus
963 4151 1019 4188 ad
1048 4150 1437 4197 martyrologium
1462 4151 1605 4191 Rom..
1630 4150 1678 4188 et
1697 4151 1840 4197 vulgo
1857 4152 1970 4198 sinis
1991 4160 2074 4191 seu
2099 4152 2289 4199 aiyillum
2320 4152 2575 4199 nav-tyrum,

72 4189 169 4229 ³lmd
196 4193 431 4238 Eusebium
460 4205 763 4248 caeterosque
785 4204 1004 4249 antiquos
1028 4204 1281 4250 scriptores
1304 4204 1362 4241 ob
1384 4212 1567 4242 morum
1593 4203 1913 4250 integritatem
1937 4213 1988 4242 ac
2009 4204 2287 4247 doctrinam,
2307 4212 2398 4239 non
2421 4203 2574 4241 minuo

71 4244 183 4281 quam
208 4248 262 4284 ob
291 4254 536 4300 perpetuos
567 4252 764 4299 labores.
794 4258 935 4303 atque
966 4254 1389 4302 innumerabilium,
1420 4257 1742 4295 atrocissimae
1770 4257 2114 4303 persecutionis
2156 4260 2379 4303 tempore,
2397 4264 2577 4294 nerum-

74 4297 209 4335 uarum
237 4302 521 4345 tolerantiam
552 4308 907 4347 laudatissimus
937 4314 1031 4348 est:
1063 4307 1214 4348 tribus
1244 4308 1545 4357 potissimum
1576 4309 1744 4348 diebus
1776 4311 1824 4347 in
1844 4310 2018 4348 tabulis
2040 4306 2372 4348 ecclesiasticis
2392 4309 2577 4348 Latini!

75 4346 113 4400 ῗῑ
135 4346 301 4402 Graecis
330 4356 600 4405 celebratus,
629 4371 795 4409 nempe
825 4364 890 4403 24.
919 4365 969 4401 25
998 4365 1046 4401 et
1075 4364 1125 4400 26
1146 4360 1425 4401 novembris.
1447 4363 1513 4401 De
1534 4362 1579 4401 S.
1595 4363 1723 4401 Petri
1741 4363 1868 4401 Alex.
1886 4364 2047 4409 gestis.
2065 4363 2216 4411 deque
2235 4361 2310 4406 tis.
2328 4371 2448 4409 quae
2466 4372 2576 4401 cum

77 4402 170 4475 ¹921:
187 4414 377 4449 connexa
394 4418 516 4459 nunt,
536 4425 670 4454 nemo
692 4413 955 4454 accuratius
977 4414 1170 4464 scripsit
1189 4426 1327 4463 quam
1348 4416 1698 4454 Tillemonttus.

188 4457 285 4498 Post
303 4464 344 4502 S.
367 4466 599 4507 'sueonum
621 4470 774 4517 (cujus
796 4469 969 4508 festum
990 4469 1064 4509 die
1086 4471 1136 4509 23
1159 4468 1347 4517 augusti
1369 4465 1627 4517 recolitur).
1649 4477 1769 4506 anno
1793 4469 1883 4507 800.
