2993 4837
92 272 261 338 NOV.
320 275 361 338 7
654 292 729 336 DE
778 293 833 337 s.
887 291 1287 339 mamaeam
1334 293 1629 339 anemae.
1685 292 2058 340 cotomsnst
2420 276 2547 339 323

94 374 397 463 martyrii
438 375 663 444 locum
712 389 1015 464 tempore
1063 389 1128 444 et
1175 376 1557 457 occasione,
1615 377 1870 463 quibus
1905 375 2137 456 voluit,
2188 378 2479 444 vocavit:
2520 400 2634 445 vo-

91 479 339 545 catum,
397 464 825 544 contritione,
868 464 1297 534 confessione
1346 479 1411 534 et
1462 466 1724 555 proprii
1767 465 2129 555 sanguinis
2166 465 2501 535 effusione
2525 466 2637 553 ju·

91 553 448 621 stificavit:
494 552 979 640 justificatum,
1034 554 1255 641 signis
1302 568 1366 623 et
1408 554 1778 623 virtutibus
1831 566 1979 643 post
2028 566 2309 621 mortem
2367 556 2637 642 magni-

94 642 338 719 ficavit,
395 654 459 710 et
490 641 795 727 quotidie
825 643 1271 731 magnificare
1314 665 1445 711 non
1481 656 1724 711 cessat.
1773 647 1862 710 De
1898 643 2453 732 magnificatione
2486 644 2635 731 ejus

90 730 379 803 coelesti.
419 730 646 799 dicere
690 752 821 798 non
859 730 1289 800 sufficimus:
1342 732 1506 818 quia
1555 731 1783 818 qualis
1833 731 1931 798 vel
1975 746 2228 817 quanta
2266 732 2376 810 sit,
2422 733 2638 800 nesci·

94 841 259 886 mus.
286 826 502 887 Causa
529 841 683 888 vero
716 820 1020 908 martyrii
1049 821 1222 900 e‘uS,
1255 842 1370 909 per
1399 842 1605 906 quam
1634 819 1822 888 illam
1854 820 2251 906 promeruit,
2283 820 2434 888 talis
2464 832 2631 889 erat:

96 907 471 977 Fridericus
512 912 749 977 Comes
787 908 871 975 de
931 913 1077 977 lsen
1137 932 1289 999 urg.
1337 911 1713 977 Advocatus
1746 909 1778 943 ²*
1827 908 1954 977 suit
2001 908 2338 976 Ecclesiae
2396 914 2638 977 Essen-

91 995 367 1065 diensis.
425 1001 538 1064 Est
586 997 767 1064 enim
821 996 1103 1066 Abbatia
1156 999 1426 1087 regaliS,
1484 1012 1547 1066 et
1596 999 1682 1067 ab
1724 1002 2141 1085 Imperatore
2181 1012 2468 1065 tenetur.
2505 1003 2638 1066 Iste

96 1085 494 1164 Fridericus,
551 1084 754 1152 fratre
789 1086 1053 1155 seniore
1104 1088 1171 1153 in
1210 1086 1339 1155 fata
1374 1086 1653 1154 cedente
1695 1087 1844 1155 sine
1874 1085 2036 1161 tilio,
2084 1101 2158 1154 ut
2198 1086 2428 1153 fratris
2457 1100 2635 1154 esset

97 1173 345 1249 haeres,
403 1172 728 1242 recedens
776 1196 814 1241 a
864 1173 1221 1255 clericatu,
1278 1175 1495 1243 factus
1537 1190 1638 1242 est
1689 1174 1930 1243 miles:
1983 1188 2047 1243 et
2095 1188 2279 1243 tanto
2326 1174 2635 1243 fortassis

100 1261 170 1328 ad
222 1261 748 1349 malignandum
805 1264 1234 1353 promptior,
1304 1278 1564 1350 quanto
1611 1286 1647 1331 a
1706 1265 1921 1352 gratia
1978 1264 2321 1332 remotior.
2393 1267 2636 1332 Fuerat

101 1351 263 1417 enim
316 1351 709 1419 Fridericus
752 1352 1030 1438 majoris
1075 1352 1403 1422 ecclesiae
1462 1351 1885 1422 Coloniensis
1933 1352 2332 1421 canonicus.
2389 1356 2461 1420 In
2518 1356 2636 1421 Co-

105 1440 314 1507 mitem
367 1461 445 1507 ex
505 1438 763 1508 Clerico
814 1452 1163 1520 mutatus,
1222 1440 1297 1509 fit
1348 1441 1685 1510 Ecclesiae
1734 1441 2206 1510 Essendiensis
2254 1441 2632 1509 Advocatus

103 1527 385 1603 nomine,
429 1549 497 1595 re
534 1529 677 1615 ipsa
716 1529 1065 1598 inimicus.
1120 1535 1261 1599 Non
1298 1530 1484 1598 enim
1517 1528 1902 1609 defendere,
1940 1529 2053 1598 sed
2098 1531 2316 1618 magis
2352 1529 2636 1617 deprae-

102 1614 230 1682 dari
272 1616 540 1684 didicit.
597 1622 760 1685 Cum
819 1629 1005 1705 pater
1042 1619 1193 1708 ejus
1240 1618 1581 1688 Arnoldus
1631 1622 1865 1687 Comes
1905 1618 1990 1686 de
2039 1617 2296 1700 Altena‚
2363 1620 2466 1685 vir
2513 1618 2635 1686 ad-

106 1703 362 1772 modum
425 1705 728 1794 prudens
759 1718 824 1773 et
858 1707 1208 1776 modestus
1257 1708 1422 1776 satis
1458 1708 1525 1773 in
1570 1728 1818 1796 genere
1859 1730 2008 1785 su0‚
2045 1708 2309 1776 ratione
2349 1707 2629 1775 advoca-

104 1791 287 1860 tionis
311 1795 483 1863 satis
512 1793 811 1863 indebite
833 1794 975 1883 jam
1006 1796 1257 1864 dictam
1292 1810 1595 1865 vexasset
1618 1794 2014 1872 Ecclesiam,
2056 1797 2180 1864 iste
2218 1797 2634 1864 novissimus

108 1880 473 1952 Fridericus
500 1884 835 1951 exossavit
861 1905 1039 1952 eam.
1076 1884 1445 1954 Advocatos
1475 1884 1618 1952 sive
1653 1883 1974 1951 scultetos
2004 1883 2366 1960 Ecclesiae,
2398 1899 2636 1953 contra

109 1969 500 2040 voluntatem
555 1972 949 2040 Abbatissae
997 1986 1061 2041 et
1109 1994 1445 2050 sororum,
1501 1972 1800 2040 amovit:
1862 1994 1979 2059 pro
2032 1971 2224 2040 libitu
2274 1994 2480 2041 novos
2531 1972 2634 2039 in·

112 2057 347 2127 stituit:
423 2060 738 2129 homines
800 2060 882 2129 ad
953 2061 1443 2130 monasterium
1507 2081 1946 2146 quocumque
2005 2060 2162 2147 jure
2219 2062 2631 2137 attinentes,

116 2149 289 2215 tantis
338 2149 814 2217 vexationibus
862 2150 1257 2237 angarians
1314 2148 1658 2234 tantisque
1705 2148 2176 2217 exactionibus
2224 2150 2631 2228 excorians,

116 2251 175 2301 ut
214 2237 462 2305 nobilis
512 2236 627 2305 illa
677 2237 974 2306 Ecclesia
1037 2239 1453 2318 subsistere,
1510 2237 1609 2304 vel
1661 2237 1926 2306 diutius
1973 2236 2282 2323 ejusdem
2347 2237 2636 2306 incuba-

115 2324 249 2391 toris
299 2324 734 2395 insolentiam
801 2326 1140 2394 sustinere
1194 2348 1323 2395 non
1383 2340 1626 2414 posset.
1685 2330 1823 2394 Non
1882 2326 2182 2415 legerat,
2226 2326 2337 2413 ,vel
2404 2326 2631 2409 potius

117 2432 224 2479 non
273 2413 654 2484 attenderat
703 2416 1034 2505 scriptum
1069 2470 1088 2496 ‚
1162 2415 1217 2485 si
1281 2414 1574 2504 legerat,
1636 2415 2066 2484 miserrimus
2125 2414 2282 2483 ille:
2349 2421 2472 2485 Vae
2520 2418 2642 2506 qui

109 2503 460 2587 praed-aris,
517 2526 730 2572 nonne
778 2515 840 2572 et
889 2507 1028 2594 ipse
1072 2506 1561 2594 praedaberis?
1606 2505 1726 2593 (Is.
1774 2505 2026 2594 xxxin).
2083 2505 2437 2574 Abbatissa
2487 2526 2637 2573 sae-

116 2587 246 2674 pius
290 2615 449 2660 cum
514 2593 866 2662 sororibus
916 2592 1259 2661 Coloniam
1317 2594 1636 2673 veniens,
1708 2615 1866 2663 cum
1932 2615 2159 2663 coram
2216 2593 2638 2682 primoribus

116 2697 249 2745 suas
304 2681 619 2749 miserias
650 2736 665 2761 ,
721 2695 786 2749 et
833 2681 1158 2750 Friderici
1216 2681 1571 2750 violentias
1623 2684 1815 2769 prius
1863 2682 2142 2751 domino
2192 2681 2632 2762 TheodoricO,

114 2785 176 2833 ac
218 2767 459 2838 deinde
508 2771 659 2859 ejus
708 2771 1089 2839 successori
1145 2769 1554 2860 Engelberto
1615 2771 2142 2860 Archiepiscopo
2190 2783 2630 2860 exponerent,

119 2855 435 2952 modicum
492 2857 951 2947 profecerunt,
1007 2858 1189 2945 quod
1230 2880 1462 2927 amore
1495 2861 1926 2950 cognationis
1965 2860 2178 2929 multa
2219 2862 2401 2929 circa
2438 2859 2633 2929 illum

119 2939 632 3016 dissimularent.
689 2951 840 3016 Post
887 2969 1105 3016 annos
1155 2946 1417 3033 aliquot
1463 2970 1776 3017 sororum
1826 2949 2279 3035 querimoniis
2313 2948 2639 3018 dominus

124 3030 269 3126 Papa
314 3036 686 3114 HonoriuS,
742 3057 1006 3105 necnon
1060 3041 1439 3126 Imperator
1489 3037 1874 3106 Fridericus
1930 3036 2302 3126 defatigati,
2357 3060 2639 3127 compa-

126 3130 325 3193 tientes
375 3146 580 3213 saepe
632 3124 851 3193 dictae
904 3124 1268 3205 Ecclesiae,
1321 3148 1404 3194 ur
1453 3138 1644 3194 entes
1687 3124 1946 3194 litteras
1998 3125 2331 3225 Episcopo
2368 3126 2634 3194 direxe-

119 3223 273 3277 runt.
322 3214 451 3294 Qui
503 3234 675 3283 cum
715 3213 1054 3283 Ecclesiae
1102 3148 1492 3304 Imperiafis
1542 3213 1837 3302 injurias
1886 3213 2148 3282 diutius
2196 3213 2638 3283 dissimulare

119 3313 219 3364 nec
249 3303 547 3382 auderet,
597 3322 720 3370 nec
771 3301 990 3383 vellet,
1028 3304 1351 3372 Comitem
1389 3302 1567 3371 serio
1603 3303 1892 3381 monuit,
1950 3301 2063 3370 sed
2114 3302 2281 3370 nihil
2329 3302 2634 3391 profecit.

122 3385 435 3457 intantum
490 3404 715 3459 autem
754 3392 815 3458 ei
855 3392 1176 3480 pepercit,
1216 3405 1290 3459 ut
1328 3391 1412 3460 de
1465 3392 1760 3480 propriis
1813 3390 2196 3461 redditibus
2244 3391 2449 3460 annis
2500 3390 2638 3458 sin-

121 3472 277 3557 gulis
329 3491 584 3547 certam
683 3479 1033 3549 ensionem
1087 3481 1145 3548 ei
1197 3481 1512 3559 offerret,
1571 3479 1774 3548 modo
1839 3478 2281 3549 advocatione
2339 3477 2638 3566 legitime

120 3563 211 3661 uti
246 3566 478 3636 vellet:
533 3501 817 3636 setfille
884 3569 1168 3637 minime
1228 3569 1648 3656 acceptavit,
1703 3569 2031 3655 quoniam
2104 3568 2169 3635 in
2233 3565 2633 3635 malevolam

119 3668 392 3724 animam
446 3679 580 3725 non
635 3656 919 3726 intrabit
967 3657 1327 3746 sapientia.
1383 3656 1783 3747 Intelligens
1833 3671 2057 3725 autem
2122 3655 2455 3740 idemipse
2499 3655 2638 3723 Fri-

117 3735 361 3811 dericus
410 3743 749 3834 praesulis
800 3744 1244 3826 voluntatem,
1298 3745 1479 3831 quod
1533 3768 1689 3814 eum
1740 3745 2196 3814 exhaeredare
2251 3742 2473 3822 vellet,
2529 3766 2638 3811 co-

120 3830 316 3922 gnatis
363 3834 809 3920 conqueritur
855 3847 919 3903 et
957 3835 1225 3903 amicis.
1278 3839 1355 3903 Et
1394 3857 1552 3903 ecce
1601 3835 1807 3903 flante
1837 3833 2231 3914 Behemoth‚
2271 3833 2472 3921 cujus
2525 3833 2641 3899 lia-

124 3911 262 4013 lttus
310 3943 563 4007 prunas
611 3921 851 3990 ardere
900 3923 1081 4004 facit,
1137 3923 1235 3990 sic
1284 3944 1663 3993 succensus
1694 3937 1795 3992 est
1828 3922 1909 3991 ad
1966 3923 2380 4010 Episcopum
2434 3920 2639 3987 inter-

123 4000 483 4089 ficiendum,
538 4023 615 4079 ut
666 4011 888 4081 verbis
927 4011 1357 4080 fumantibus
1407 4013 1761 4084 carbones,
1819 4012 2015 4088 idest,
2079 4008 2402 4078 satellites
2451 4029 2635 4082 suos,

125 4087 403 4167 homines
454 4101 521 4167 in
576 4098 837 4168 malitia
885 4100 1307 4180 exercitatOS,
1360 4115 1424 4170 et
1475 4100 1558 4169 ad
1618 4122 1822 4169 omne
1870 4099 2140 4168 facinus
2201 4118 2498 4187 pronos,
2554 4087 2706 4164 ad·

169 4232 189 4256 ⁸
215 4236 460 4280 ,advocatus
479 4239 733 4287 Ecclesiae.
752 4244 876 4283 Aevo
900 4241 1068 4286 Medio.
1090 4245 1130 4283 ls
1152 4244 1409 4286 dicebatur,
1432 4245 1514 4292 qut
1535 4245 1700 4282 contra
1718 4244 1880 4282 hostes
1901 4241 2048 4292 ipsam
2066 4242 2303 4285 tuebatur,
2320 4242 2518 4288 juraque
2541 4242 2646 4289 ojus

127 4292 255 4326 ‘³⁰³⁸OE
280 4291 516 4337 judicibus
552 4295 840 4337 defendebat.
880 4299 1090 4340 Nomine.
1123 4297 1477 4346 houm-tuusque
1514 4295 1707 4335 Abbatis
1742 4298 1816 4336 vet
1854 4293 2089 4339 canonici,
2109 4295 2432 4343 proventibus,
2453 4293 2649 4340 privile·

129 4338 278 4437 {1¹¹3}th
300 4349 474 4438 multisG
492 4349 757 4389 Ecclesiam
772 4361 803 4389 n
824 4351 1049 4391 Advocati
1074 4350 1376 4392 fruebantur:
1399 4362 1490 4400 qua
1510 4352 1567 4389 cle
1589 4359 1637 4387 re
1659 4360 1829 4388 munus
1853 4350 1939 4388 hoc
1965 4359 1993 4387 a
2013 4348 2310 4397 Principibus
2340 4347 2655 4389 vehementer

244 4405 254 4433 ι
280 4407 350 4438 um
373 4410 454 4440 cra
481 4429 489 4438 .
