2993 4837
518 276 639 339 104
1272 292 1350 338 nn
1399 291 1453 338 S.
1509 290 1747 339 canoto
1798 289 2126 346 aoaaoimo
2675 269 2826 337 NOV.
2865 272 2894 337 l

515 379 551 462 ξ
602 381 690 446 2.
744 380 953 445 Natus
999 388 1101 446 est
1125 374 1405 446 Carolus
1446 377 1514 444 in
1553 396 1708 444 arce
1758 380 2039 455 Aronae,
2095 374 2421 464 postridie
2468 372 2600 444 Cal.
2650 373 2899 443 Octobris

428 486 609 533 anno
658 463 901 534 salutis
948 487 1296 544 mcxxxvm,
1330 486 1535 551 quem
1585 463 1813 533 adhuc
1851 485 2169 553 puerum,
2216 462 2517 533 clericali
2567 463 2804 542 vestitu,
2838 461 2904 531 ad

425 555 576 641 ejus
627 574 847 622 mores
898 551 1092 623 valde
1139 551 1677 631 accommodam,
1713 565 1904 642 pater
1952 551 2150 621 indui
2199 552 2486 622 curavit.
2515 551 2792 640 Aprimo
2818 572 2903 619 ae·

428 642 583 712 tatis
636 655 939 731 tempore
989 664 1121 710 non
1159 642 1451 711 obscura
1480 640 1739 710 solidae
1785 641 2052 731 pietatis
2074 641 2270 730 signa
2318 640 2527 721 dedit;
2566 661 2716 709 cum
2760 639 2904 707 enim

427 746 724 819 tempuS,
777 730 957 815 quod
1012 730 1307 800 dabatur
1357 729 1705 799 litterariis
1761 729 2361 799 exercitationibus
2411 750 2734 807 vacuum,
2782 729 2908 795 socii

429 822 496 889 in
536 818 919 909 puerilibus
954 818 1139 888 ludis
1189 831 1541 907 ponerent,
1600 818 1745 907 ipse
1779 818 2011 886 divino
2059 816 2279 887 cultui
2329 818 2545 887 multo
2595 816 2909 890 libentiuS.

425 929 503 977 eo
552 908 770 997 spatio
817 929 1091 995 operam
1121 906 1349 976 dabat:
1386 908 1812 997 vagabantur
1852 906 1967 975 alii
2003 929 2120 997 per
2159 906 2396 975 urbem
2440 905 2652 974 animi
2699 905 2908 995 gratia:

430 995 543 1065 ille
594 1018 770 1077 vero,
826 995 1173 1066 decorum
1226 1017 1298 1065 se
1345 997 1664 1065 societate
1713 995 2150 1074 subducenS,
2205 995 2304 1064 vel
2365 993 2804 1085 religiosiores
2834 1013 2915 1059 ec·

427 1084 672 1154 clesias
704 1083 975 1164 adibat,
1034 1083 1132 1153 vel
1181 1084 1368 1154 domi
1423 1085 1529 1173 pie
1581 1084 2023 1174 precabatur,
2062 1095 2127 1153 et
2174 1083 2388 1152 divini
2436 1083 2665 1153 cultus
2723 1080 2918 1169 imagi·

429 1194 580 1242 nern
625 1173 1022 1260 quamdam,
1070 1173 1294 1262 parvis
1325 1172 1658 1242 altaribus
1706 1171 2228 1251 constituendiS,
2277 1172 2740 1258 ornandisque
2786 1190 2914 1257 pue·

430 1261 539 1330 rili
569 1261 867 1347 quodam
922 1262 1188 1350 pietatis
1236 1261 1487 1343 studio,
1541 1274 1605 1330 et
1642 1260 2092 1330 oblectatione
2144 1260 2493 1330 referebat.
2540 1265 2706 1329 Cum
2746 1269 2915 1326 aetate

477 1350 632 1418 aulo
685 1351 904 1439 magis
954 1350 1416 1439 processisset,
1466 1349 1794 1419 ecclesiae
1834 1364 2226 1420 sanctorum
2280 1348 2689 1426 Gratiniani,
2739 1360 2795 1414 et
2837 1350 2919 1413 Fe·

460 1439 555 1506 ini
607 1439 971 1508 Aronensis
1026 1438 1509 1517 sacerdotium,
1567 1439 1886 1508 Abbatiae
1956 1438 2273 1518 nomine,
2333 1437 2512 1526 quod
2579 1436 2830 1506 dudum
2867 1434 2916 1502 in

432 1526 692 1595 familia
742 1531 1101 1596 Borromea
1142 1527 1606 1617 permanebat,
1649 1528 1934 1616 accepit.
1973 1531 2183 1613 Atque
2231 1549 2388 1597 cum
2435 1524 2920 1595 humanioribus

432 1616 674 1684 litteris
706 1614 867 1685 satis
900 1637 1145 1704 operae
1170 1615 1441 1685 dedisse
1471 1615 1832 1694 videretur,
1866 1615 2239 1708 Ticinum*‚
2265 1629 2338 1684 ut
2363 1614 2673 1684 civilium
2713 1615 2916 1712 legum.

429 1715 492 1773 et
540 1725 889 1772 sacrorum
941 1725 1281 1773 canonum
1320 1703 1544 1772 studia
1585 1703 1832 1773 coleret
1867 1726 2013 1774 sese
2047 1705 2258 1792 patris
2297 1704 2502 1793 jussu
2553 1702 2830 1772 contulit
2855 1699 2916 1764 ⁸¹⁴.

429 1792 715 1860 Tantula
751 1805 963 1861 aetate
1008 1815 1165 1862 cum
1203 1805 1400 1872 esset,
1446 1791 1808 1863 sacerdotii
1838 1793 1941 1862 sui
1993 1792 2258 1862 fructus
2285 1814 2516 1861 sacros
2565 1812 2716 1860 esse
2764 1808 2922 1876 repu-

430 1895 601 1961 tans,
655 1901 947 1967 quorum
985 1882 1139 1960 sibi,
1176 1892 1407 1971 utpote
1427 1882 1843 1962 Abbati,Deo
1871 1880 2216 1950 reddenda
2243 1881 2413 1950 ratio
2439 1893 2641 1958 esset,
2677 1891 2916 1969 patrem,

429 1971 628 2058 cujus
675 1969 932 2057 alioqui
981 1969 1307 2039 voluntati
1350 1970 1512 2040 obse
1563 1970 1635 2040 ui
1685 1969 1806 2039 dili
1860 1983 2050 2039 enter
2082 1969 2421 2049 studebat,
2477 1969 2922 2042 modestam&

435 2058 605 2138 nuit,
659 2059 779 2144 qui
842 2080 979 2127 una
1024 2080 1180 2128 cum
1233 2059 1474 2128 ceteris
1550 2058 1824 2128 acultati
1882 2081 1966 2128 us
2014 2059 2159 2129 suis
2206 2057 2435 2127 adhuc
2481 2057 2802 2129 Abbatiae
2849 2072 2924 2120 res

430 2146 895 2236 dispensabat,
937 2147 1222 2216 minime
1273 2147 1334 2216 id
1395 2147 1523 2216 sibi
1581 2148 1875 2236 justum,
1933 2147 2381 2233 neutriusque
2431 2146 2640 2216 saluti
2689 2162 2926 2214 consen-

432 2248 704 2305 taneum
757 2235 998 2316 videri;
1037 2237 1156 2322 qui
1199 2236 1463 2307 fructus
1512 2236 1642 2305 sibi
1694 2250 2161 2325 superessent.
2218 2257 2333 2304 eos
2374 2236 2439 2304 in
2492 2257 2637 2304 rem
2683 2231 2928 2303 familia·

431 2344 565 2392 rem
604 2325 929 2403 converti,
975 2345 1054 2393 ac
1104 2345 1236 2392 non
1292 2324 1517 2413 potius
1563 2326 1710 2393 dari
1767 2325 2224 2413 pauperibus:
2290 2323 2469 2410 quod
2523 2325 2686 2414 pius
2736 2334 2920 2411 pater.

430 2426 692 2481 tantum
746 2414 958 2493 abest,
1013 2425 1088 2482 ut
1138 2412 1419 2484 moleste
1466 2414 1827 2504 acceperit,
1882 2428 1957 2483 ut
2013 2411 2135 2482 filii
2188 2413 2539 2504 religione,
2599 2409 2926 2502 praeclara-

425 2523 556 2587 que
602 2501 831 2570 indole
881 2500 1121 2581 laetus,
1175 2523 1254 2570 ac
1305 2523 1464 2590 prae
1514 2502 1766 2590 gaudio
1827 2503 2243 2593 lacrymans,
2296 2501 2926 2594 administrationem

425 2591 485 2658 ei
536 2589 684 2657 sine
735 2611 924 2659 mora
976 2590 1368 2676 reliquerit;
1419 2591 1599 2679 quod
1653 2592 1707 2660 si
1763 2592 1936 2681 patri
1984 2590 2244 2678 aliquid
2295 2612 2373 2659 ex
2433 2590 2538 2670 iis,
2599 2604 2926 2660 necessat-u

427 2691 749 2765 sumptus
797 2680 1065 2758 caussa,
1108 2701 1284 2768 opus
1331 2694 1496 2758 erat,
1534 2694 1852 2750 mutuum
1905 2680 2110 2750 dabat
2145 2679 2354 2759 filius;
2393 2678 2573 2766 quod
2605 2679 2670 2748 ei
2714 2690 2924 2767 postea,

425 2765 522 2834 vel
574 2767 809 2853 egenis
846 2768 1335 2837 restitueretur.
2858 2850 2866 2862 .

510 2856 544 2940 ἓ
592 2857 683 2925 8.
738 2855 953 2924 Ticini
1008 2878 1128 2925 nec
1170 2857 1255 2926 ab
1304 2857 1698 2944 aequalium
1752 2879 2035 2927 suorum
2089 2857 2262 2927 vitae
2309 2855 2503 2926 cultu
2556 2855 2924 2925 abhorru1t;

423 2953 487 3009 et
523 2942 863 3042 pietatem,
923 2944 1484 3032 honestatemque
1534 2945 1745 3016 coluit
1794 2945 2181 3036 diligenter.
2235 2950 2323 3015 Ne
2364 2944 2685 3033 ‚insignes
2740 2944 2801 3011 in
2850 2938 2928 3007 lit·

423 3041 582 3099 teris
636 3053 1039 3121 progressus
1086 3035 1336 3103 habere
1382 3034 1750 3114 videretur,
1791 3034 2046 3124 ingenii
2084 3047 2309 3103 motus
2341 3033 2424 3102 ad
2477 3029 2924 3122 explicandum

424 3119 605 3188 baud
649 3121 816 3190 satis
855 3121 1149 3212 expediti
1190 3122 1554 3192 faciebant.
1608 3128 1836 3213 Nuper
1883 3145 1962 3192 ex
2010 3125 2160 3212 eJus
2216 3122 2422 3192 sociis
2470 3121 2754 3209 quidam
2805 3138 2928 3188 nar·

420 3209 634 3287 rabat,
681 3230 759 3278 eo
808 3233 879 3279 se
921 3225 1221 3301 tempore
1256 3213 1532 3300 saepius
1571 3211 1789 3281 Caroli
1855 3212 2248 3300 patientiam
2301 3232 2450 3281 esse
2496 3210 2923 3299 admiratum:

417 3297 594 3384 quod
636 3304 868 3386 'neque
897 3299 1181 3369 adverso
1204 3299 1436 3387 aliquo
1485 3300 1631 3369 ludi
1665 3314 1934 3381 eventu,
1990 3321 2207 3388 neque
2251 3298 2491 3368 famuli
2541 3301 2918 3388 cujusquam

420 3387 692 3476 ignavia
738 3402 1171 3469 commomS,
1242 3387 1621 3475 quidquam
1675 3388 1923 3458 faceret
1982 3403 2101 3459 aut
2161 3388 2551 3475 loqueretur
2605 3402 2921 3473 unquam.

416 3474 596 3560 quod
650 3476 1165 3558 contumeliam,
1220 3489 1338 3546 aut
1377 3477 1763 3546 liberiorem
1809 3476 2351 3568 indignationem
2404 3497 2566 3566 prae
2615 3486 2688 3546 se
2735 3474 2924 3543 ferret.

416 3562 713 3634 eluxisse
760 3586 1034 3652 quoque
1083 3566 1149 3634 in
1202 3566 1356 3653 ejus
1396 3566 1706 3635 moribus
1739 3565 2034 3635 addebat
2082 3566 2393 3635 animum
2443 3564 2823 3643 excelsum,
2869 3577 2928 3624 ac

418 3666 715 3750 mentem
767 3655 854 3722 ab
905 3653 1232 3723 humanis
1288 3654 1825 3744 cupiditatibus,
1879 3655 2392 3741 ambitioneque
2425 3652 2747 3732 alienam3
2796 3665 2925 3742 cum

413 3761 471 3807 et
522 3742 768 3818 ultimo
816 3742 954 3812 fere
993 3742 1175 3829 juris
1231 3743 1621 3813 studiorum
1696 3756 2022 3832 tempore,
2075 3743 2174 3813 Jo.
2228 3741 2526 3831 Angelus
2587 3734 2929 3811 cardinalis

413 3829 704 3901 Medices
728 3831 1116 3903 avunculus
1152 3831 1509 3901 Abbatiarn
1542 3833 2040 3902 Romanianam
2077 3832 2501 3911 contulisset,
2532 3844 2596 3899 et
2621 3841 2924 3918 praeterea

412 3917 954 4016 calventianum‚
991 3932 1067 3990 ut
1115 3920 1493 4010 appellant,
1551 3921 1961 4002 Prioratum,
2006 3942 2079 3991 se
2134 3919 2422 4010 collegio
2469 3942 2548 3988 ex
2596 3919 2682 3988 iis
2713 3914 2925 4006 opibus

409 4006 629 4104 Ticini
677 4007 1157 4079 constituendo
1227 4010 1371 4099 jam
1429 4023 1571 4080 tum
1638 4010 1982 4099 cogitare,
2036 4031 2115 4079 ac
2181 4008 2364 4097 loqui
2433 4008 2696 4097 coepit:
2753 4017 2922 4093 sequf}

408 4095 654 4182 ajebat,
715 4097 981 4167 modico
1034 4115 1345 4188 sumptu,
1389 4098 1625 4188 procul
1665 4101 1751 4170 ab
1802 4098 2109 4168 humano
2143 4097 2532 4187 splendore,
2567 4097 2765 4167 etiam
2808 4106 2942 4160 ruri*

459 4292 483 4315 a
514 4292 755 4331 Decimum
775 4298 962 4334 sextum
985 4294 1109 4333 vltae
1131 4304 1302 4334 annum
1325 4294 1491 4344 agebat.
1514 4294 1555 4333 S.
1578 4295 1788 4337 Carolus,
1809 4303 1954 4343 quum
1975 4292 2191 4334 Ticinum
2212 4295 2390 4334 missus
2410 4294 2495 4334 est.
2941 4320 2942 4345 1

458 4347 509 4369 ’'¹''
539 4344 923 4393 condiscipulum
950 4345 1118 4387 habuit
1146 4348 1194 4386 ln
1224 4348 1459 4395 ejusmodi
1490 4346 1660 4387 studiis
1682 4347 1899 4387 carolum
1919 4349 2222 4388 Franctscum
2244 4348 2568 4394 Bonhomlum,
2588 4345 2920 4387 cremonensem·

405 4395 618 4436 doctrina
636 4396 991 4449 virtutibusque
1015 4400 1388 4445 ornatissimum,
1405 4400 1755 4441 vercellensem
1775 4402 1944 4441 deinde
1965 4402 2247 4453 episcopum.
