2993 4837
531 314 656 378 444
1307 332 1385 377 nn
1434 332 1487 378 s.
1544 331 1772 379 musco
1820 331 2116 380 confess.
2656 312 2809 382 Not.
2840 316 2892 381 ἰτ-

441 415 720 484 homine
753 414 1132 485 litterarum
1175 428 1450 504 experto
1500 416 1849 485 cumulate
1896 416 2245 497 didicisse,
2290 416 2473 504 quod
2512 417 2581 485 in
2622 417 2805 487 cele·-
2881 433 2884 436 ·

442 504 574 572 mis
624 503 998 574 academiis
1046 527 1084 573 a
1134 504 1406 594 magnis
1472 504 1869 574 doct-oribus
1929 505 2283 575 addiscere
2343 507 2789 593 nequiverant.
2843 513 2886 578 ti.

443 605 791 681 praeterea
836 593 1169 662 orationis
1214 593 1480 662 fructus
1521 605 1664 663 erat
1704 595 2125 673 uberrimus,
2177 597 2358 681 quod
2386 597 2534 685 jam
2585 596 2653 663 in
2714 625 2759 656 ι’
2787 615 2854 658 uz·
2885 645 2896 654 -.
2969 595 2972 637 ²

439 682 786 751 ctionibus
825 681 1218 751 dulcedinis
1250 696 1681 772 praeventuS,
1721 696 1785 751 et
1813 683 2092 752 calicem
2131 684 2329 752 illum
2371 683 2813 774 praeclarum,
2841 721 2846 736 =
2877 735 2892 756 -.
2955 685 2972 728 ³¹

439 793 557 839 cor
606 771 921 853 inebriat,
968 769 1308 852 delibanS,
1349 771 1653 840 ardentis
1685 772 2040 842 charitatis
2086 772 2245 859 igne
2281 794 2447 873 erga
2491 779 2701 842 Deum
2730 784 2826 841 et
2875 825 2880 830 .
2969 774 2971 815 ³

438 859 658 929 ximos
713 871 845 929 toto
880 873 1146 949 pectore
1185 862 1563 939 aestuabat;
1615 882 1826 946 quare
1874 863 2212 931 bonorum
2264 884 2578 931 omnium
2644 882 2808 930 auc·

440 952 652 1016 Deum
698 962 762 1017 et
813 948 1276 1018 beatissimam
1332 950 1446 1017 Dei
1508 950 1916 1019 Genitricem
1976 972 2247 1040 semper
2299 951 2635 1041 virginem
2699 952 2898 1019 huma?

438 1036 715 1125 generis
764 1036 1188 1118 advocatam,
1242 1058 1447 1123 quam
1503 1060 1779 1107 summa
1829 1038 2185 1107 devotione
2241 1061 2514 1129 semper
2562 1040 2785 1119 coluit,
2826 1056 2892 1106 ns
2950 1057 2954 1068 ·

441 1146 564 1213 pro
600 1147 669 1193 se
714 1125 880 1205 sol0‚
936 1126 1051 1194 sed
1099 1148 1221 1214 pro
1255 1127 1582 1195 omnibus
1631 1126 2055 1209 hominibUS,
2093 1141 2158 1196 et
2209 1129 2610 1217 praesertim
2663 1150 2774 1217 pro
2831 1155 2902 1190 ιιι»

436 1226 746 1283 catorum
797 1215 1301 1295 emendatione,
1355 1215 1787 1284 continenter
1835 1217 2574 1303 vehementissimeque
2608 1217 2844 1285 orabat.

524 1305 560 1389 ἓ
609 1308 703 1372 6.
750 1308 1089 1393 Pauperes
1139 1325 1292 1372 vero
1339 1309 1505 1373 Jesu
1539 1304 1784 1372 Christi
1841 1316 2025 1374 tanto
2073 1305 2319 1375 affectu
2366 1306 2488 1374 dili
2545 1306 2722 1385 ebat,
2763 1319 2890 1373 tan

436 1412 570 1477 que
604 1413 767 1480 erga
793 1414 906 1462 eos
938 1392 1409 1463 misericordia
1442 1394 2023 1474 commovebatur,
2052 1408 2128 1463 ut
2151 1395 2341 1462 omni
2373 1409 2481 1463 stu
2542 1398 2631 1474 io,
2654 1405 2849 1480 quant
2877 1419 2883 1452 ι

435 1481 498 1547 ei
539 1478 806 1560 licebat,
865 1503 1102 1551 eorum
1143 1481 1446 1571 inopiam
1498 1495 1562 1550 et
1593 1481 2015 1552 calamitates
2065 1484 2421 1552 sublevare
2457 1483 2703 1553 sedulo
2746 1507 2783 1573 p
2817 1510 2891 1543 η

443 1581 645 1647 raret;
700 1568 882 1654 quod
921 1571 975 1639 si
1031 1571 1373 1640 interdum
1443 1584 1785 1658 praestare
1843 1593 1974 1640 non
2022 1586 2267 1661 posset,
2328 1573 2461 1639 vim
2518 1574 2850 1661 lacryma
2889 1589 2895 1608 ²

441 1656 923 1743 profundebat,
978 1681 1229 1744 eosque
1278 1659 1501 1728 verbis
1568 1660 2065 1729 amantissimis
2106 1660 2621 1730 consolabatur.
2676 1669 2797 1751 Aeg
2839 1690 2892 1722 ι·-

436 1744 681 1814 fratres
729 1744 1052 1816 omnibus
1108 1748 1461 1818 charitatis
1511 1747 1756 1817 officiis
1807 1749 2368 1838 prosequebatur,
2408 1751 2719 1819 assidere
2762 1748 2835 1817 ad
2881 1793 2902 1804 .-

434 1846 650 1914 ctum,
705 1835 938 1903 cibum
1024 1837 1435 1915 ministrare,
1507 1837 1789 1926 vigilare
1852 1850 2022 1907 totas
2074 1851 2336 1919 nocteS,
2400 1839 2706 1928 perferre
2751 1849 2908 1912 oms-1

443 1923 787 1992 molestias
824 1937 1010 1993 tanta
1063 1926 1409 2015 patientia,
1469 1939 1652 1993 tanta
1699 1926 2110 2005 humilitate,
2150 1940 2224 1996 ut
2260 1929 2729 2014 quorumdam
2780 1948 2856 2017 pu
2892 1955 2894 1958 ·

440 2011 657 2082 lentas
708 2012 969 2102 plagas,
1014 2035 1144 2082 non
1199 2014 1420 2083 solum
1475 2014 1998 2085 medicamentis
2049 2038 2315 2095 curare,
2371 2016 2489 2085 sed
2545 2016 2842 2107 linguaq
2876 2041 2893 2064 ···

2969 862 2972 905 l

2960 958 2972 993 §l

2969 1308 2971 1351 ῌ
2969 1220 2972 1259 ,ξ
2965 1111 2972 1173 -
2966 1041 2972 1054 .-

433 2121 567 2186 que
613 2122 726 2170 eas
794 2102 1094 2172 lambere
1154 2115 1217 2171 et
1265 2103 1652 2193 abstergere
1711 2125 1846 2172 non
1917 2105 2359 2183 abhorreret;
2412 2128 2555 2192 quo
2624 2107 2694 2173 in
2968 2113 2970 2164 ὲ

434 2190 680 2259 eximia
717 2191 890 2259 servi
929 2192 1042 2260 Dei
1091 2192 1389 2260 charitas
1450 2197 1705 2260 Romae
1764 2192 2138 2278 aliquando
2190 2195 2256 2262 in
2312 2195 2652 2263 coenobio
2700 2195 2852 2262 frat
2895 2237 2900 2244 -

433 2300 741 2360 suorum,
807 2280 990 2366 quod
1041 2293 1140 2349 est
1206 2280 1289 2348 ad
1342 2286 1540 2349 Aram
1607 2281 1816 2361 Coeli,
1872 2283 2236 2371 insigniter
2280 2282 2513 2351 eluxit.
2576 2288 2744 2353 Nam
2800 2303 2900 2350 au

430 2368 1008 2458 quinquagesimo
1080 2370 1457 2458 superioris
1530 2369 1767 2450 seculi,
1835 2392 1993 2440 cum
2052 2372 2201 2461 piae
2251 2371 2630 2441 memoriae
2673 2369 2914 2442 Nicolw-

434 2462 615 2546 Papa
665 2462 735 2537 V,
780 2458 1259 2548 praedecessor
1309 2471 1559 2537 noster,
1598 2482 1868 2528 sacrum
1904 2460 2294 2529 Jubilaeum
2339 2461 2421 2528 de
2457 2483 2654 2530 more
2688 2459 2855 2530 celeb

435 2559 550 2614 ret.
596 2552 881 2614 Romam
917 2548 1097 2615 venit
1134 2549 1372 2616 beatus
1413 2547 1709 2617 Didacus
1756 2563 1831 2617 ut
1873 2548 2239 2617 salutarem
2278 2549 2914 2637 indulgentiam

435 2648 857 2720 sequeretur,
887 2647 951 2704 et
985 2637 1337 2705 beatorum
1370 2637 1842 2725 Apostolorum
1879 2659 1947 2706 se
2003 2637 2195 2706 ulcra
2228 2653 2797 2725 caeterorumque
2824 2655 2914 2704 sas

432 2735 695 2791 ctorum
729 2729 1098 2812 Martyrum
1137 2725 1441 2794 illustres
1476 2726 1840 2793 memorias
1883 2747 1952 2794 re
1988 2727 2198 2815 igiose
2230 2742 2699 2808 veneraretur;
2741 2747 2908 2813 mag*

433 2824 576 2880 erat
611 2833 925 2881 annonae
969 2813 1222 2902 inopia,
1278 2814 1606 2903 gravibus
1645 2826 1709 2882 et
1746 2814 2150 2901 periculosis
2179 2816 2436 2885 morbis
2489 2816 2669 2885 Urbs
2720 2815 2855 2884 labo

440 2899 574 2978 bat,
614 2922 768 2967 cum
824 2906 893 2969 B.
949 2902 1244 2971 Didacus
1277 2904 1572 2992 aegrotis
1621 2902 1973 2977 curandis,
2011 2925 2306 2990 quorum
2357 2904 2609 2993 ingens
2659 2916 2796 2974 erat
2844 2921 2899 2969 n

439 3010 692 3067 meruS,
750 3012 788 3057 a
823 2991 1214 3059 Guardiano
1240 3013 1360 3060 seu
1408 2992 1719 3062 coenobii
1773 2990 2129 3081 praefecto,
2176 2993 2296 3079 qui
2337 2993 2483 3082 jam
2534 2994 2692 3082 ejus
2730 3001 2892 3062 sanct

434 3089 633 3146 tatem
673 3077 1169 3166 degustaverat,
1209 3094 1309 3149 est
1361 3080 1815 3169 praepositu53
1855 3081 2057 3168 cujus
2091 3081 2297 3150 oflicii
2334 3103 2593 3150 munus
2629 3096 2761 3151 tam
2807 3077 2937 3148 fide«

435 3166 585 3234 liter
619 3165 1038 3255 feliciterque
1069 3168 1597 3249 administravit,
1630 3182 1703 3238 ut
1731 3171 1797 3237 in
1839 3170 2137 3259 publicis
2164 3170 2505 3259 angustiis
2530 3171 2766 3239 omnia
2789 3189 2918 3257 apu

434 3277 766 3345 pauperes
802 3257 1047 3327 Christi
1097 3257 1554 3336 abundarent,
1591 3279 1968 3344 omnesque
2008 3258 2075 3327 in
2113 3281 2304 3328 servo
2352 3259 2462 3327 Dei
2513 3271 2578 3328 et
2625 3259 2938 3349 copiosum

431 3344 785 3413 charitatis
827 3346 1148 3432 spiritum
1190 3359 1254 3415 et
1302 3346 1725 3436 singularem
1761 3346 1949 3417 illius
1982 3348 2167 3437 apud
2206 3353 2413 3416 Deum
2447 3349 2739 3448 gratiam
2770 3365 2901 3436 agni
2949 3372 2952 3375 ·

429 3446 719 3502 scerent.
773 3438 902 3503 Nec
938 3457 1101 3505 sane
1144 3436 1540 3503 mirandum
1575 3447 1697 3516 est,
1753 3436 1974 3504 virum
2018 3437 2128 3504 Dei
2180 3437 2510 3506 membris
2550 3435 2793 3505 Christi
2834 3433 2942 3528 ir&

432 3522 650 3590 tribus
704 3523 872 3603 suiS,
928 3524 994 3591 in
1064 3524 1320 3609 quibus
1381 3524 1690 3592 Christus
1741 3524 1886 3613 ipse
1934 3525 2349 3614 aegrotabat,
2401 3538 2587 3596 tanto
2629 3523 2939 3618 charitatis

430 3611 658 3679 studio
710 3611 1097 3692 inservisse,
1157 3625 1288 3681 tam
1334 3613 1627 3701 impigre
1673 3613 2123 3693 ministrasse,
2160 3615 2278 3700 qui
2312 3634 2390 3682 eo
2424 3614 2566 3700 jam
2623 3611 2943 3703 perfectio-¹

434 3699 542 3767 nis
576 3722 983 3789 progressus
1009 3714 1271 3782 erat‚ut
1300 3701 1701 3770 charitatem
1738 3702 1952 3782 illam,
1982 3725 2118 3789 qua
2148 3724 2348 3771 nemo
2384 3702 2713 3789 majorem
2745 3698 2923 3770 habet,

428 3793 694 3945 {ponso
727 3792 998 3858 animae
1030 3812 1196 3859 suae
1240 3803 1581 3878 praestare
1629 3805 1693 3858 et
1724 3791 2115 3890 ‘persolvere
2163 3792 2701 3880 concupisceret,
2754 3801 2812 3858 et
2839 3799 2950 3875 pre

501 3901 518 3944 ι

530 3878 675 3946 risti
742 3880 1017 3948 nomine
1064 3891 1127 3947 et
1193 3879 1622 3948 confessione
1678 3892 1880 3948 vitam
1946 3893 2010 3948 et
2080 3880 2489 3970 sanguinem
2567 3875 2925 3968 profundere

427 3965 867 4036 desideraret.
909 3973 995 4036 Ea
1051 3968 1379 4036 nimirum
1422 3981 1523 4037 est
1556 3967 1829 4057 perfecti
1882 3969 2135 4037 amoris
2187 3971 2286 4037 vis
2321 3981 2384 4037 et
2420 3981 2684 4048 natura,
2727 3980 2795 4035 ut
2820 3975 2927 4032 nott

428 4054 624 4123 facile
662 4058 1124 4142 conquiescat,
1176 4057 1292 4126 sed
1349 4058 1609 4144 majora
1658 4079 1927 4146 semper
1973 4070 2039 4126 et
2088 4058 2385 4126 maxima
2419 4071 2688 4147 appetat
2723 4068 2783 4124 et
2812 4071 2923 4121 mo·

430 4142 656 4222 liatur,
706 4166 1111 4234 semperque
1144 4158 1468 4214 actuosus
1502 4159 1565 4214 et
1602 4167 1933 4235 operosus
1968 4145 2077 4215 sit.
2127 4146 2356 4233 ltaque
2388 4169 2547 4215 cum
2600 4136 2919 4229 aliquando

429 4231 512 4298 ad
545 4232 806 4300 insulas
834 4235 1155 4302 Canarias
1186 4234 1221 4268 ⁴*
1250 4235 1503 4304 missus
1542 4249 1738 4314 esset,
1777 4249 1853 4303 ut
1886 4235 2259 4304 Guardiani
2303 4234 2528 4304 officio
2562 4236 2627 4302 in
2666 4233 2919 4330 inorm-

433 4331 609 4385 trum
677 4321 1009 4389 Minorum
1061 4337 1399 4391 conventu
1447 4323 1869 4413 fungeretur,
1943 4345 2181 4392 servus
2242 4324 2514 4406 Christi,
2579 4324 2685 4393 cui
2738 4332 2916 4386 vivere

482 4441 506 4468 ²·
538 4441 580 4480 S.
610 4443 810 4484 Didacus
832 4446 888 4484 ad
909 4446 1126 4493 insulam.
1147 4457 1291 4496 quam
1313 4450 1673 4489 Formantur-am
1694 4447 1952 4494 nominant.
1970 4451 2146 4490 missus
2166 4451 2273 4490 fuit.
