2993 4837
42 306 227 425 {Nor
278 336 309 399 i
870 351 945 396 nii
994 352 1048 397 s.
1105 350 1345 397 canoro
1396 349 1726 396 nonnoni-:0
2363 330 2491 393 205

42 434 171 513 !sed
212 459 280 506 ea
308 434 710 505 dominatus
759 434 1019 504 ratione
1072 457 1112 503 a
1157 433 1520 524 judicibus
1569 431 1976 523 plerumque
2025 432 2385 501 haereticis
2427 452 2579 519 pre-

84 538 358 605 muntur,
423 536 499 593 ut
560 524 869 594 haeresis
902 536 1176 613 pestem
1248 523 1316 591 in
1372 522 1521 591 dies
1578 522 1799 612 magis
1864 544 1971 590 ma
2030 522 2224 610 isque
2283 520 2581 609 recipere

80 613 535 703 quodammodo
587 625 969 701 cogantur:
1024 633 1158 699 qua
1209 634 1287 680 ex
1327 633 1420 692 re,
1486 612 1603 697 qui
1669 632 1800 679 non
1853 632 1971 679 mu
2009 624 2107 679 tos
2157 620 2313 679 ante
2361 628 2581 676 annos

84 704 425 792 incorrupta
472 701 612 772 fide
664 703 1001 781 vivebant,
1059 722 1244 770 nunc
1292 722 1371 769 ex
1412 714 1604 789 parte
1639 721 1771 769 non
1828 698 2089 768 modica
2143 711 2305 767 sunt
2355 696 2582 783 inqui-

42 852 45 863 .
86 792 232 871 nati;
273 805 469 878 atque
518 792 611 859 ita
682 790 894 880 serpit
942 789 1228 870 malum,
1282 788 1727 878 quotidieque
1776 800 2048 865 manat,
2111 800 2207 867 ut,
2269 786 2398 855 nisi
2453 790 2581 854 Deo

92 880 422 961 miserante,
473 881 638 966 quis
686 892 1042 959 occurrat,
1097 878 1281 947 brevi
1313 878 1526 967 (quod
1566 890 1821 946 avertat
1871 875 2076 964 Deus)
2115 874 2405 966 populos
2439 874 2584 941 uni·

90 990 313 1051 versos,
361 969 478 1055 qui
546 982 779 1037 tamen
829 967 979 1036 Itali
1047 979 1251 1046 sunt,
1318 979 1816 1055 occupaturum
1886 965 2161 1055 penitus
2224 964 2575 1041 videatur,

82 1058 228 1127 ande
273 1080 395 1128 non
451 1079 745 1146 parvum
789 1056 1091 1157 reliquae
1140 1054 1375 1124 Italiae
1428 1054 1811 1143 periculum
1866 1054 2262 1122 immineat:
2316 1064 2585 1141 praeter

82 1144 217 1215 illud
264 1168 604 1247 praesens,
665 1145 1291 1235 gravissimumque
1330 1142 1866 1223 detrimentum,
1921 1142 2100 1229 quod
2154 1141 2451 1211 nefariae
2503 1140 2586 1207 li-

80 1232 315 1306 bertatis
359 1239 633 1315 caussa,
688 1254 767 1302 eo
816 1245 1163 1319 tamquam
1215 1233 1284 1300 in
1340 1244 1559 1301 tutum
1611 1232 1865 1311 locum,
1905 1232 2076 1299 mira
2112 1230 2456 1310 facilitate,
2497 1229 2583 1298 ob

86 1324 321 1393 nimiam
364 1325 677 1393 locorum
719 1322 1322 1412 propinquitatem,
1354 1342 1503 1389 sese
1537 1321 1878 1410 recipiunt
1907 1320 2059 1390 Itali
2091 1340 2355 1399 omnes,
2390 1331 2581 1404 quot-

80 1426 214 1499 ‚quot
252 1412 519 1484 ordines
571 1411 927 1499 religiosos
966 1466 980 1489 ,
1036 1409 1326 1478 fidemve
1381 1410 1601 1498 ipsam
1647 1410 1858 1498 impie
1908 1409 2424 1499 pernicioseque
2470 1406 2585 1474 de-

88 1520 265 1570 serere
294 1513 625 1571 statuunt.
684 1501 803 1568 His
845 1500 1053 1589 igitur
1101 1498 1524 1589 regionibus,
1582 1499 1993 1587 populisque
2031 1497 2379 1569 omnibus.
2420 1519 2579 1565 cum

90 1586 153 1661 ab
189 1611 250 1659 se
283 1589 584 1671 Carolus,
640 1603 975 1676 quantum
1028 1588 1174 1657 fieri
1229 1600 1475 1677 posset,
1536 1588 1688 1656 totis
1736 1587 1999 1657 viribus
2034 1585 2583 1657 subveniendum

86 1678 425 1759 statuisset,
482 1699 553 1748 re
623 1678 711 1745 ad
762 1678 1155 1747 Pontificem
1208 1681 1463 1747 Romae
1509 1676 1777 1756 delata,
1833 1675 2173 1746 Helvetiae
2236 1673 2586 1745 Rhaetiae-

86 1785 208 1855 que,
254 1767 625 1837 visitatoris
674 1766 1037 1855 Apostolici
1088 1767 1386 1844 nomine,
1444 1788 1696 1856 magna
1743 1787 1899 1834 cum
1956 1775 2281 1855 potestate
2331 1761 2586 1852 pracfe-

86 1866 205 1925 ctus
236 1869 348 1925 est.
401 1861 623 1927 Roma
675 1876 1009 1935 reversuS,
1068 1876 1286 1941 neque
1319 1854 1697 1933 laboribuS,
1746 1875 1963 1940 neque
1996 1853 2391 1941 sumptibus
2427 1850 2589 1919 ullis

125 1944 457 2013 arcendum
498 1944 637 2015 sibi
669 1944 925 2023 statuit,
968 1955 1041 2012 ut
1072 1943 1340 2012 miseris
1390 1943 1750 2012 subveniat
1785 1966 1799 2021 ;
1853 1962 2091 2011 omnes
2124 1942 2265 2009 vias
2294 1941 2590 2009 circum-

86 2032 272 2119 spicit,
320 2034 787 2124 exploratque,
840 2032 1097 2119 quibus
1133 2032 1256 2099 viis
1306 2033 1512 2102 tantis
1565 2031 1765 2100 malis
1817 2031 2026 2120 possit
2069 2029 2447 2098 remedium
2484 2026 2582 2096 as-

141 2142 246 2191 rre.
294 2123 506 2194 Caroli
557 2121 901 2191 desiderio
944 2120 1110 2189 illud
1156 2132 1297 2189 erat
1326 2120 1710 2210 adjumenti
1744 2175 1759 2200 ,
1813 2118 1995 2205 quod
2047 2118 2344 2187 adventu
2387 2116 2591 2185 Ducis

42 2298 46 2303 ὓ
128 2231 537 2293 erraenovae‚
595 2210 920 2279 ecclesiae
969 2208 1495 2279 Mediolanensis
1545 2207 2052 2277 administratio
2099 2205 2363 2276 facilior
2412 2204 2593 2272 vide-

127 2310 294 2379 atur,
345 2314 408 2370 et
452 2299 916 2370 contentionis
963 2298 1287 2368 adversae
1338 2298 1507 2378 Ιοοο,
1547 2297 1754 2367 rebus
1788 2296 2208 2366 salutaribus
2256 2293 2590 2362 auxilium

180 2409 246 2458 eo
277 2388 832 2479 exspectabatur;
863 2387 1064 2475 cujus
1097 2388 1187 2457 rei
1223 2386 1478 2457 indicia
1513 2385 1726 2457 multa
1765 2386 1989 2456 statim
2027 2386 2085 2454 is
2109 2382 2427 2453 dederat:
2463 2381 2591 2452 lioc

190 2479 452 2566 primis,
505 2477 695 2566 quod
746 2477 1364 2548 administrationis
1415 2478 1609 2545 initio
1643 2475 1999 2567 superiora
2029 2474 2250 2542 edicta
2283 2474 2365 2542 de
2405 2492 2591 2540 more

100 2579 525 2648 renovaturus,
584 2582 649 2636 et
697 2589 775 2636 ea
824 2567 1076 2647 omisit,
1132 2567 1470 2651 rejecitve,
1532 2587 1706 2652 quae
1751 2563 1986 2654 populi
2036 2564 2348 2652 pietatem
2399 2574 2598 2629 antea

70 2673 185 2753 .¹¹l³
230 2677 463 2746 nopere
513 2656 1003 2736 turbaverant,
1056 2668 1119 2723 et
1170 2655 1304 2723 alia
1374 2654 1881 2744 promulgavit,
1934 2674 2111 2739 quae
2159 2649 2440 2721 Carolus
2478 2672 2599 2718 cu-

100 2759 185 2832 pie
225 2758 319 2822 at,
381 2766 701 2832 quaeque
751 2745 894 2833 jam
948 2766 989 2812 a
1057 2749 1236 2832 Rege
1304 2745 1450 2830 ipso
1501 2765 1621 2833 per
1684 2742 2020 2812 Clericum
2093 2739 2593 2831 postulaverat;

44 2885 89 2928 ἵ.
144 2846 393 2903 raeterea
450 2856 603 2904 sese
667 2834 869 2901 rebus
928 2832 1255 2901 omnibus
1317 2854 1465 2900 eam
1538 2833 1865 2901 rationem
1921 2830 2254 2899 initurum
2323 2827 2598 2917 pollice-

175 2931 289 3002 tur,
328 2945 503 3009 quae
545 2945 588 2992 a
621 2921 1104 2999 controversia,
1150 2920 1721 3010 contentioneque
1771 2920 2066 2988 maxime
2112 2932 2288 2987 esset
2327 2917 2593 2991 aliena:

84 3007 246 3098 ,quod
266 3012 540 3081 Carolus
574 3011 778 3080 etiarn
818 3011 1159 3099 sperabat.
1204 3011 1447 3098 pietate
1483 3009 1818 3098 principis
1851 3008 2194 3077 adductus
2234 3020 2430 3075 antea
2461 3004 2595 3072 sibi

116 3113 426 3188 perspecta.
486 3099 893 3169 Audoenum
944 3098 1362 3167 Ludovicum
1418 3110 1760 3188 praeterea
1814 3095 2151 3185 Anglum‚
2210 3116 2394 3163 nunc
2445 3093 2604 3182 Epi-

86 3204 338 3280 ‚scopum
376 3194 898 3268 Cassanensem‚
935 3186 1557 3256 administrationis
1606 3207 1772 3255 suae
1803 3184 2210 3274 primarium
2257 3182 2600 3251 vicariurn

106 3272 522 3363 relinquebat,
578 3277 782 3367 cujus
815 3276 999 3356 fidei,
1042 3276 1410 3362 virtutique
1443 3275 1832 3344 confidebat
1874 3272 2277 3361 plurimum.
2326 3275 2463 3338 Hae
2500 3290 2605 3338 res

108 3359 175 3429 ob
201 3363 443 3436 firmam
490 3388 685 3456 spem
726 3365 1043 3455 publicae
1076 3365 1349 3451 quietis,
1397 3378 1750 3450 rectaeque
1790 3359 2335 3451 gubernationis,
2378 3359 2603 3427 locum

108 3449 298 3547 Carolo
327 3456 626 3535 dabant,
681 3467 755 3523 ut
801 3467 1182 3524 exterorum
1238 3452 1441 3522 saluti
1493 3473 1769 3541 operam
1829 3450 1992 3519 dare
2031 3446 2306 3518 facilius
2357 3456 2601 3537 posset.

108 3537 438 3641 Cisalpinos
481 3544 697 3633 igitur
734 3565 892 3611 cum
952 3544 1016 3610 in
1070 3542 1313 3632 primis
1355 3541 1485 3610 sibi
1541 3539 1901 3611 tentandos
1932 3593 1947 3620 ,
1991 3536 2474 3627 ,iuvandosque
2520 3533 2609 3603 ob

112 3632 526 3717 propinquius
566 3631 953 3722 periculum
992 3630 1488 3710 constituisset,
1531 3635 1881 3699 Mesaucos
1908 3649 1987 3697 ex
2027 3627 2137 3696 liis
2177 3626 2438 3716 primos
2478 3621 2611 3692 sibi

111 3717 390 3799 petendos
435 3720 891 3800 existimavit;
945 3719 1125 3806 quod
1196 3719 1548 3808 primariis
1614 3716 2033 3806 quibusdam
2087 3714 2386 3805 regionis
2451 3710 2612 3779 viris

106 3804 396 3878 auxilium
448 3809 864 3900 petentibuS‚
913 3808 1358 3876 multitudine
1405 3806 1491 3890 ad
1543 3807 1610 3876 id
1665 3819 1893 3897 parata
1930 3860 1944 3887 ,
2000 3801 2403 3895 proficiendi
2455 3821 2612 3901 spes

110 3906 226 3994 erat
270 3918 392 3967 non
444 3898 836 3968 mediocris.
906 3903 1020 3966 Est
1074 3918 1153 3965 ea
1209 3895 1406 3965 vallis
1464 3895 1920 3985 longitudinis
1987 3893 2284 3962 millium
2344 3890 2615 3959 circiter

114 3985 363 4070 viginti,
416 4000 480 4057 et
528 3986 922 4056 mortalium
995 3985 1074 4055 ad
1132 3984 1350 4054 millia
1405 3985 1729 4054 undecim
1780 3984 2106 4053 continet.
2162 3985 2326 4050 Cum
2383 3992 2610 4070 autem

113 4068 364 4144 Mesauci
417 4089 644 4147 essent
691 4076 760 4144 in
817 4075 1415 4144 administratione
1470 4085 1535 4142 et
1596 4073 1907 4161 imperiis
1971 4070 2385 4139 Rhaetorum
2449 4090 2614 4137 con-

112 4171 311 4256 sui-iffi,
361 4177 423 4233 et
471 4165 730 4236 Grisiae
779 4165 1005 4255 gentis
1057 4185 1236 4253 pars,
1281 4184 1460 4249 quae
1511 4162 1782 4251 gravior
1815 4170 2013 4238 esset,
2067 4170 2131 4227 et
2178 4181 2219 4227 a
2253 4168 2432 4225 recta
2483 4156 2616 4226 fide

116 4263 311 4318 minus
353 4252 618 4332 aliena,
673 4254 990 4323 securius
1039 4253 1129 4321 ibi
1183 4252 1295 4341 agi
1334 4273 1554 4340 ⁴posse
1599 4249 2002 4326 videbatur,
2058 4249 2114 4316 si
2164 4247 2334 4315 forte
2381 4246 2466 4315 ob
2516 4267 2619 4315 re-

117 4348 389 4409 novatum
443 4342 709 4432 pietatis
766 4342 1083 4422 cultum,
1155 4340 1237 4409 iis
1288 4340 1538 4426 reliqui
1586 4338 1834 4407 vellent
1891 4335 2154 4420 aliquid
2215 4335 2465 4424 negotii
2517 4333 2619 4402 fa-

117 4439 356 4498 cessere.
408 4430 824 4513 Accedebat,
874 4430 1055 4516 quod
1120 4426 1399 4519 publico
1451 4428 1755 4496 vicorum
1814 4422 2102 4496 consilio
2167 4421 2488 4493 nonnulli
2541 4443 2622 4490 ex
2683 4463 2754 4506 „s
