2993 4837
6 399 7 402 ,
93 336 249 402 Nov.
305 338 383 401 to
884 304 996 401 ’nn
1045 355 1100 400 S.
1156 354 1406 401 Annum
1452 352 1760 400 AvaLmNo
2392 335 2518 400 387

6 473 11 546 Ῑ
93 439 327 507 Domini
378 436 638 528 gloriae
671 438 740 506 in
778 438 883 507 sui
934 438 1238 527 corporis
1291 438 1668 528 hospitium
1720 450 2191 526 suscepturuS,
2245 437 2502 523 quibus
2541 451 2606 507 et

6 553 11 614 ᾖ
90 527 283 597 morbi
347 527 785 596 adversarius
839 526 1136 615 impetus
1198 539 1262 595 et
1315 526 1691 616 superioris
1754 526 2071 596 obstitere
2137 548 2374 614 praece
2428 539 2599 594 tum.

6 623 19 693 ζ
87 620 318 702 Itaque,
358 616 698 705 susceptis
740 614 1078 685 Ecclesiae
1120 616 1600 696 SacramentiS,
1642 637 1761 703 per
1799 614 2057 702 aliquot
2097 614 2301 684 horas
2340 637 2379 683 a
2412 615 2604 699 iqua-

11 740 18 765 ι
88 717 263 774 tenus
306 706 843 790 conquiescenS‚
900 716 1044 774 tum
1102 727 1179 772 ex
1245 703 1581 794 religiosis
1633 703 1795 772 viris
1852 715 1994 773 tum
2037 726 2117 773 ex
2174 702 2603 774 secularibus

13 834 22 855 .
86 794 143 860 in
186 795 332 880 ejus
376 793 782 863 cubiculum
837 792 1365 874 introeuntibus,
1409 806 1613 880 atque
1646 793 1733 861 ab
1780 815 1858 861 eo
1900 792 2438 862 benedictionem
2482 814 2600 880 po-

85 882 501 962 stulantibu5‚
560 881 870 970 singulos
922 881 1034 949 ille
1076 882 1347 969 penitus
1379 882 1740 971 agnovisse
1788 881 2126 959 indicans,
2167 880 2599 970 singulorum

87 986 210 1039 vota
254 983 573 1059 paternae
604 969 1104 1039 benedictionis
1134 991 1419 1039 munere
1453 970 1779 1059 dignatus
1806 984 1928 1039 est.
1972 976 2279 1039 Extremo
2314 969 2596 1038 demum

88 1060 423 1149 ingruente
455 1080 700 1149 agone,
757 1081 888 1128 non
941 1059 1147 1128 semel
1189 1059 1506 1146 equidem
1562 1058 2061 1129 validissimum
2099 1080 2258 1128 cum
2311 1058 2599 1127 humani

85 1151 327 1236 generis
370 1150 564 1216 hoste
611 1161 951 1216 certamen
1007 1148 1071 1215 in
1113 1147 1230 1216 illa
1267 1148 1638 1216 novissima
1691 1149 1863 1217 vitae
1902 1170 2069 1217 suae
2112 1168 2314 1216 arena
2366 1169 2438 1216 se
2472 1147 2603 1215 ini-

88 1250 286 1305 turum
343 1238 492 1323 ipse
549 1235 1016 1324 praedixerat,
1073 1250 1567 1324 proptereaque
1633 1258 1874 1306 omnes
1921 1235 2209 1305 orationi
2271 1236 2604 1305 instantes

87 1325 276 1405 vellet,
327 1339 404 1395 ut
436 1326 526 1394 iis
577 1324 1155 1394 intercedentibus
1195 1325 1468 1395 divinae
1503 1325 2011 1394 misericordiae
2057 1324 2418 1403 auxilium,
2466 1346 2604 1411 quo

88 1414 273 1483 victor
302 1414 639 1491 evaderet,
665 1414 1037 1483 affuturum
1075 1427 1399 1503 speraret.
1437 1419 1586 1483 Mox
1625 1414 1769 1493 ubi,
1807 1415 1930 1501 qui
1958 1427 2345 1503 praesentes
2379 1426 2598 1493 erant,

87 1503 357 1572 Andreae
412 1503 682 1572 vultum
732 1503 930 1589 quasi
982 1502 1265 1571 inducta
1323 1502 1798 1592 trepidationis
1861 1525 1938 1572 ac
2008 1502 2334 1572 moeroris
2412 1502 2599 1571 nube

27 1626 30 1635 ·
85 1591 550 1662 obumbratum
616 1591 968 1671 viderunt,
1022 1604 1366 1660 certamen
1417 1592 1505 1661 ab
1566 1592 1715 1679 ipso
1768 1591 2191 1681 praedictum
2244 1591 2304 1660 ei
2358 1590 2598 1661 adesse

87 1682 214 1759 rati,
266 1680 805 1750 ferventissimas
870 1701 1102 1768 proco
1155 1701 1386 1769 preces
1445 1680 1530 1749 ad
1590 1685 1799 1748 Deum
1865 1680 2151 1750 fundere
2198 1692 2593 1768 coeperunt.

87 1772 298 1838 Verum
351 1770 681 1848 AndreaS,
716 1770 1062 1837 conversis
1111 1769 1355 1838 iterum
1393 1782 1597 1855 atque
1622 1769 1867 1837 iterum
1915 1769 2312 1838 firmissimo
2350 1769 2606 1838 intuitu

85 1858 273 1928 oculis
303 1860 386 1928 ad
432 1857 815 1945 piissimam
855 1858 988 1926 ima
1045 1859 1223 1925 inem
1260 1880 1297 1926 e
1327 1856 1633 1927 cubiculi
1670 1857 1919 1945 pariete
1972 1857 2402 1947 pendentem,
2442 1878 2604 1926 con-

87 1960 283 2015 suetae
332 1947 648 2015 redditus
697 1946 993 2033 tranquil
1033 1946 1216 2027 itati‚
1272 1947 1511 2015 hilaris
1573 1945 2028 2034 triumphator
2077 1947 2146 2013 in
2195 1946 2461 2015 coelum
2513 1945 2599 2013 ad

87 2036 549 2123 capessendam
588 2036 750 2103 boni
798 2035 1216 2114 certaminiS,
1253 2035 1436 2122 quod
1473 2047 1865 2114 certaverat,
1910 2056 2257 2113 coronam,
2299 2045 2363 2102 et
2402 2034 2603 2102 attin-

90 2125 345 2210 gendam
398 2126 673 2193 beatam
708 2125 1165 2192 consummati
1214 2146 1463 2193 cursus
1514 2136 1761 2191 metam
1798 2122 2107 2191 evolavit.

159 2213 365 2298 ξίὸ.
425 2219 583 2282 Post
621 2213 772 2299 ejus
821 2213 888 2279 in
942 2212 1227 2280 Domino
1273 2212 1846 2281 obdormitionem
1903 2210 2100 2300 longe
2145 2210 2410 2297 lateque
2465 2208 2599 2276 dis-

95 2297 210 2367 tusa
253 2318 351 2372 est
400 2300 787 2371 sanctitatis
817 2322 981 2371 suae
1014 2300 1219 2370 fama.
1253 2307 1680 2390 Quapropter
1712 2321 1893 2369 anno
1920 2322 2156 2369 uncvni
2198 2298 2590 2377 defunctuS,

92 2406 238 2458 anno
283 2414 439 2461 vero
489 2412 737 2459 nncxxv
772 2411 811 2458 a
858 2388 1074 2459 felicis
1125 2389 1613 2460 recordationis
1664 2389 1934 2459 Urbano
1984 2394 2160 2478 Papa
2198 2393 2346 2457 VIII
2403 2408 2599 2478 prae-

87 2476 407 2549 decessore
444 2493 680 2548 nostro
716 2480 888 2547 inter
923 2484 1156 2547 Beatos
1190 2479 1480 2549 solemni
1533 2480 1666 2548 ritu
1704 2479 2096 2567 adscriptus
2130 2477 2282 2547 fuit.
2321 2482 2397 2545 Et
2437 2477 2605 2563 quia

25 2619 40 2634 .
87 2569 362 2637 nondum
417 2568 835 2658 apostolicae
884 2567 1854 2656 prodierantconstitutiones,
1886 2567 2140 2654 quibus
2186 2579 2485 2644 cavetur,
2520 2586 2604 2633 ne

23 2657 40 2766 l
83 2651 454 2741 hujusmodi
497 2656 1020 2725 beatificationis
1061 2678 1410 2726 servorum
1467 2658 1576 2725 Dei
1619 2677 2220 2742 quorumcumque
2273 2677 2353 2724 ac
2401 2675 2606 2723 cano-

87 2744 422 2814 nizationis
471 2767 745 2824 causae,
795 2746 926 2814 nisi
962 2758 1107 2833 post
1139 2745 1406 2835 lapsum
1442 2746 1530 2814 ab
1579 2746 1852 2815 illorum
1886 2746 2076 2815 obitu
2102 2766 2361 2814 annum
2400 2743 2603 2830 quin-

82 2835 573 2922 quagesimum,
608 2845 1082 2913 tractarentur,
1132 2834 1260 2903 hoc
1287 2833 1510 2902 solum
1546 2834 1803 2903 interea
1839 2835 2193 2922 permis50,
2232 2847 2309 2902 ut
2342 2832 2605 2902 scilicet

83 2920 379 2991 virtutum
412 2937 479 2991 et
515 2922 1006 2992 miraculorum
1064 2924 1499 3011 probationes
1552 2945 1918 3012 procurare
1946 2946 2024 2991 ac
2064 2922 2398 2991 conficere
2442 2921 2604 2990 lice-

85 3021 183 3089 ret,
227 3033 306 3080 ne
343 3034 467 3101 per
498 3010 702 3100 longa
762 3012 1087 3100 temporis
1135 3010 1534 3100 hujusmodi
1586 3011 1939 3081 intervalla
1998 3011 2280 3079 certiora
2338 3023 2403 3079 et
2445 3009 2605 3079 illu-

84 3099 296 3169 striora
336 3099 725 3170 sanctitatis
760 3113 1206 3169 monumenta
1256 3100 1528 3188 penitus
1575 3099 2091 3169 interciderent:
2145 3099 2400 3168 idcirco
2437 3120 2605 3167 non-

83 3187 230 3256 nulli
268 3202 420 3278 post
471 3190 650 3257 beati
685 3189 987 3257 Andreae
1037 3188 1395 3258 decessum
1462 3188 1812 3257 ordinaria
1869 3187 2172 3276 primum
2235 3199 2300 3255 et
2350 3186 2600 3254 deinde

80 3278 434 3363 apostolica
483 3278 882 3346 auctoritate
931 3278 1246 3347 instructi
1287 3277 1475 3348 {uere
1512 3298 1895 3366 processuS,
1929 3296 2224 3362 quorum
2261 3275 2597 3354 examine,

80 3367 441 3435 secundum
476 3367 1044 3435 consuetudinem
1072 3389 1151 3435 eo
1203 3380 1504 3455 tempore
1553 3378 1918 3454 receptam,
1993 3365 2211 3433 tribus
2260 3362 2602 3448 antiquio-

79 3451 254 3522 ribus
303 3470 470 3524 tunc
522 3455 969 3524 existentibus
1028 3476 1393 3525 causarum
1467 3454 1703 3544 palatii
1754 3451 2109 3542 apostolici
2171 3450 2603 3521 auditoribus

13 3609 14 3622 ¹
77 3539 492 3622 demandam,
534 3542 966 3612 illiactorum
1003 3543 1419 3612 validitatem
1455 3544 1950 3632 approbarunt,
1989 3553 2055 3610 et
2088 3540 2264 3611 beati
2300 3538 2602 3607 Andreae

11 3669 12 3672 =
78 3629 341 3701 virtutes
393 3632 747 3701 heroicum
779 3632 1085 3720 attigisse
1106 3631 1424 3722 gradum,
1460 3645 1525 3701 et
1556 3646 1703 3702 octo
1736 3633 1910 3701 inter
1945 3629 2103 3711 alia,
2149 3629 2396 3719 partim
2431 3626 2601 3696 dum

79 3717 334 3799 viveret,
368 3720 616 3808 partim
655 3734 805 3810 post
833 3731 1115 3790 mortem
1153 3721 1240 3790 ab
1273 3721 1423 3810 ipso
1460 3736 1720 3810 patrata
1765 3719 2125 3799 miracula,
2159 3737 2601 3816 communem

80 3808 392 3894 operandi
449 3808 726 3877 modum
769 3833 809 3877 a
843 3823 1090 3878 natura
1138 3810 1528 3879 institutum
1594 3809 2118 3884 transcendisse,
2174 3806 2445 3896 praevia
2499 3804 2601 3872 di·

79 3897 414 3965 seussione
448 3896 905 3968 declararunt.
951 3903 1209 3967 Horum
1237 3898 1550 3967 omnium
1589 3899 1822 3967 relatio
1858 3898 1924 3965 in
1980 3896 2279 3986 praefata
2320 3895 2609 3963 Rituum·

80 3985 592 4075 Congregatione
630 3987 934 4075 exposita
968 4009 1107 4056 una
1153 4009 1310 4055 cum
1348 3987 1745 4055 eorumdem
1781 3985 2172 4054 auditorum
2200 3983 2466 4074 judicio
2496 3980 2606 4081 di-

82 4092 300 4142 scussa
349 4075 510 4155 fuit;
562 4096 698 4161 qua
730 4075 1159 4145 discussione
1209 4087 1503 4162 peracta,
1542 4075 1775 4144 eadem
1830 4075 2108 4143 Rituum
2162 4077 2607 4169 Congregatto

81 4172 133 4226 et
175 4162 437 4234 validos
491 4184 853 4252 processus
907 4176 971 4232 et
1017 4163 1319 4232 Andreae
1375 4164 1658 4234 virtutes
1707 4163 2014 4232 heroicas
2076 4184 2223 4232 esse
2286 4170 2598 4238 censult,

82 4249 524 4338 admissisque
564 4251 737 4321 inter
791 4273 948 4321 vera
994 4264 1058 4321 et
1108 4252 1390 4341 probata
1443 4251 1778 4320 miracula
1834 4264 2090 4337 septem
2156 4247 2615 4319 instantaneis-

84 4341 563 4420 sanationibuS,
615 4340 1130 4429 infrascriptum
1173 4361 1445 4427 quoque
1482 4361 1604 4429 pro
1642 4340 1974 4409 miraculo
2025 4339 2336 4409 habitum
2388 4336 2537 4407 suit.

158 4429 190 4511 ξ
235 4431 384 4499 16.
439 4428 695 4498 Accidit
727 4429 1098 4516 aliquando
1132 4443 1208 4499 ut
1257 4429 1494 4499 beatus
1547 4427 1846 4501 Andreas
1889 4429 2171 4499 domum
2223 4426 2488 4498 Camilli
2522 4425 2611 4494 de
2668 4475 2779 4542 Af
