2993 4837
460 302 586 365 244
1221 317 1296 361 ne
1345 317 1401 362 s.
1455 315 1696 363 canopo
1745 314 2078 362 anancaeo
2639 296 2797 362 Nov.
2840 301 2866 363 t

370 402 816 493 cogitationes
864 423 1012 471 sese
1057 401 1491 487 conjiciebat,
1548 413 1623 470 ut
1669 401 1757 470 ab
1805 400 1963 469 aliis
2009 399 2360 479 omnibuS,
2408 400 2508 468 vir
2555 400 2872 470 incredibi-

374 491 527 561 liter
560 502 960 580 occupatus,
1018 511 1164 559 sese
1213 488 1633 560 abstractum
1687 489 2089 579 praeberet;
2144 488 2211 557 id
2264 487 2398 577 ipsi
2441 489 2679 578 partim
2707 489 2875 558 etiam

368 580 457 650 ob
522 578 939 648 vehementis
1000 577 1485 667 applicationis
1521 633 1536 659 ,
1604 577 2218 666 occupationisque
2281 579 2352 646 in
2428 578 2615 648 omni
2671 599 2881 667 genere

371 667 941 740 consuetudinem
993 667 1385 750 eveniebat,
1438 667 1522 736 de
1570 688 1708 755 quo
1748 666 1896 754 jam
1947 665 2358 756 attigimus;
2410 687 2571 736 cum
2621 666 2886 735 interdiu

375 758 665 848 negotiis
713 756 1198 836 distineretur,
1258 769 1671 826 nocturnum
1724 767 1998 843 tempus
2036 754 2125 823 ad
2166 754 2503 825 orandum
2558 756 2884 833 sumebam

373 868 671 933 cumque
722 846 955 935 magni
1006 846 1333 914 momenti
1396 867 1504 914 res
1564 842 2009 923 incidebant,
2067 845 2255 933 ipsas
2305 856 2535 913 noctes
2585 844 2891 934 precando

372 934 870 1014 consumebat;
926 933 1150 1003 locum
1213 932 1296 1002 ad
1359 955 1517 1003 eum
1583 953 1790 1003 usum
1838 933 1973 1002 sibi
2025 944 2429 1020 paraverat,
2481 934 2727 1003 usitato
2787 933 2893 1002 sibi

369 1023 692 1094 cubiculo
727 1023 1138 1113 proximum,
1196 1022 1286 1092 ita
1334 1033 1674 1091 remotum
1703 1075 1718 1103 ,
1771 1035 1847 1090 ut
1892 1019 2148 1108 aliquis
2197 1020 2644 1091 familiarium
2702 1034 2896 1091 tamen

374 1134 578 1203 saepe
624 1112 922 1201 gemitus
967 1110 1343 1180 exaudiret.
1396 1117 1667 1181 Praeter
1716 1109 1841 1181 has
1888 1109 2328 1197 quotidianas
2376 1111 2887 1189 exercitationes,

375 1216 517 1271 tum
553 1200 1128 1271 extraordinarias
1182 1221 1453 1288 quoque
1494 1200 1772 1277 multas,
1825 1220 2003 1286 quae
2052 1200 2278 1288 praeci
2336 1221 2505 1269 uum
2559 1200 2887 1277 studium,

373 1290 814 1379 spatiumque
848 1289 1123 1379 longius
1157 1290 1644 1376 requirebant,
1699 1288 1805 1357 bis
1855 1288 1924 1355 in
1975 1309 2158 1357 anno
2206 1310 2280 1357 sa
2316 1299 2448 1357 tem
2500 1289 2589 1357 ab
2617 1290 2785 1358 urbe
2811 1288 2896 1355 di·

375 1378 717 1459 scedebat,
759 1399 965 1465 seque
995 1379 1063 1445 in
1103 1378 1402 1459 remotis,
1448 1376 1855 1447 solitariisve
1888 1375 2058 1446 locis
2091 1376 2449 1466 colligenS,
2492 1377 2726 1466 plures
2775 1376 2897 1446 dies

376 1480 548 1538 totos
604 1468 690 1537 ab
739 1467 931 1537 omni
978 1466 1112 1535 alia
1172 1467 1620 1555 occupatione
1668 1464 1891 1546 liber,
1948 1478 2092 1534 tum
2159 1466 2540 1554 superioris
2600 1467 2898 1555 temporis

373 1568 597 1626 errata
635 1556 945 1635 dolebat,
1002 1568 1144 1625 tum
1198 1577 1346 1625 sese
1392 1554 1876 1644 spiritualibus
1905 1606 1926 1634 ,
1983 1554 2372 1640 divinisque
2405 1555 2898 1644 contemplatio·

377 1645 585 1715 nibus
633 1644 719 1714 ad
762 1645 1085 1734 majorem
1151 1645 1579 1714 sanctitatem
1630 1642 2003 1723 incitabat;
2055 1663 2192 1800 qua
2249 1643 2335 1711 de
2399 1665 2469 1713 re
2525 1666 2736 1734 supra
2784 1664 2896 1712 non

374 1733 585 1803 semel
634 1732 1013 1823 attigimus.
1068 1733 1236 1801 Inde
1284 1744 1512 1802 autem
1564 1731 1837 1802 coelesti
1891 1732 2070 1820 pabu
2104 1754 2144 1801 o
2192 1731 2462 1802 refectis
2494 1734 2712 1802 animi
2763 1732 2900 1800 viri·

374 1822 530 1903 buS‚
583 1822 667 1891 ad
724 1844 852 1891 sua
901 1821 1249 1891 curricula
1301 1843 1538 1891 recens
1607 1820 1994 1907 alacrisque
2041 1820 2522 1890 descendebat.
2578 1826 2900 1891 Praeterea

375 1933 581 1991 vero,
646 1910 827 1999 quod
892 1921 1260 2000 perpetuae
1308 1908 1837 2001 supplicationis
1896 1931 2117 1998 genus
2181 1910 2617 1979 existimatur
2651 1965 2667 1991 ,
2721 1931 2902 1998 quas-

372 2021 671 2087 cumque
722 2021 829 2069 res
877 2011 1144 2100 ageret,
1199 2000 1289 2067 ita
1339 2022 1411 2068 se
1456 1999 1949 2087 comparabat,
2005 2011 2080 2067 ut
2129 2020 2349 2086 neque
2410 1997 2688 2068 divinae
2739 2020 2904 2088 prae—

376 2090 635 2159 sentiae
667 2110 1096 2167 memoriam,
1137 2108 1357 2175 neque
1392 2100 1703 2157 motuum
1740 2086 1957 2155 animi
1993 2086 2097 2157 sui
2132 2087 2515 2159 custodiam
2546 2087 2901 2157 desereret:

375 2200 534 2247 cum
587 2177 769 2247 idem
814 2191 1063 2257 tamen,
1101 2198 1278 2263 quae
1310 2188 1538 2247 essent
1580 2176 1646 2244 in
1690 2175 2053 2254 manibus,-
2081 2188 2215 2244 tam
2252 2174 2545 2265 perfecte
2579 2189 2896 2253 tractaret,

372 2288 452 2335 ac
493 2267 559 2334 in
611 2288 852 2343 omnes
891 2267 1235 2352 cujusque
1284 2265 1379 2333 rei
1479 2276 1659 2334 artes
1708 2276 1845 2333 tam
1898 2265 2144 2334 acriter
2178 2318 2193 2344 ,
2249 2276 2325 2334 ut
2369 2264 2678 2335 diximus
2715 2321 2730 2345 ,
2784 2265 2903 2335 acie

373 2355 621 2425 mentis
671 2366 1097 2446 penetraret,
1152 2366 1225 2423 ut
1279 2354 1425 2423 nihi
1506 2353 1652 2423 fieri
1713 2375 1910 2443 posse
1961 2353 2304 2424 videretur
2350 2354 2782 2434 accuratius;
2833 2354 2906 2421 vi·

317 2452 325 2461 '
378 2444 672 2514 debatur
718 2457 971 2525 autem,
1025 2445 1082 2514 si
1117 2445 1275 2531 quis
1323 2443 1721 2522 attenderet,
1780 2443 1906 2511 ini
1963 2464 2036 2511 sa
2091 2465 2317 2512 rerum
2372 2445 2776 2514 tractatione
2824 2445 2906 2512 in·

378 2533 647 2602 terdum
692 2533 961 2602 modico
995 2533 1238 2621 spatio,
1284 2534 1372 2602 ab
1424 2533 1509 2601 iis
1555 2554 1733 2618 quae
1781 2554 1906 2620 age
1958 2544 2047 2612 at,
2103 2545 2330 2601 mente
2366 2533 2721 2614 abstrahi,
2762 2533 2907 2602 alias

378 2623 606 2691 subito
653 2623 1112 2701 commoveri,
1168 2621 1466 2711 speciem
1527 2621 1753 2690 flentis
1818 2641 2317 2707 nonnunquam
2369 2643 2531 2710 prae
2589 2644 2664 2690 se
2729 2622 2903 2692 serre.

377 2713 472 2778 Ex
519 2710 756 2778 eadem
808 2710 1183 2799 vigilantia,
1240 2711 1486 2796 suique
1536 2709 1757 2799 ipsius
1807 2708 2122 2778 custodia
2159 2709 2408 2790 fiebat,
2463 2723 2541 2779 ut
2585 2708 2908 2799 quidquid

371 2797 459 2866 ad
522 2819 681 2867 eum
730 2799 887 2884 quis
934 2799 1242 2872 afferret,
1296 2811 1610 2888 paratum
1663 2798 1898 2868 animo
1946 2819 2262 2887 semper,
2318 2820 2458 2867 sem
2517 2821 2591 2869 er
2646 2809 2908 2869 cautum

374 2885 752 2966 inveniret3
818 2908 903 2955 ne
966 2886 1110 2956 ulla
1166 2908 1260 2966 re,
1333 2886 1433 2955 vel
1485 2887 1696 2957 nimis
1762 2899 2332 2968 commoveretur,
2401 2910 2478 2955 ve
2557 2888 2909 2958 offenderet

374 2974 610 3061 aliquo
638 2974 864 3044 modo.
894 2976 1250 3066 EpiscopO,
1277 2974 1572 3055 dicebat,
1601 2987 1834 3065 utpote
1871 2975 2075 3044 rebus
2107 2976 2321 3045 sacris
2350 2975 2910 3046 administrandis

372 3063 654 3135 assidue
701 3076 1081 3154 occupato,
1136 3086 1284 3133 eam
1338 3065 1637 3133 maxime
1697 3064 2081 3133 custodiam
2150 3064 2560 3145 convenire,
2618 3087 2704 3134 ne
2755 3065 2909 3135 actio

372 3175 412 3222 a
462 3152 804 3244 spirituali
872 3153 1311 3223 meditatione
1374 3153 1648 3242 penitus
1696 3173 2002 3239 unquam
2071 3153 2589 3222 distraheretur.
2657 3155 2909 3223 Itineris

375 3253 650 3332 tempus
703 3242 792 3312 ita
840 3242 1311 3322 consumebat,
1367 3255 1443 3311 ut
1492 3241 1625 3310 nisi
1660 3241 1818 3328 quis
1859 3241 2131 3310 interim
2174 3241 2586 3322 audiendus,
2627 3242 2735 3312 vel
2771 3263 2908 3313 cum

372 3330 606 3418 aliquo
653 3344 830 3400 esset
878 3330 1437 3418 colloquendum,
1493 3331 1563 3398 in
1620 3330 1825 3399 rebus
1860 3329 2114 3399 divinis
2149 3351 2421 3420 semper
2457 3331 2780 3400 animum
2811 3331 2908 3399 de·

373 3420 647 3507 figeret,
702 3432 904 3506 atque
951 3420 1044 3490 ita
1092 3432 1446 3508 raperetur
1476 3473 1495 3499 ,
1567 3432 1642 3488 ut
1701 3440 1874 3508 pene
1922 3440 2252 3488 sensuum
2317 3420 2909 3489 intermitterentur

373 3507 623 3578 officia.
676 3514 753 3578 In
809 3509 1095 3578 Deciana
1148 3509 1281 3589 via,
1335 3531 1491 3578 cum
1548 3508 1675 3577 iter
1724 3519 1954 3588 noctu,
2009 3507 2441 3576 densissimis
2491 3508 2797 3578 tenebris
2827 3507 2908 3576 fa-

370 3612 572 3678 ceret,
626 3611 692 3667 et
738 3598 806 3665 in
851 3596 1078 3668 foveas
1124 3596 1460 3684 quasdam
1514 3596 1841 3685 delapsus
1871 3608 2090 3677 esset,
2147 3595 2337 3665 mula
2371 3618 2580 3686 super
2628 3619 2792 3667 eum
2814 3599 2910 3686 ja·

368 3698 609 3767 cente,
663 3685 1034 3756 comitibus
1084 3686 1273 3756 visus
1332 3697 1479 3766 est,
1534 3697 1599 3754 et
1648 3685 1715 3753 in
1768 3684 2013 3773 primis
2063 3685 2329 3755 Caesari
2380 3686 2760 3775 Speciano,
2809 3685 2909 3772 qui

372 3775 571 3845 nobis
606 3789 835 3866 postea
876 3776 1179 3844 narravit
1226 3775 1608 3864 Episcopus
1638 3827 1653 3854 ,
1707 3774 1800 3842 ita
1851 3775 2311 3863 permansisse
2358 3774 2429 3842 in
2482 3775 2907 3845 meditatione

370 3886 539 3944 sua,
612 3877 686 3933 ut
734 3886 816 3933 ne
864 3863 949 3933 de
995 3864 1181 3933 exitu
1227 3862 1506 3951 quidem
1574 3862 1949 3953 cogitaret,
2002 3861 2220 3932 donec
2265 3863 2550 3932 comites
2612 3862 2904 3933 accensis

374 3951 641 4023 facibus
677 3953 992 4042 regressi,
1030 3975 1187 4022 eum
1226 3951 1398 4021 nibil
1440 3962 1839 4038 querentem
1874 3962 1995 4020 aut
2041 3950 2408 4044 dicentem,
2446 3952 2900 4021 extraherent:

378 4042 699 4111 madidus
746 4064 925 4122 ver0,
965 4065 1043 4112 ac
1081 4040 1461 4112 lutulentus
1500 4040 1958 4109 nihilominus
1989 4040 2193 4109 hilari
2227 4040 2422 4110 vultu
2457 4040 2902 4111 Mediolanum

375 4130 581 4209 venit;
636 4130 979 4200 interdum
1017 4131 1111 4199 ita
1152 4129 1339 4199 mula
1386 4129 1797 4210 offendebat,
1839 4141 1914 4198 ut
1962 4129 2486 4218 procumberet;
2542 4131 2691 4220 ipse
2739 4148 2897 4202 vero,

377 4218 510 4288 nisi
560 4232 906 4289 corrueret
954 4219 1250 4308 penituS,
1309 4218 1480 4288 nihil
1533 4218 1939 4308 plerumque
1988 4217 2684 4287 animadvertebat.A
2716 4217 2901 4288 rebus

379 4307 570 4376 novis
637 4308 1051 4377 nunciandis
1118 4307 1218 4375 vel
1299 4307 1666 4377 audiendis
1734 4306 2196 4376 abhorrebat:
2269 4308 2717 4397 praecipuum
2784 4307 2897 4373 im·

380 4395 634 4483 portari
690 4395 957 4464 dicebat
1014 4418 1094 4464 ex
1158 4418 1232 4465 ea
1298 4396 1738 4476 curiositate,
1796 4394 2225 4486 spiritualem
2277 4395 2485 4465 vitam
2551 4395 2892 4486 agentibus
