2993 4837
66 338 227 403 Nov.
282 338 368 402 29
762 356 840 402 mi
887 355 941 401 s.
996 353 1351 401 sarunnixo
1399 354 1496 400 ΕΡ.
1550 354 1627 401 m·
1674 355 1860 401 mar.
2371 340 2484 403 74¹

64 462 204 510 cum
257 461 450 508 rarae
495 440 562 507 in
598 438 945 527 aliquibus
979 438 1369 508 civitatibus
1396 438 1723 507 ecclesiae
1761 459 2138 528 paucorum
2173 439 2586 510 Christiano-

65 552 202 598 rum
235 528 591 597 devotione
627 539 1141 616 consurgerent,
1180 538 1244 596 et
1275 526 1514 595 crebra
1553 528 1929 596 miserabili
1963 549 2189 597 errore
2222 528 2583 618 gentilium

65 617 405 687 nidoribus
442 617 710 687 foetidis
761 618 825 684 in
857 615 1376 686 omnibuslocis
1428 615 1682 704 templa
1729 616 2115 685 fumarent:
2161 630 2315 686 ante
2367 639 2587 688 annos

64 707 211 776 satis
276 706 611 795 plurimos
660 705 724 773 id
784 718 925 786 est,
983 705 1180 774 Decio
1227 716 1291 772 et
1339 708 1540 773 Grato
1588 705 1993 775 consulibus
2039 706 2115 785 *,
2171 706 2349 775 sicut
2399 705 2586 775 fideli

63 794 512 863 recordatione
576 796 948 874 retinetur,
1018 795 1319 883 primum
1382 803 1445 860 et
1509 814 1864 862 summum
1917 794 2163 863 Christi
2222 795 2459 864 Tolosa
2518 795 2587 829 *²*

63 883 280 954 civitas
311 895 628 952 sanctum
682 883 1124 952 Saturninum
1182 882 1430 950 habere
1459 881 1677 968 coepit
1716 882 2162 950 sacerdotem.
2210 884 2419 972 Cujus
2454 882 2588 951 fide

64 982 246 1058 atque
294 973 542 1042 virtute
588 993 822 1040 eorum
857 1026 871 1051 ,
937 971 1056 1058 qui
1116 971 1184 1037 in
1228 969 1397 1039 urbe
1460 969 1698 1038 eadem
1747 970 2172 1051 colebantur,
2217 984 2589 1060 coeperunt

66 1058 458 1129 daemonum
515 1060 834 1129 vaticinia
896 1080 1186 1140 cessare,
1242 1071 1628 1128 commenta
1683 1058 1952 1139 nudari,
1997 1071 2176 1128 artes
2223 1058 2468 1149 detegi,
2526 1072 2591 1129 et

66 1149 271 1217 omnis
304 1149 582 1218 illorum
623 1149 805 1237 apud
849 1147 1144 1218 Gentiles
1183 1146 1502 1237 potentia,
1549 1147 1911 1234 omnisque
1945 1147 2239 1228 fallacia,
2268 1148 2590 1217 Christia-

70 1258 286 1305 norum
359 1237 496 1306 fide
564 1249 934 1316 crescente,
988 1236 1399 1306 decrescere.
1456 1238 1762 1322 Cumque
1811 1236 2206 1326 supradicto
2254 1236 2589 1325 Episcopo

70 1325 142 1392 ad
170 1325 518 1395 ecclesiam
544 1326 608 1394 id
647 1324 971 1415 temporis
1005 1323 1568 1414 parvulamjuxta
1604 1324 2007 1413 Capitolium
2042 1325 2169 1404 **⁸,
2202 1325 2383 1411 quod
2416 1326 2590 1394 inter

73 1412 323 1483 domum
389 1436 589 1483 suam
639 1426 701 1483 et
752 1414 1035 1483 domum
1105 1413 1213 1481 Dei
1274 1425 1416 1482 erat
1472 1411 1803 1492 medium,
1860 1412 2180 1499 frequens
2230 1414 2366 1483 itus
2414 1428 2590 1484 esset

73 1521 141 1568 ac
194 1502 465 1584 reditus,
523 1502 743 1573 sancti
803 1502 926 1570 viri
984 1503 1440 1590 praesentiam
1509 1501 1848 1571 sustinere
1904 1501 2109 1571 fallax
2171 1503 2587 1571 daemonum

72 1590 245 1659 turba
285 1614 416 1660 non
473 1591 732 1682 potuit:
786 1604 849 1659 et
897 1602 972 1659 ut
1018 1602 1212 1659 erant
1263 1603 1451 1660 muta
1492 1589 1890 1670 simulacra,
1930 1590 2140 1659 nullis
2179 1591 2591 1661 adumbrata

72 1676 450 1765 phantasiis,
507 1680 591 1749 ad
655 1679 988 1767 sacrilega
1030 1679 1382 1765 obsequia,
1435 1689 1501 1747 et
1540 1677 1832 1747 sollicita
1880 1678 2385 1749 consulentium
2440 1692 2590 1749 vota

71 1783 412 1855 coeperunt
450 1769 517 1837 in
557 1767 828 1837 silentio
872 1788 1295 1857 permanere.

145 1856 176 1940 ξ
218 1860 301 1926 3.
349 1857 592 1927 Cuncti
625 1857 856 1942 itaque
886 1856 1260 1945 sacrilegae
1308 1855 1827 1944 superstitiones
1862 1856 2221 1935 antistiteS,
2273 1867 2457 1925 tanta
2495 1858 2589 1925 rei

75 1943 337 2013 novitate
373 1946 688 2036 permoti,
730 1945 907 2013 inter
944 1966 1014 2013 se
1051 1944 1337 2013 invicem
1375 1965 1723 2031 quaerere,
1781 1944 1964 2013 unde
1989 1945 2408 2014 ‘numinibus
2442 1947 2588 2013 suis

74 2031 339 2102 venisset
373 2045 560 2102 tanta
603 2034 925 2124 temporis
965 2033 1287 2102 inusitata
1326 2032 1779 2111 taciturnitas,
1832 2034 2151 2119 quisnam
2188 2034 2276 2101 ita
2310 2034 2588 2122 garrula

76 2136 170 2186 ora
225 2121 606 2202 clausisset,
660 2133 735 2192 ut
804 2144 927 2190 nec
976 2121 1437 2190 invocantium
1506 2121 1824 2209 precibus
1871 2122 2188 2203 excitata,
2247 2145 2368 2190 nec
2439 2121 2590 2191 fuso

80 2225 286 2277 cruore
332 2222 686 2279 taurorum
737 2223 801 2280 et
841 2210 1045 2280 tantis
1094 2209 1334 2281 hostiis
1394 2208 1675 2278 delinita
1737 2208 2010 2296 aliquod
2069 2210 2591 2280 consulentibus

86 2293 365 2368 afferrent
399 2320 831 2389 responsum.
876 2298 1230 2367 Audiunta
1255 2297 1552 2385 quodam
1593 2311 1860 2367 nostrae
1896 2299 2246 2388 religionis
2281 2299 2585 2377 inimico,

86 2399 293 2478 novam
367 2389 598 2458 nescio
665 2408 870 2475 quam
915 2387 1290 2456 surrexisse
1340 2398 1618 2468 sectam,
1674 2388 2143 2475 superstitioni
2192 2387 2591 2478 gentilitatis

83 2472 431 2558 inimicam,
486 2499 666 2565 quae
715 2476 1098 2545 Christiana
1157 2475 1664 2566 appellaretur,
1707 2489 1771 2544 et
1834 2477 1900 2543 in
1969 2477 2251 2545 deorum
2305 2491 2590 2546 suorum

80 2562 389 2634 excidium
447 2568 800 2636 niteretur.
855 2566 1076 2654 Hujus
1125 2566 1326 2634 etiam
1402 2564 1562 2634 fidei
1624 2586 1769 2634 esse
1820 2566 2264 2635 Saturninum
2319 2566 2596 2654 Episco-

80 2666 249 2744 pum,
312 2655 514 2744 cujus
576 2654 815 2722 crebro
882 2655 1074 2741 juxta
1116 2653 1520 2744 Capitolium
1590 2653 1903 2734 transitu,
1957 2676 1996 2722 a
2042 2664 2416 2743 conspectu
2465 2655 2589 2722 viri

78 2753 205 2820 ejus
242 2745 556 2812 exterrita
607 2743 889 2810 deorum
935 2763 1218 2812 suorum
1255 2764 1371 2811 ora
1408 2742 1705 2822 siluisse,
1748 2763 1870 2810 nec
1919 2741 2115 2811 facile
2165 2765 2362 2832 posse
2412 2765 2590 2812 rese-

78 2825 196 2918 rari
230 2882 244 2907 ,
304 2831 434 2900 nisi
487 2831 903 2921 Episcopum
980 2830 1172 2898 illum
1250 2852 1434 2899 mors
1486 2841 1825 2900 maturata
1890 2830 2340 2900 subtraheret.
2394 2835 2444 2900 Ο
2494 2842 2593 2900 ter

80 2911 285 2985 infelix
319 2940 530 3000 error,
585 2932 649 2988 et
679 2941 877 2987 caeca
926 2918 1306 2987 dementia!
1358 2918 1662 2988 Audiunt
1700 2919 1833 2989 diis
1866 2920 2013 2987 suis
2062 2920 2408 2989 homineni
2446 2941 2593 2988 esse

80 3005 324 3085 terrori;
376 3021 440 3078 et
487 3031 527 3076 a
576 3007 885 3076 delubris
920 3020 1120 3094 atque
1169 3030 1207 3075 a
1256 3006 1535 3076 sedibus
1585 3008 1729 3079 suis
1777 3006 2147 3077 daemones
2193 3008 2276 3076 ad
2345 3009 2593 3077 transi-

81 3094 200 3157 tum
252 3093 466 3182 ipsius
514 3094 849 3175 exsulare,
905 3117 1038 3164 non
1092 3095 1315 3164 solum
1367 3095 1683 3175 audiunt,
1739 3095 1852 3167 sed
1905 3097 2106 3165 etiam
2170 3096 2584 3186 intelligunt.

80 3174 358 3274 Etuhunc
406 3187 657 3263 virum,
713 3184 1013 3254 adoratis
1060 3182 1188 3251 sibi
1233 3183 1433 3253 idolis
1481 3185 1683 3254 etiam
1746 3184 1895 3252 sine
1960 3186 2334 3274 praemissa
2388 3187 2591 3254 inter-

80 3271 423 3362 minatione
475 3272 873 3354 terribilem,
930 3272 1307 3342 interficere
1344 3275 1570 3362 potius
1617 3295 1822 3360 quam
1867 3272 2201 3342 honorare
2249 3273 2591 3342 definiunt

80 3359 310 3437 miseri,
367 3384 499 3431 non
550 3361 1088 3442 considerantes,
1141 3362 1321 3447 quod
1359 3360 1626 3430 nullum
1682 3361 1925 3451 magis,
1978 3383 2186 3449 quam
2232 3361 2426 3430 illum
2478 3383 2588 3429 co-

82 3432 200 3509 lere
227 3445 567 3533 deberent,
623 3449 825 3536 cujus
870 3450 1046 3519 servi
1076 3451 1220 3519 suis
1256 3449 1661 3518 numinibus
1708 3450 2145 3538 imperarent.
2192 3451 2364 3533 Quid
2402 3451 2586 3518 enim

81 3528 351 3632 stultiuS‚
415 3561 623 3626 quam
677 3540 915 3607 timere
967 3550 1365 3619 metuenteS,
1402 3552 1467 3608 et
1517 3537 1740 3618 illum,
1778 3538 1897 3625 qui
1938 3537 2332 3608 dominatur
2365 3538 2589 3607 domi-

81 3621 400 3707 nantibus,
457 3650 588 3697 non
644 3627 930 3696 timere?

154 3706 186 3789 §
232 3715 309 3781 4.
363 3719 544 3786 Inter
576 3717 742 3785 haec
777 3737 939 3806 ergo
978 3714 1536 3801 conquirentium
1583 3724 1648 3781 et
1680 3714 2103 3803 stupentium
2137 3715 2388 3795 studia,
2427 3738 2586 3785 cum

84 3793 382 3872 paulatim
420 3827 527 3874 ma
586 3828 667 3873 na
702 3803 944 3875 fuisset
982 3801 1350 3872 multitudo
1385 3801 1746 3871 hominum
1785 3824 2037 3892 congre
2089 3815 2220 3884 ata,
2253 3817 2317 3873 et
2348 3825 2590 3872 omnes

82 3881 427 3960 studiosius
478 3916 548 3962 ve
583 3894 743 3975 lent,
784 3905 1016 3982 parato
1049 3891 1131 3959 ad
1174 3891 1518 3960 victimam
1558 3902 1775 3971 taur0,
1812 3892 1973 3960 certi
2009 3915 2042 3960 a
2081 3892 2272 3978 iquid
2325 3893 2408 3961 de
2448 3893 2581 3973 his,

83 3981 233 4070 quae
275 3975 699 4062 dicebantur,
752 4001 1150 4071 agnoscere,
1196 3994 1260 4049 et
1299 3979 1462 4049 deos
1513 4003 1676 4050 suos
1745 3979 2048 4049 litatione
2099 3993 2234 4050 tam
2289 3981 2588 4070 ingentis

84 4045 313 4150 hostiae
352 4068 449 4137 vel
499 4071 822 4140 reducere
864 4081 1216 4159 cuperent,
1275 4069 1376 4137 vel
1431 4069 1838 4158 propitiare:
1878 4090 2033 4137 ecce
2083 4070 2310 4159 ipsum
2354 4075 2585 4137 Satur-

88 4155 326 4252 ninum,
362 4158 442 4226 ad
476 4159 780 4230 officium
816 4158 1121 4229 solemne
1154 4157 1533 4243 venientem
1570 4180 1753 4228 unus
1787 4179 1864 4226 ex
1898 4157 2016 4225 illa
2054 4156 2582 4248 malignantium

131 4336 482 4433 :tpzobtbiliten
502 4367 621 4396 anno
646 4357 735 4396 260.

133 4443 203 4470 ,η
218 4395 565 4500 13ξ8ἳ8,ΤΟῗ1Ηαε
584 4407 766 4478 civitas.
786 4410 950 4450 multis
972 4410 1125 4450 titulis
1146 4410 1287 4454 clara.
1307 4410 1355 4449 in
1377 4408 1672 4473 metropolim
1695 4417 1722 4447 a
1742 4409 1920 4466 ‚Ioanne
1940 4409 2017 4456 Pp.
2040 4408 2163 4447 xxn
2184 4406 2341 4446 erem..
2359 4404 2463 4443 sust,

340 4485 351 4502 ¹
404 4471 428 4500 ⁰
451 4473 555 4504 0⁸⁸8
576 4464 872 4512 sssspltolmm·
891 4464 946 4502 1¹²
965 4464 1226 4512 praecipuis
1244 4465 1368 4503 enim
1383 4465 1568 4511 imperii
1584 4462 1856 4503 civitatibus
1872 4461 2096 4509 capitolia
2111 4461 2260 4500 fuisse
2276 4461 2458 4498 eertum
2475 4460 2558 4495 cst.
