2993 4837
70 273 212 340 Not-2
259 274 295 338 4
374 317 393 336 .
863 292 945 338 mi:
992 292 1048 338 s.
1103 290 1342 339 canoro
1391 291 1722 339 nonnosum
2357 277 2483 341 499

70 376 305 444 minime
344 376 758 465 permitteret
787 399 802 443 ε
861 397 1039 463 quae
1073 398 1183 445 res
1206 375 1289 444 ad
1322 377 1592 445 animas
1624 374 2008 466 erigendas,
2045 398 2222 463 quae
2253 377 2572 446 sordidae

60 465 338 551 jacerent,
384 485 808 554 magnopere
850 463 1110 545 valuit3
1166 464 1365 534 multi
1398 467 1612 548 enim,
1656 464 1715 534 si
1767 486 1900 534 non
1944 465 2314 534 immortali
2348 488 2573 536 sacra-

68 554 236 622 menti
290 553 674 634 beneficio,
730 552 974 622 saltem
1029 567 1265 633 notae,
1319 552 1782 640 infamiaeque
1831 553 2072 623 timore
2124 555 2460 643 permoti,
2511 569 2574 624 et

61 662 125 711 ea
159 643 540 712 necessitate
590 643 794 712 etiam
855 642 1079 727 adjuti
1111 696 1126 722 ,
1178 663 1257 710 ex
1315 641 1614 731 publicis
1666 639 1891 720 malis,
1943 642 2576 730 offensionibusque

68 746 365 817 tamqnam
414 754 452 799 e
504 730 652 801 luto
697 744 1174 809 emerserunt;
1228 743 1291 800 et
1344 731 1520 800 sacri
1575 730 1890 801 homines
1921 785 1936 810 ‚
1990 731 2129 799 sive
2169 731 2254 799 ad
2310 732 2575 803 confes-

69 821 250 889 siones
290 820 683 890 audiendas
714 875 729 894 ,
794 820 935 888 sive
991 819 1073 888 ad
1136 819 1468 920 regendas
1520 820 1884 920 parochias
1930 818 2224 892 delecti.
2278 842 2572 906 quorum

71 908 475 998 negligentia.
532 908 637 977 vel
689 908 1084 977 infirmitate
1134 909 1293 977 vitia
1352 930 1632 997 saepius
1678 907 2002 988 aluntur,
2058 931 2093 976 a
2136 911 2369 979 Carolo
2418 932 2574 1000 gra-

68 998 200 1065 viter
234 998 492 1078 tanniu,
539 997 726 1085 quod
779 1011 1123 1066 certorum
1175 997 1531 1066 hominum
1573 997 1876 1086 publica,
1925 997 2022 1065 vel
2065 998 2266 1066 etiam
2323 999 2573 1067 invete-

68 1099 177 1153 rata
211 1100 497 1176 peccata,
549 1088 730 1155 sicut
766 1086 913 1176 ipse
962 1086 1339 1175 reperiebat
1388 1086 1821 1172 inquirendo,
1883 1085 2285 1166 tolerarent,
2340 1086 2420 1155 ad
2473 1086 2575 1157 of-

68 1172 259 1242 ficium
291 1196 525 1255 suum,
587 1174 1075 1264 gravissimum
1127 1174 1433 1262 quidem,
1491 1175 1904 1262 maximique
1954 1176 2277 1245 momenti
2331 1174 2570 1244 redditi

72 1276 195 1331 sunt
230 1264 646 1334 attentiores.
680 1268 759 1332 ln
796 1285 877 1333 ea
912 1285 1156 1333 caussa
1196 1263 1475 1333 fuerunt
1517 1264 1827 1351 primarii
1856 1263 2166 1351 quidam,
2207 1264 2350 1351 qui,
2395 1276 2574 1354 post-

74 1351 256 1420 habita
300 1354 551 1422 salutis
614 1365 678 1421 et
739 1352 1263 1421 existimationis
1309 1373 1584 1438 quoque
1645 1356 1812 1423 cura
1847 1407 1863 1434 ‚
1924 1365 2194 1453 turpem
2243 1366 2308 1422 et
2344 1365 2575 1423 conta-

73 1440 347 1509 minatam
396 1442 611 1511 vitam
653 1442 996 1530 agebant:
1050 1441 1168 1527 qui
1214 1440 1495 1527 quidem
1549 1462 1821 1511 summa
1868 1463 2181 1511 omnium
2230 1442 2571 1512 bonorum

52 1529 534 1617 approbatione,
584 1530 796 1600 libere
843 1529 1121 1599 fuerunt
1166 1550 1207 1598 a
1255 1529 1490 1599 Carolo
1538 1530 1846 1600 correcti.
1909 1535 2058 1601 Post
2109 1532 2363 1601 Pascha
2416 1553 2573 1601 vero

68 1614 205 1687 duas
244 1617 561 1699 illustres,
596 1620 903 1688 actiones
947 1618 1079 1687 sibi
1129 1617 1483 1687 obeundas
1531 1630 1921 1708 paraverat:
1978 1630 2241 1689 sextum
2297 1620 2574 1709 provin-

70 1705 183 1802 ciae
224 1708 592 1778 concilium
629 1763 643 1788 ‚
697 1719 761 1778 et
809 1706 1344 1797 pulcherrimam
1398 1729 1751 1777 sacrarum
1797 1706 2242 1795 reliquiarum
2282 1707 2576 1777 transla-

72 1803 299 1864 tionem.
350 1800 437 1865 Ac
488 1795 1009 1866 translationem
1051 1795 1330 1883 quidem
1359 1851 1376 1877 ‚
1428 1818 1587 1865 cum
1641 1809 1839 1865 antea
1881 1808 2107 1886 posset
2155 1797 2390 1866 haberi
2419 1852 2434 1878 ,
2475 1819 2576 1867 re-

52 1879 199 1979 jecit
236 1885 301 1953 in
357 1885 533 1955 illud
596 1898 868 1976 tempus
899 1938 915 1965 ‚
969 1898 1045 1953 ut
1089 1885 1583 1975 Episcoporum
1635 1899 1972 1955 conventu
2023 1886 2577 1975 magnificentior

52 1971 373 2052 {evaderem
430 1996 599 2043 nam
659 1973 1012 2064 superiore
1058 1994 1241 2042 anno
1306 1973 1627 2043 monachi
1677 1973 2115 2043 Cassinenses
2161 1974 2569 2053 ecclesiam,

52 2058 59 2143 ξ-
76 2060 274 2146 priscis
322 2062 609 2149 quidem
659 2062 1084 2153 temporibus
1126 2062 1395 2142 Mariae,
1434 2062 1856 2148 caeterisque
1911 2061 2126 2131 beatis
2179 2063 2576 2154 Virginibus

52 2145 357 2231 dicatam,
411 2166 653 2242 postea
699 2173 856 2221 vero
904 2149 1120 2223 sancti
1172 2150 1606 2240 simpliciani
1647 2151 1927 2220 nomine
1972 2172 2060 2239 ap
2112 2150 2413 2231 ellatam,
2470 2152 2575 2220 in-

52 2241 427 2329 gstauraturi,
484 2241 727 2312 altaris
776 2240 1000 2310 locum
1070 2239 1283 2309 alium
1349 2239 1854 2327 designat-unu
1908 2260 2045 2326 quo
2154 2239 2571 2309 movendum

52 2334 196 2422 {cum
230 2342 415 2405 esset.
473 2328 853 2399 movendae
901 2328 1283 2397 necessario
1330 2342 1527 2397 erant
1568 2328 1894 2414 reliquiae
1941 2349 2113 2415 quas
2154 2328 2567 2398 continebat.

52 2414 309 2496 :narolus
347 2418 607 2520 igitur,
661 2418 863 2508 cujus
910 2417 1310 2488 auctoritate
1362 2416 1428 2486 id
1489 2416 1878 2487 faciendum
1929 2431 2097 2498 erat,
2151 2439 2230 2487 eo
2283 2418 2461 2487 venit
2509 2441 2576 2487 ιν

52 2501 180 2570 leat.
212 2507 492 2595 Aprilis;
553 2508 947 2576 invenimus
985 2528 1181 2578 arcas
1234 2506 1618 2596 plumbeas,
1658 2529 1794 2575 una
1841 2506 2101 2586 Sisimi,
2158 2507 2461 2597 Martyrii
2513 2519 2579 2576 et

52 2586 380 2666 {Alexandri
421 2607 847 2685 martyrum,
901 2607 967 2665 et
1001 2595 1159 2665 item
1198 2595 1413 2666 sancti
1456 2595 1737 2684 Benigni
1777 2595 2289 2686 Arcbiepiscopi
2323 2595 2574 2666 Medio-

52 2673 328 2781 ²lanensis
368 2706 521 2755 ossa
563 2684 900 2753 babe‘bat:
952 2696 1161 2772 caput
1208 2698 1432 2753 tamen
1493 2706 1739 2765 unum,
1791 2684 1978 2771 quod
2029 2685 2314 2786 Benigni
2365 2684 2575 2754 fuisse

52 2767 361 2841 :creditum
398 2788 502 2843 est
534 2795 552 2840 :
608 2786 989 2862 martyrum
1044 2793 1200 2841 vero
1247 2774 1468 2864 capita
1506 2771 1804 2842 Tridenti
1838 2773 2054 2843 fuisse
2093 2773 2351 2855 relicta,
2391 2773 2575 2845 unde

89 2873 147 2920 ea
183 2879 439 2949 corpora
502 2872 963 2951 transportata
1023 2861 1340 2943 fuerant,
1393 2861 1718 2931 credibile
1779 2861 2090 2943 videtur;
2143 2865 2309 2950 quin
2367 2863 2570 2933 etiam

97 2959 194 3012 nou
219 2969 418 3036 pauca
446 2971 691 3020 eorum
724 2971 881 3020 ossa
918 2950 1153 3019 deesse
1198 2949 1839 3019 animadvertimus.
1886 2957 2103 3040 Capsa
2133 2953 2369 3033 altera,
2404 2952 2574 3021 duo·

102 3036 572 3108 rumbeatorum
607 3037 1007 3109 Praesulum
1043 3039 1275 3107 itidem
1316 3037 1929 3108 mediolanensium
1967 3062 2120 3109 ossa
2153 3041 2567 3118 continebat,

93 3119 309 3215 Ampelii
341 3181 356 3206 ‚
408 3141 473 3197 et
504 3128 685 3217 ejus,
739 3149 945 3214 quem
979 3127 1196 3196 hilare
1244 3126 1647 3208 admodum,
1700 3142 1766 3197 et
1804 3150 1942 3215 qua
1976 3150 2254 3216 possum
2300 3151 2573 3198 venera-

93 3214 225 3277 none
262 3235 741 3294 commemoro,
778 3216 1128 3293 Geruntii:
1185 3214 1477 3285 traditur
1515 3217 1700 3284 enim
1749 3238 1824 3285 ex
1876 3215 2139 3285 familia
2172 3216 2406 3296 fuisse,
2460 3218 2574 3286 cui

86 3313 115 3358 a
149 3299 577 3397 Basilicapetri
627 3326 872 3374 nomen
946 3317 1069 3374 est.
1140 3310 1215 3373 In
1282 3305 1520 3384 tertia,
1575 3305 1793 3375 sancti
1851 3304 2282 3394 simpliciani
2338 3305 2571 3374 itidem

90 3384 552 3465 Mediolanensis
600 3393 1106 3483 Archiepiscopi
1155 3415 1350 3475 ossa,
1401 3408 1466 3463 et
1514 3416 1594 3464 ex
1641 3393 1974 3463 omnibus
2023 3392 2570 3482 pulcherrimum

87 3489 291 3560 caput,
339 3482 614 3552 condita
678 3497 894 3552 erant.
948 3488 1079 3551 Eae
1139 3503 1428 3571 capsae,
1499 3481 2084 3569 quemadmodum
2160 3481 2571 3570 inscriptum

89 3574 214 3639 erat,
257 3581 315 3635 et
356 3593 551 3641 senes
599 3571 882 3658 quidam
936 3572 1265 3641 memoria
1324 3573 1692 3651 tenebant,
1745 3593 1824 3640 eo
1873 3570 2022 3640 loco
2069 3570 2381 3639 conditae
2431 3569 2575 3639 sue·

94 3663 205 3718 rant
242 3676 408 3726 anno
452 3659 696 3729 salutis
742 3682 996 3740 nnxvu,
1051 3682 1189 3747 quo
1236 3683 1422 3730 anno
1473 3658 1792 3729 monachi
1849 3658 2206 3729 ecclesiam
2260 3659 2576 3729 obtinue-

94 3751 247 3832 fanu
291 3744 415 3815 alia
458 3770 731 3835 quoque
800 3770 956 3818 ossa
1019 3749 1112 3818 ibi
1172 3763 1337 3819 sunt
1387 3763 1648 3838 reperta
1681 3804 1695 3826 ‚
1749 3770 1926 3835 quae
1977 3749 2194 3817 sancti
2253 3748 2575 3817 Antonini

97 3824 275 3894 itidem
323 3836 819 3927 Archiepiscopi
854 3835 1069 3906 fuisse
1115 3837 1498 3907 existimata
1534 3851 1735 3906 sunt:
1795 3838 1862 3906 in
1905 3836 2021 3906 illa
2067 3837 2249 3905 enim
2287 3835 2576 3905 ecclesia

92 3929 148 3978 ea
169 3935 315 3999 esse,
369 3928 687 3994 memoria
744 3926 1085 4015 proditum
1124 3939 1270 4006 est,
1329 3948 1545 4012 neque
1578 3925 1759 3995 alius
1790 3947 2027 3994 eorum
2066 3926 2577 3994 demonstratur

97 3995 262 4076 locus.
295 4013 532 4110 Capsae
583 4036 823 4084 rursus
869 4014 1147 4085 clausae
1197 4016 1259 4082 in
1311 4014 1639 4084 ecclesiae
1690 4013 1939 4083 sacello
1987 3987 2354 4082 collocatae
2386 4026 2570 4093 sunt,

95 4083 264 4186 {lo-nec
303 4115 414 4168 rite
443 4104 816 4184 transferri,
856 4115 920 4173 et
955 4103 1325 4172 constituto
1369 4102 1517 4172 loco
1569 4102 1843 4170 recondi
1896 4116 2191 4191 possent.
2231 4103 2577 4171 Habuerat

100 4190 263 4261 lgtlut·
312 4189 574 4262 Carolus
636 4192 1130 4282 Episcoporum
1180 4212 1466 4260 suorum
1516 4189 1885 4260 concilium
1925 4244 1939 4268 ‚
1996 4190 2064 4257 in
2123 4212 2258 4277 quo
2311 4202 2577 4278 praeter

100 4282 365 4343 consueta
424 4293 846 4360 ornamenta,
914 4279 997 4348 ad
1062 4279 1645 4370 magnificentiam
1714 4277 2245 4348 ecclesiasticam
2302 4299 2576 4376 compa-

107 4366 231 4437 rata,
260 4372 402 4435 tunc
435 4365 731 4457 primum
772 4370 840 4437 in
880 4368 1029 4438 loco
1063 4367 1183 4436 ubi
1222 4367 1539 4457 Episcopi
1575 4368 2193 4456 congregabantur,
2238 4369 2582 4452 imagines
2599 4455 2676 4498 s
