2993 4837
2823 119 2949 181 Ἴ,

531 312 659 375 228
1290 329 1365 373 nii
1414 330 1469 373 s,
1524 326 1765 374 canoto
1816 326 2150 374 noaaoiiao
2704 305 2859 371 Nov.
2901 308 2928 372 i

444 411 645 482 silere
686 433 817 482 non
872 412 1130 491 debeo;
1187 411 1251 480 id
1303 433 1375 481 se
1422 411 1644 482 facere
1693 411 2107 481 valetudinis
2145 411 2390 501 gratiA,
2443 431 2603 479 cum
2650 430 2796 478 euin
2829 409 2936 478 sibi

444 500 650 572 situm
703 500 856 571 usui
892 521 1041 571 esse
1087 500 1170 569 ad
1228 499 1567 587 quaedam
1619 500 1891 590 corpori
1941 500 2324 570 necessaria
2378 508 2844 589 cognosceret3
2883 496 2938 567 id

442 601 783 678 quatenus
830 589 1167 679 ejusmodi
1217 610 1503 659 caussae
1534 588 1979 659 tribuendum
2029 589 2140 670 sit,
2193 587 2312 657 alii
2345 586 2660 656 viderint.
2699 590 2793 656 Ita
2819 608 2942 655 vero

443 700 530 748 an
587 691 738 748 usto
765 677 913 748 loco
937 678 1007 747 in
1032 677 1177 748 suis
1208 678 1495 748 aedibus
1522 677 1959 757 consistebat,
1991 689 2066 747 ut
2098 676 2493 767 angustiore
2525 674 2814 765 religiosi
2846 674 2942 743 viri

447 701 623 836 nulli
655 779 980 836 utantur:
1034 779 1179 835 tum
1215 778 1465 836 aestate
1512 766 1861 837 caloribus
1911 766 2003 836 ita
2034 766 2341 857 subjecto
2369 820 2384 846 ,
2437 777 2515 834 ut
2545 765 2694 853 pari
2742 784 2946 853 prope·

445 855 727 926 modum
766 855 1115 945 patientia,
1151 855 1235 924 ad
1271 854 1568 925 calorem
1604 855 1962 958 frigusque
1994 877 2172 945 opus
2201 875 2350 924 esse
2398 853 2762 922 videretur.
2797 852 2944 920 Foris

445 945 603 1013 item
638 998 654 1025 ‚
712 964 871 1012 cum
938 943 1360 1014 necessariae
1406 943 1880 1035 occupationis
1920 944 2143 1034 gratia
2192 942 2591 1013 morabatur
2621 996 2639 1021 ,
2693 963 2773 1010 ne
2813 939 2946 1010 sorte

443 1031 915 1102 oblectationis
962 1032 1183 1122 gratia
1229 1033 1543 1103 secedere
1595 1033 1753 1120 quis
1811 1044 2126 1122 putaret,
2177 1031 2414 1102 eodem
2470 1029 2677 1100 modo
2730 1030 2946 1098 incom-

448 1120 651 1190 moda
695 1120 990 1209 eligebat
1047 1120 1194 1191 loca
1226 1176 1241 1201 ,
1293 1141 1512 1211 eaque
1571 1121 1914 1192 interdum
1966 1120 2303 1208 ejusmodi
2346 1175 2362 1201 ,
2415 1131 2492 1189 ut
2538 1140 2778 1188 omnes
2830 1118 2948 1206 ejus

446 1210 936 1279 miserarentur
982 1209 1492 1301 conditionem;
1545 1232 1703 1279 cum
1754 1209 2154 1299 praesertim
2207 1209 2329 1279 ubi
2375 1209 2794 1287 constiterat,
2844 1207 2946 1275 sive

446 1297 517 1366 in
565 1297 819 1387 algida,
878 1298 1017 1368 sive
1068 1298 1136 1367 in
1184 1311 1498 1370 aestuosa
1538 1298 1687 1368 loca
1747 1298 2126 1379 incidisset,
2183 1309 2579 1368 constanter
2638 1308 2948 1383 maneret,

447 1406 667 1474 neque
713 1385 954 1456 dolens
998 1408 1334 1473 unquam,
1390 1408 1611 1474 neque
1657 1386 1935 1474 aliquod
1978 1388 2435 1456 levamentum
2486 1406 2862 1473 quaerens;
2901 1383 2948 1452 si

444 1495 685 1562 aquae,
727 1474 986 1544 hortive
1021 1487 1249 1545 essent
1278 1529 1294 1555 ,
1347 1497 1432 1545 ne
1480 1475 1855 1566 aspiciebat
1887 1475 2195 1564 quidem,
2236 1475 2491 1544 nedum
2527 1471 2948 1567 inambularet

444 1585 804 1651 unquam;
855 1585 1012 1633 cum
1064 1584 1374 1634 essemus
1421 1565 1488 1633 in
1541 1564 1869 1637 ecclesiae
1926 1563 2453 1634 Mediolanensis
2502 1562 2673 1632 villa
2720 1559 2922 1650 Crupel

444 1650 654 1732 liana,
698 1664 764 1721 et
794 1673 934 1720 una
971 1653 1373 1723 Franciscus
1404 1653 1718 1723 Adornus
1747 1653 2370 1724 ecclesiasticarum
2403 1576 2948 1757 consultationmd

444 1740 704 1831 gratia,
761 1739 845 1809 ad
896 1741 1208 1811 fluminis
1255 1741 1483 1812 Aduae
1517 1743 1738 1844 ripam
1790 1742 1999 1812 semel
2051 1754 2203 1831 post
2249 1742 2483 1810 cibum
2519 1762 2685 1809 cum
2724 1762 2766 1830 p

446 1829 683 1909 sisset,
736 1829 807 1897 in
845 1829 1138 1919 insignis
1183 1830 1548 1919 quusdam
1577 1831 2037 1920 jucunditatis
2071 1831 2219 1900 loco
2248 1829 2316 1899 id
2353 1850 2612 1919 ponere
2646 1829 2904 1897 visuses

443 1938 619 2004 quas
654 1930 929 2008 propter
960 1940 1085 1989 nos
1119 1920 1534 2009 suscepisset
1565 1942 1580 1999 ;
1636 1941 2057 2008 quamquam
2094 1918 2352 2005 alioqui
2387 1940 2521 1988 non
2567 1919 2724 1987 sine
2752 1939 2866 1987 cau
2909 2001 2918 2012 ⁸

445 2005 673 2076 locum
708 2006 883 2076 visit.
937 2011 1101 2077 Cum
1153 2021 1245 2077 tot
1292 2008 1499 2078 annis
1531 2009 1616 2079 ad
1651 2008 1854 2079 aedes
1890 2015 1956 2078 S.
1999 2008 2348 2078 Barnabae
2383 2006 2753 2077 Mediolani
2782 2026 2884 2072 veri

446 2095 646 2176 tarit‚
699 2094 906 2165 semel
940 2151 955 2177 ,
1009 2107 1127 2165 aut
1172 2097 1421 2166 iterum
1474 2097 1976 2179 tantummodo,
2025 2097 2239 2185 idque
2277 2095 2628 2166 adductus
2677 2093 2890 2165 Cardin

444 2183 615 2253 lium
666 2183 1014 2275 hospitum
1066 2188 1338 2266 caussa,
1385 2185 1617 2256 hortos
1653 2188 2010 2276 ingressus
2044 2199 2190 2256 est:
2246 2197 2595 2275 postremo
2631 2205 2786 2253 vero
2820 2195 2869 2251 te

443 2294 629 2362 pore,
684 2295 843 2343 cum
894 2274 1275 2343 suaviorem
1324 2295 1472 2344 sese
1517 2274 1844 2345 omnibus
1945 2275 2216 2345 raebere
2271 2272 2617 2353 studebat,
2661 2293 2741 2343 eo
2785 2290 2896 2341 sem

446 2360 710 2432 nullius
757 2363 977 2453 gratia
1006 2362 1316 2452 ingresso
1347 2418 1362 2445 ,
1415 2361 1586 2434 adeo
1638 2363 1881 2435 mirabi
1913 2385 1951 2434 e
2000 2364 2220 2434 visum
2255 2374 2380 2445 est,
2432 2373 2509 2431 ut
2540 2362 2725 2432 inter
2755 2381 2821 2431 se
2857 2363 2892 2428 P

443 2461 580 2520 tres
611 2451 811 2537 quasi
847 2471 987 2520 rem
1024 2451 1403 2522 inauditam
1450 2464 1851 2534 narrarent,
1899 2474 2148 2544 magno
2185 2452 2586 2542 praesertim
2636 2449 2896 2521 acceden

443 2538 748 2620 cumu10‚
785 2539 969 2626 quod
1021 2561 1235 2610 manu
1275 2562 1400 2610 sua
1449 2563 1731 2629 pomum
1774 2543 2001 2612 arbori
2050 2542 2453 2611 detraxerat.
2488 2545 2664 2610 Cum
2701 2540 2768 2608 in
2811 2538 2940 2626 eJus-

444 2627 632 2696 modi
667 2627 1005 2728 religiosis
1037 2627 1205 2699 locis
1236 2628 1479 2699 edebat
1512 2686 1526 2711 ,
1580 2630 1679 2701 vel
1717 2630 1929 2710 solus,
1969 2629 2069 2699 vel
2106 2651 2247 2699 uno
2281 2628 2602 2698 ministro
2635 2638 2884 2699 content

443 2727 637 2796 erat,
691 2715 1001 2802 nihilque
1041 2716 1171 2786 sibi
1231 2731 1498 2807 praeter
1542 2732 1843 2789 caeteros
1890 2719 2159 2789 volebat
2204 2718 2507 2809 apponi:
2564 2735 2892 2804 quamqua

445 2804 809 2892 postremis
848 2805 1050 2876 annis
1082 2808 1472 2877 communis
1506 2822 1928 2878 caeterorum
1965 2807 2236 2888 modus,
2276 2808 2333 2877 si
2368 2819 2598 2875 tamen
2640 2805 2828 2874 illum
2861 2796 2920 2870 ad

449 2891 767 2992 misisset,
795 2914 917 2983 pro
943 2893 1211 2963 lautitia
1238 2894 1337 2963 illi
1366 2917 1516 2965 esse
1555 2909 1863 2985 poterat;
1902 2895 2264 2986 paululum
2308 2907 2534 2965 autem
2577 2906 2732 2984 post
2758 2893 2893 2963 cibu

446 3000 557 3070 pie
587 3002 745 3050 cum
798 2981 1265 3053 sacerdotibus
1311 2984 1720 3066 collocutus,
1774 2986 1940 3055 satis
1990 2984 2387 3054 relaxationi
2434 2983 2679 3053 datum
2730 2982 2936 3051 dicens.

442 3067 528 3138 ad
594 3091 802 3170 opera
860 3092 1006 3141 sese
1066 3072 1474 3142 revocabat:
1548 3095 1706 3143 nam
1777 3073 1875 3143 vel
1950 3073 2298 3143 modicum
2369 3086 2521 3174 post
2574 3073 2806 3143 cibum
2869 3087 2943 3135 res

443 3159 829 3239 creationis,
883 3160 1282 3246 quotidiana
1334 3161 1488 3248 ejus
1544 3162 1968 3232 consuetudo
2010 3183 2146 3232 non
2203 3161 2655 3231 admittebat:
2710 3158 2830 3228 nisi
2860 3171 2943 3245 pet

441 3258 761 3317 aestatem
803 3249 1014 3336 quieti
1065 3249 1293 3340 potius
1340 3250 1628 3338 aliquid,
1680 3273 1886 3337 quam
1925 3271 2193 3331 somno,
2231 3250 2578 3320 interdum
2633 3272 2714 3320 ex
2761 3263 2940 3316 nece&

443 3336 635 3405 sitate
675 3336 888 3420 daret3
925 3360 1073 3406 eam
1109 3359 1257 3408 esse
1290 3337 1570 3409 demum
1615 3340 1682 3408 in
1721 3340 1847 3409 hoc
1881 3360 2131 3430 genere
2171 3360 2397 3408 veram
2440 3340 2762 3409 virtutem
2802 3334 2941 3428 dice*

442 3423 578 3506 bat,
617 3446 746 3493 non
792 3425 1014 3495 solum
1065 3426 1564 3516 cupiditatibus
1606 3428 1957 3509 resistere,
2015 3427 2134 3498 sed
2182 3449 2299 3497 eas
2350 3427 2718 3518 persequi,
2770 3439 2938 3494 seusr

441 3512 731 3600 busque,
774 3535 908 3583 non
942 3536 1021 3583 ea
1045 3526 1308 3585 tantum
1340 3537 1614 3607 negare,
1650 3538 1826 3604 quae
1853 3517 2161 3587 vitiosam
2191 3515 2938 3605 haberentvoluptatem.³

442 3601 556 3671 sed
611 3602 914 3703 studiose
952 3602 1309 3674 detrahere
1357 3604 1709 3692 jucunda,
1760 3604 2048 3676 molesta
2087 3625 2245 3675 vero
2291 3604 2685 3695 propinare.
2735 3601 2939 3672 Itinera

443 3701 585 3760 tum
622 3713 843 3778 equiS,
883 3703 1029 3762 tum
1074 3693 1365 3783 pedibus
1399 3693 1774 3764 durissime
1806 3693 2113 3764 confecta
2161 3715 2298 3763 non
2345 3716 2486 3763 uno
2525 3694 2596 3763 in
2634 3693 2777 3763 loco
2816 3704 2934 3755 nar·

442 3780 793 3861 ravimus;
846 3780 962 3850 sed
1016 3782 1143 3850 iter
1189 3781 1523 3863 faciebat,
1580 3795 1724 3852 tum
1776 3804 2030 3884 magna
2077 3782 2510 3854 festinatione
2567 3800 2838 3878 semper,
2883 3783 2936 3839 ¹¹¹

442 3867 813 3939 domestica
852 3871 1166 3958 jumenta
1216 3892 1349 3940 non
1386 3871 1511 3940 diu
1544 3871 1763 3942 labori
1804 3883 2217 3954 resisterent,
2271 3884 2415 3942 tum
2466 3892 2678 3940 cursu
2720 3880 2926 3938 etiam.

440 3959 1008 4046 quotiescumque
1054 3959 1353 4029 charitas
1387 3959 1779 4117 postulabat
1824 3960 2218 4031 animarum
2249 4014 2268 4041 ,
2325 3958 2534 4047 idque
2578 3980 2658 4029 eo
2706 3955 2921 4026 labore,

441 4067 641 4131 quem
709 4059 1148 4118 extenuatum
1223 4048 1377 4118 debi
1412 4049 1794 4136 itatumque
1869 4069 2125 4141 corpus
2206 4048 2381 4118 ferre
2449 4068 2719 4118 necesse
2777 4047 2934 4111 erat:

441 4154 784 4221 quemque
832 4137 964 4207 sibi
1015 4136 1509 4227 propemodum
1559 4137 2059 4209 intolerabilem
2102 4160 2274 4220 esse,
2310 4136 2720 4225 quandoque
2747 4129 2924 4221 fassus

440 4228 1054 4322 esu-Cremonense
1089 4225 1215 4295 iter
1249 4225 1545 4296 millium
1589 4226 2119 4317 quinquaginta,
2158 4249 2317 4297 cum
2357 4249 2488 4298 usu
2520 4225 2714 4302 venit,
2743 4212 2866 4289 eta!

443 4311 743 4390 similia,
804 4334 941 4382 uno
1001 4313 1111 4381 die
1174 4314 1512 4385 conticere
1577 4314 1821 4386 solitus
1873 4313 2049 4384 fuit:
2125 4315 2437 4406 pluvias,
2495 4319 2875 4403 tempestates

450 4410 857 4467 nocturnum
921 4414 1230 4489 tempuS,
1295 4403 1695 4494 praecipitia
1749 4403 2134 4485 montium;
2197 4403 2594 4486 fluminum,
2652 4401 2874 4470 lacuum
