2993 4837
47 319 195 384 Nov.
248 319 312 382 rll
742 338 818 382 nn
866 338 919 383 s.
975 335 1250 384 MARTINO
1297 339 1395 383 ΕΡ.
1448 337 1796 383 τυιιοΝΕΝ5ι
2308 320 2433 383 417

44 420 427 489 defensorem
480 419 978 489 haereticorum
1024 442 1219 501 esse,
1274 419 1389 489 sed
1442 420 1826 501 vindicem;
1892 419 1980 488 nil
2035 433 2258 488 actum
2315 433 2524 489 morte

11 507 439 588 <Priscilliani,
494 509 553 576 si
615 510 946 578 Martinus
993 522 1295 578 exerceat
1342 508 1531 578 illius
1583 509 1931 578 ultionem.
1995 514 2333 577 Postremo
2377 532 2527 596 pro-

11 576 223 693 {stt-ati,
261 619 416 666 cum
468 597 634 665 fletu
665 612 729 664 et
766 595 1242 667 lamentatione
1295 610 1684 686 potestatem
1730 598 1984 686 regiam
2028 596 2417 684 implorant,
2457 611 2530 666 ut

11 698 243 765 tumtur
271 684 601 754 adversus
632 708 848 754 unum
888 685 1245 755 hominum
1283 687 1341 753 vi
1375 708 1523 754 sua.
1565 691 1691 754 Nec
1735 685 2024 754 multum
2062 686 2315 764 aberat,
2361 687 2526 772 quin

11 774 365 931 lggfieretur
405 778 782 862 Imperator
831 775 1192 844 Martinum
1243 797 1399 843 cum
1449 774 1938 843 haereticorum
1995 786 2171 842 sorte
2218 774 2522 842 miscere.

191 860 302 930 ille
333 917 347 942 ,
419 861 571 930 licet
619 862 859 951 Episco
913 864 972 932 is
1029 863 1238 931 nimio
1285 863 1512 932 favore
1558 876 1733 932 esset
1780 861 2147 945 obnoxiu3,
2204 884 2335 930 non
2387 877 2531 932 erat

17 952 308 1030 ¹nescius,
375 951 738 1018 Martinum
793 951 836 1019 fi
890 972 968 1031 e,
1022 952 1376 1020 sanctitate
1431 974 1510 1019 ac
1562 952 1803 1020 virtute
1871 951 2136 1019 cunctis
2191 964 2529 1038 praestare

31 1038 439 1107 mortalibus.
499 1037 642 1107 Alia
698 1038 806 1107 lon
862 1062 898 1107 e
948 1041 1051 1108 via
1101 1044 1421 1109 Sanctum
1485 1040 1749 1108 vincere
1802 1052 2042 1128 parat:
2096 1060 2174 1108 ac
2228 1040 2521 1128 primum

21 1130 261 1199 'secreto
311 1128 715 1195 accersitum
747 1181 769 1206 ,
874 1127 1075 1196 lande
1121 1127 1464 1218 appellat,
1538 1129 1907 1197 haereticos
1960 1127 2118 1215 jure
2168 1127 2525 1197 damnatos

33 1236 198 1285 more
233 1215 659 1305 judiciorum
704 1216 1162 1303 publicorum,
1212 1217 1436 1305 potius
1466 1238 1672 1303 quam
1713 1216 2273 1285 insectationibus
2309 1237 2530 1285 sacer-

25 1302 281 1384 *dotum;
327 1326 459 1371 non
507 1325 653 1373 esse
701 1326 1003 1380 causam.
1043 1327 1176 1391 qua
1226 1304 1490 1384 Ithacii,
1529 1319 2085 1391 caeterorumque
2138 1305 2347 1391 partis
2379 1305 2528 1393 ejus

35 1393 569 1462 communionem
607 1404 870 1480 putaret
898 1415 1044 1461 esse
1079 1392 1570 1473 damnandam3
1603 1394 2046 1483 Thognistum
2076 1393 2232 1461 odio
2271 1395 2518 1482 potine,

33 1500 215 1567 quam
259 1503 469 1549 causa
507 1479 743 1550 secisse
772 1480 1165 1560 dissidium,
1204 1481 1636 1568 eundemque
1679 1494 1900 1551 tamen
1943 1480 2167 1550 solum
2209 1504 2377 1562 esse,
2411 1482 2532 1569 qui

29 1590 96 1643 se
136 1592 172 1637 a
216 1568 709 1639 communione
760 1569 1025 1638 interim
1079 1572 1454 1659 separarit;
1509 1592 1545 1638 a
1597 1570 1874 1657 reliquis
1938 1570 2105 1638 nihil
2159 1582 2528 1651 novatum;

29 1644 179 1751 huin
231 1658 436 1727 etiam
488 1671 642 1725 ante
694 1679 946 1747 paucos
993 1658 1138 1727 dies
1186 1657 1413 1728 habita
1455 1659 1782 1746 synodus,
1839 1657 2171 1727 Ithacium
2230 1680 2534 1747 pronun—

33 1744 303 1833 ciaverat
352 1744 559 1834 culpa
611 1768 743 1814 non
789 1747 1021 1815 teneri.
1075 1747 1340 1829 Quibus
1378 1769 1535 1815 cum
1576 1748 1901 1815 Martinus
1953 1769 2193 1835 parum
2236 1769 2534 1815 movere-

35 1840 152 1923 tur,
196 1839 333 1904 Rex
378 1833 478 1902 ira
519 1834 936 1914 accenditur,
976 1858 1053 1903 ac
1095 1856 1166 1903 se
1214 1835 1297 1902 de
1345 1848 1715 1922 conspectu
1761 1835 1909 1923 ejus
1943 1835 2217 1925 abripit,
2272 1834 2334 1903 et
2384 1857 2536 1904 mox

33 1928 455 2013 percussores
489 1923 593 2002 iis,
635 1945 753 2009 pro
799 1923 1051 2009 quibus
1102 1923 1428 1992 Martinus
1482 1937 1849 2011 rogaverat,
1890 1921 2304 2012 diriguntur.
2346 1924 2531 2006 Quod

33 2010 137 2079 ubi
185 2012 476 2081 Martino
511 2025 931 2099 compertum
963 2012 1104 2101 jam
1143 2011 1356 2080 noctis
1393 2024 1691 2100 tempore
1723 2024 1845 2090 est,
1886 2010 2212 2098 palatium
2268 2013 2531 2100 irrupit,

33 2101 328 2188 spondet,
373 2099 432 2167 si
471 2111 878 2187 parceretur,
919 2123 987 2169 se
1020 2101 1719 2180 communicaturum,
1764 2098 2138 2167 dummodo
2178 2112 2241 2167 et
2286 2099 2537 2167 tribuni

33 2187 154 2343 {tm
201 2189 266 2256 in
321 2187 667 2256 excidium
712 2187 1164 2257 Ecclesiarum
1216 2188 1296 2256 ad
1350 2189 1717 2277 Hispanias
1777 2187 1963 2255 missi
2013 2187 2532 2255 retraherentur.

87 2298 152 2344 ec
204 2299 404 2345 mora
451 2277 853 2355 intercessit,
892 2277 1222 2344 Maximus
1276 2276 1584 2365 indulget
1638 2277 1888 2344 omnia.
1934 2275 2260 2344 Postridie
2309 2274 2541 2342 Felicis

37 2365 333 2456 Episcopi
390 2364 730 2434 ordinatio
783 2365 1172 2453 parabatur,
1227 2365 1642 2434 sanctissimi
1692 2386 1852 2433 sane
1905 2363 2051 2446 viri,
2096 2377 2159 2432 et
2210 2363 2408 2454 plane
2443 2363 2540 2431 di·

33 2456 184 2546 gni,
236 2455 363 2541 qui
419 2453 693 2522 meliore
745 2467 1044 2542 tempore
1095 2454 1408 2523 sacerdos
1472 2454 1683 2522 fieret.
1747 2453 1967 2542 Hujus
2039 2453 2173 2521 diei
2237 2475 2541 2522 commu-

33 2542 288 2622 nionem
348 2543 682 2610 Martinus
726 2542 941 2622 inivit,
986 2543 1200 2610 satius
1247 2543 1616 2611 aestimans
1650 2542 1733 2609 ad
1772 2542 2004 2611 horam
2039 2542 2297 2622 cedere,
2337 2563 2537 2627 quam

31 2627 129 2708 his
176 2653 308 2701 non
376 2629 780 2709 consulere,
838 2653 1128 2715 quorum
1194 2630 1573 2699 cervicibus
1623 2630 1896 2720 gladius
1949 2630 2365 2698 imminebat.
2425 2634 2543 2697 Ve-

29 2734 418 2790 rumtamen
483 2739 755 2787 summa
825 2719 888 2786 vi
947 2718 1299 2808 Episcopis
1375 2719 1792 2800 nitentibus,
1848 2732 1921 2788 ut
1991 2720 2540 2787 communionem

33 2805 203 2876 illam
257 2807 775 2896 subscriptione
825 2806 1149 2884 firmaret,
1205 2808 1585 2893 extorqueri
1638 2829 1767 2874 non
1810 2808 2060 2896 potuit.
2120 2813 2385 2877 Postero
2439 2806 2546 2874 die

33 2915 94 2966 se
137 2896 299 2964 inde
338 2895 751 2984 proripiens,
787 2915 945 2964 cum
982 2906 1318 2963 revertens
1361 2895 1426 2962 in
1466 2896 1565 2962 via
1604 2910 1901 2965 moestus
1941 2896 2438 2984 ingemisceret,
2478 2916 2547 2962 se

35 2983 123 3052 vel
169 2986 254 3052 ad
308 2985 555 3052 horam
609 2984 846 3051 noxiae
893 2984 1363 3052 communioni
1414 2982 1627 3052 fuisse
1662 2985 2097 3072 permixtum,
2131 2985 2311 3052 haud
2351 2984 2548 3082 longe

33 3092 68 3139 a
113 3073 275 3152 vico,
333 3073 451 3140 cui
504 3092 750 3140 nomen
785 3084 885 3139 est
925 3071 1392 3152 Andethanna,
1432 3093 1567 3158 quo
1621 3084 1869 3140 vastam
1940 3070 2373 3140 solitudinem
2436 3071 2543 3138 sil-

25 3183 254 3229 .varum
333 3171 594 3229 secreta
664 3160 1061 3249 patiuntur,
1112 3162 1485 3249 progressis
1538 3158 1899 3249 paululum
1966 3159 2380 3238 comitibus,
2440 3158 2549 3225 ille

33 3250 384 3329 subsedit,
439 3270 717 3316 causam
771 3246 1024 3317 doloris
1062 3264 1127 3316 et
1166 3248 1346 3327 facti,
1394 3259 1759 3317 accusante
1806 3269 1884 3314 ac
1941 3245 2340 3315 defendente
2386 3246 2545 3313 invi·

33 3361 162 3406 cem
205 3337 648 3428 cogitatione,
690 3336 1104 3424 pervolvens,
1139 3336 1407 3405 Adstitit
1438 3337 1495 3404 ei
1534 3348 1806 3425 repente
1847 3333 2177 3423 Angelus:
2219 3359 2253 3401 «
2293 3334 2545 3408 Merito,

33 3425 283 3512 inquit,
343 3426 630 3493 Martine
678 3425 1163 3513 compungeris
1196 3480 1210 3505 ,
1278 3425 1390 3494 sed
1444 3424 1639 3493 aliter
1686 3425 1866 3491 exire
1919 3424 2256 3509 nequisti:
2317 3423 2549 3509 repara

35 3515 346 3583 virtutem
384 3568 398 3592 ,
454 3516 726 3581 resume
770 3514 1268 3594 constantiam,
1319 3535 1401 3581 ne
1439 3515 1581 3602 jam
1650 3535 1783 3580 non
1840 3512 2216 3600 periculum
2271 3510 2549 3600 gl‘oriae.

35 3603 136 3670 sed
189 3602 445 3672 salutis
489 3602 823 3670 incurras.
879 3606 1113 3687 Itaque
1162 3604 1247 3671 ab
1297 3601 1411 3670 illo
1463 3615 1762 3691 tempore
1803 3601 1968 3668 satis
2015 3601 2192 3669 cavit
2229 3621 2385 3668 cum
2442 3598 2555 3666 illa

35 3692 425 3761 ithacianae
479 3691 689 3777 partis
751 3691 1237 3759 communione
1280 3689 1575 3760 misceri.
1632 3694 1978 3758 Caeterum
2024 3710 2181 3758 cum
2219 3687 2551 3775 quosdam

35 3801 102 3846 ex
131 3779 646 3868 ,energumenis
682 3778 965 3854 tardius,
1008 3801 1212 3864 quam
1264 3779 1542 3859 solebat,
1582 3789 1645 3847 et
1692 3778 1908 3867 gratia
1962 3777 2221 3845 minore
2261 3788 2553 3854 curaret,

37 3867 327 3936 subinde
388 3865 584 3935 nobis
635 3887 793 3933 cum
839 3865 1160 3955 lacrymis
1214 3866 1571 3945 fatebatur,
1613 3887 1683 3934 se
1736 3880 2007 3954 propter
2052 3864 2561 3934 communionis

39 3955 212 4024 illius
263 3953 563 4034 malum,
608 3954 721 4021 cui
778 3976 849 4023 se
905 3955 1050 4043 ipse
1101 3954 1198 4022 vel
1259 3955 1513 4044 puncto
1579 3954 1900 4043 temporis
1953 3954 2370 4031 necessitate,
2425 3973 2561 4020 non

41 4044 304 4130 spiritu,
359 4041 772 4122 miscuisset,
811 4041 1294 4111 detrimentum
1346 4044 1596 4111 sentire
1648 4042 1939 4111 virtutis,
1984 4041 2288 4112 Sedecim
2337 4053 2565 4131 postea

43 4133 190 4200 vixit
237 4151 514 4199 annos:
575 4129 834 4198 nullam
885 4131 1223 4220 synodum
1275 4132 1484 4212 adiit,
1547 4130 1633 4198 ab
1682 4131 2008 4201 omnibus
2072 4130 2559 4220 Episcoporum

45 4219 493 4288 conventibus
547 4239 620 4286 se
671 4220 947 4286 removit
956 4270 1084 4287 .....

121 4311 287 4393 ξι.
352 4305 721 4392 Lycontius
778 4328 855 4375 ex
906 4307 1197 4386 vicariis,
1268 4307 1365 4375 vir
1424 4307 1691 4387 fidelis,
1752 4331 1907 4376 cum
1985 4305 2315 4374 familiam
2376 4307 2563 4376 illius

53 4393 182 4467 lues
219 4410 537 4465 extrema
590 4405 866 4475 vexaret,
903 4410 966 4464 et
1005 4395 1348 4465 inauditae
1381 4395 1788 4465 calamitatis
1837 4393 2146 4484 exemplo
2200 4416 2316 4482 per
2356 4410 2559 4466 totam

193 4517 443 4570 surius
473 4542 497 4553 ·
543 4508 707 4567 Vitae
736 4509 833 4570 SS.
861 4544 888 4556 -
915 4512 1049 4575 Vol.
1080 4511 1178 4572 xl.
2336 4511 2408 4572 27
