2993 4837
31 309 174 377 ΠΟΥ.
227 309 306 373 42
901 327 980 373 ms
1027 328 1083 374 s.
1137 326 1414 373 nermo
1464 327 1622 373 ΡΑΡΑ
2311 312 2439 375 433

31 412 311 487 continuo
360 409 741 481 introducti
776 422 936 479 sunt
979 410 1178 479 multi
1229 424 1710 481 accusatorum
1754 423 1991 481 contra
2046 433 2248 482 eum:
2294 433 2533 482 omnes

31 488 34 519 ⁵
97 514 214 568 tem
262 513 458 569 erant
507 498 852 567 mendacii
894 498 1020 568 filii
1068 512 1133 568 et
1182 498 1511 589 discipuli
1542 522 1806 580 eorum,
1847 501 1968 587 qui
2009 500 2375 570 Dominum
2412 524 2534 571 no—

104 611 209 657 um
254 595 490 658 Jesum
554 587 901 659 Christum
951 602 1395 678 negaverunt.
1450 588 2019 659 Contradicebant
2080 611 2235 659 vero
2297 604 2533 660 sancto

64 678 74 689 '
109 698 144 746 o
173 676 759 764 quemadmodum
815 677 1227 765 praemoniti
1276 677 1569 746 fuerant:
1614 691 1808 747 erant
1845 678 2027 747 enim
2068 699 2262 747 voces
2295 700 2531 748 eorum

130 766 523 836 emeditatae
591 779 659 834 et
730 779 1196 856 praeparatae.
1250 765 1678 848 Quibusdam
1746 789 1901 836 vero
1966 767 2403 856 interrogatis
2453 767 2536 836 de

31 867 229 943 sancto
263 855 428 935 vir0,
467 855 974 943 profitebantur
1017 854 1101 924 de
1134 853 1252 924 illo
1300 877 1372 924 se
1414 856 1587 924 nihil
1639 855 1803 924 mali
1844 856 2052 925 scire:
2105 869 2169 924 et
2208 857 2535 925 continuo

31 942 249 1029 'turbati
291 945 412 1030 qui
463 942 1001 1032 praetendebant
1038 956 1379 1013 certamen
1439 944 1494 1025 ²⁵,
1556 944 1979 1034 incipiebant
2026 944 2273 1014 validis
2325 946 2535 1015 minis

31 1029 346 1120 increpare
393 1052 512 1101 eos
542 1086 558 1113 ‚
613 1032 832 1101 donec
880 1031 1248 1102 suaderent
1294 1034 1392 1102 eis
1442 1033 1744 1123 proferre
1808 1055 1983 1120 quae
2035 1045 2230 1103 erant
2288 1056 2534 1103 conve-

31 1119 252 1189 nientia
300 1122 368 1190 in
424 1131 714 1189 mortem
771 1120 948 1190 beati
1001 1121 1127 1190 viri
1173 1133 1238 1190 et
1274 1122 1443 1211 justi
1499 1122 1793 1191 Martini.

105 1212 135 1294 ξ
177 1213 295 1281 n.
348 1209 866 1299 Contemplatus
919 1232 1082 1300 ergo
1131 1223 1409 1279 sanctus
1453 1216 1633 1301 Papa
1685 1210 2110 1280 introeuntes
2158 1211 2530 1293 testificari,

37 1297 383 1378 subridenS,
442 1298 669 1367 dixit:
733 1321 769 1364 «
821 1299 940 1367 Isti
976 1310 1138 1368 sunt
1172 1303 1426 1368 testes?
1475 1323 1513 1365 »
1563 1305 1769 1368 Erant
1815 1301 1999 1369 enim
2055 1300 2258 1387 primi
2310 1300 2537 1390 ingre-

43 1383 260 1455 dientes
305 1387 594 1456 nomine
641 1385 919 1473 quidem
974 1387 1240 1468 melliti,
1297 1387 1578 1478 lupaces
1636 1402 1863 1459 autem
1914 1401 1980 1457 et
2017 1388 2336 1457 bestiales
2383 1410 2539 1457 sen-

39 1474 233 1556 tentia,
264 1489 328 1545 et
372 1476 664 1563 quidam
714 1496 953 1545 eorum
994 1477 1116 1562 qui
1163 1488 1359 1546 erant
1397 1477 1722 1568 Olympii,
1768 1501 1926 1547 cum
1979 1477 2235 1564 quibus
2282 1489 2425 1546 erat
2473 1486 2539 1546 et

41 1560 297 1633 'Andreas
340 1565 461 1652 qui
495 1564 631 1633 fuit
674 1564 825 1654 ejus
859 1565 1186 1634 notarius
1227 1570 1434 1633 Erant
1467 1578 1693 1635 autem
1746 1567 1924 1635 inter
1956 1578 2388 1636 accusatores
2438 1566 2542 1634 in-

43 1642 234 1721 felices
287 1654 626 1734 ImeriteS,
678 1666 745 1722 et
810 1652 1170 1734 Thermus,
1235 1666 1299 1722 et
1350 1653 1597 1741 reliqui
1658 1677 1948 1724 numero
2018 1655 2216 1743 quasi
2269 1655 2536 1745 viginti.

45 1732 330 1817 brabant
372 1755 611 1812 autem
663 1762 873 1831 super
932 1754 1187 1811 textum
1245 1743 1462 1811 sancti
1516 1744 1910 1833 Evangelii,
1962 1756 2028 1812 et
2076 1744 2173 1813 sic
2225 1744 2540 1814 testifica·

117 1841 275 1899 ntur.
312 1836 468 1900 Erat
498 1842 732 1900 autem
771 1832 1210 1919 primicerius
1259 1832 1637 1902 Dorotheus
1688 1833 1964 1901 nomine
1997 1833 2326 1922 patricius
2376 1832 2545 1902 Sici·

71 1914 152 1986 'ae
173 1917 334 1988 inter
366 1920 554 2000 illos,
591 1920 708 2006 qui
742 1919 992 2008 jurans
1022 1920 1227 1988 dixit:
1267 1943 1304 1987 «
1357 1921 1420 1989 Si
1464 1921 1972 2009 quinquaginta
2002 1922 2225 2011 capita
2262 1921 2545 1990 haberet

88 2025 215 2074 amo
258 2008 403 2091 iste,
449 2029 594 2077 non
636 2021 976 2097 oporteret
1024 2008 1219 2079 illum
1279 2008 1534 2089 vivere,
1595 2031 1673 2078 eo
1736 2009 1915 2095 quod
1972 2008 2161 2078 solus
2215 2010 2548 2079 subvertit

49 2096 104 2161 et
130 2096 404 2182 perdidit
451 2097 862 2167 universum
905 2097 1337 2166 Occidentem
1391 2110 1455 2166 et
1509 2097 1778 2166 delevit.
1851 2103 1928 2166 Et
1989 2120 2060 2166 re
2114 2119 2266 2165 vera
2335 2098 2547 2167 unius

53 2183 274 2267 eonsilii
302 2208 459 2256 cum
499 2185 820 2275 Olympio
859 2185 1009 2266 fuit,
1047 2198 1111 2254 et
1140 2186 1468 2255 inimicus
1514 2199 1579 2256 et
1618 2186 1959 2255 homicida
2013 2187 2452 2272 Imperatoris
2482 2197 2547 2255 et

51 2268 346 2344 Romanae
394 2274 835 2344 urbanitatis.
891 2296 927 2341 »
982 2273 1234 2343 Videns
1280 2296 1443 2365 ergo
1483 2276 1718 2366 justus
1769 2276 1870 2343 vir
1917 2276 2341 2343 introcuntes
2403 2296 2541 2355 θος,

57 2368 108 2425 et
120 2358 402 2447 iurantes
435 2364 592 2433 sine
626 2363 951 2453 parcitate
991 2363 1483 2447 testificatores,
1539 2386 1944 2455 compassus
1998 2363 2360 2454 perditioni
2397 2364 2547 2433 ani-

49 2461 277 2534 aarum
302 2473 572 2534 eorum,
599 2454 694 2522 ait
717 2453 800 2521 ad
830 2473 946 2521 eos
971 2453 1091 2539 qui
1122 2453 1602 2542 praesidebant
1630 2454 2001 2543 principes:
2036 2477 2071 2519 «
2100 2455 2393 2524 Obsecro
2431 2475 2549 2522 vos

95 2542 553 2635 -rDominum‚
588 2541 795 2612 nolite
823 2562 1231 2630 praeparare
1256 2543 1648 2630 eosjurare,
1677 2542 1788 2612 sed
1825 2543 2085 2629 absque
2120 2554 2549 2611 sacrament-o

51 2627 56 2638 '
95 2641 244 2698 icant
283 2651 763 2717 quaecumque
810 2629 1072 2698 volunt:
1129 2651 1380 2717 vosque
1429 2632 1628 2700 facite
1657 2653 2136 2718 quaecumque
2186 2631 2415 2700 vultis.
2473 2635 2550 2700 Et

51 2713 188 2796 guid
248 2739 416 2808 opus
461 2730 568 2789 est
606 2719 812 2788 etiam
863 2718 1162 2806 jurando
1202 2719 1485 2807 perdere
1535 2719 1689 2788 illos
1745 2720 2018 2789 animas
2081 2723 2293 2790 suas?
2347 2744 2384 2786 »
2441 2725 2551 2789 In-

49 2815 247 2957 sssso
288 2807 609 2894 equidem
671 2829 811 2876 uno
861 2808 1134 2877 testium
1200 2820 1265 2876 et
1312 2807 1606 2888 dicente,
1662 2810 1988 2895 quoniam
2041 2810 2551 2899 conjurationes

49 2899 58 2920 ²
144 2891 359 2965 iteum
411 2896 757 2986 Olympio,
794 2908 859 2965 et
909 2896 1161 2964 milites
1213 2898 1643 2986 praeparavit
1675 2898 2135 2987 utjuvarent:
2178 2900 2548 2988 interroga-

69 2982 156 3046 tus
191 2985 306 3052 Deo
404 2986 699 3054 retiosus
755 2985 879 3065 vir,
935 2985 993 3052 si
1045 2984 1210 3053 haec
1260 2985 1352 3054 ita
1416 3007 1487 3054 se
1554 2985 1901 3068 haberent,
1949 2986 2339 3076 respondit:
2396 3010 2430 3052 «
2484 2987 2551 3055 Si

68 3064 226 3138 vultis
254 3094 338 3142 au
389 3074 488 3143 ire
532 3073 903 3152 veritatem,
939 3072 1094 3142 dico
1128 3074 1319 3144 vobis
1368 3075 1747 3161 sequentia3
1796 3097 1830 3140 »
1884 3088 1949 3142 et
2003 3076 2224 3165 coepit
2271 3075 2545 3144 dicere:

51 3171 96 3254 fi
133 3159 390 3237 Quando
437 3163 664 3231 factus
710 3174 812 3231 est
860 3173 1066 3251 typus
1104 3175 1168 3230 et
1217 3162 1523 3231 directus
1555 3177 1654 3233 est
1704 3168 1986 3231 Romam
2039 3163 2125 3231 ab
2178 3168 2549 3253 Imperato-

45 3253 136 3324 jt'e.
173 3267 205 3311 »
235 3253 304 3317 Et
347 3252 475 3320 hoc
512 3262 776 3320 tantum
827 3250 1094 3319 dicente
1126 3251 1317 3320 beato
1366 3253 1724 3341 EpiscopO,
1772 3250 1960 3319 aliud
1996 3251 2162 3337 quid
2218 3274 2351 3320 non
2386 3272 2551 3318 con-

43 3339 284 3426 s'pessum
332 3353 433 3410 est
479 3339 585 3407 illi
634 3339 855 3425 loqui:
910 3339 1024 3407 sed
1077 3340 1404 3409 continuo
1438 3353 1594 3410 ante
1634 3361 1873 3409 omnes
1905 3340 2245 3430 incipiens
2286 3340 2552 3408 Troilus

41 3424 283 3508 ,lnquitz
320 3449 354 3494 «
389 3433 532 3498 Non
582 3426 838 3496 inferas
880 3427 1077 3496 nobis
1111 3428 1220 3496 hic
1253 3428 1337 3497 de
1377 3429 1537 3509 fide,
1595 3428 1677 3497 de
1727 3428 1954 3497 duello
2012 3449 2309 3515 namque
2368 3448 2554 3494 nunc

65 3514 369 3596 scrutariS‚
420 3516 748 3604 quoniam
785 3529 850 3585 et
897 3518 1212 3597 Romani,
1251 3531 1315 3586 et
1366 3540 1490 3587 nos
1526 3517 1890 3586 Christiani
1927 3540 2195 3586 sumus.
2254 3540 2288 3583 »
2327 3520 2402 3584 Et
2452 3537 2557 3584 re-

67 3599 300 3700 spond-it
345 3603 440 3672 illi
497 3627 699 3675 verus
748 3605 1087 3674 Ecclesiae
1137 3620 1366 3694 pastor
1432 3608 1811 3675 Martinus:
1865 3629 1901 3673 «
1954 3607 2248 3685 Utinam,
2306 3603 2553 3690 inquit,

41 3691 382 3761 .1nven1atis
413 3715 522 3763 me
553 3694 623 3764 in
655 3693 773 3763 illa
808 3695 920 3763 die
951 3695 1284 3763 tremendi
1319 3695 1681 3776 examinis,
1717 3707 1951 3764 testem
1989 3695 2192 3764 etiam
2230 3695 2296 3762 in
2338 3693 2489 3762 hoc.
2522 3715 2559 3758 »

69 3770 260 3846 Denuo
303 3781 475 3851 inter
522 3795 925 3853 accusantes
963 3784 1058 3851 ait
1105 3783 1187 3852 ad
1239 3805 1398 3853 eum
1452 3784 1836 3873 praefectus
1876 3784 2185 3854 Troilus:
2244 3805 2278 3848 «
2323 3781 2561 3864 Qualis

37 3855 236 3957 [homo
263 3889 330 3936 es
363 3874 466 3939 tu?
499 3872 833 3954 Quoniam
871 3872 1161 3942 audiens
1194 3886 1258 3942 et
1282 3894 1573 3944 cernens
1605 3873 1764 3942 talia
1798 3884 2031 3943 contra
2067 3878 2556 3962 Imperatorem

35 3961 347 4032 2n1tentem
389 3960 849 4030 effodiendum
903 3960 1326 4050 Olympium,
1386 3983 1519 4031 non
1617 3962 1981 4032 rohibuisti
2014 3982 2197 4042 eum,
2235 3960 2351 4029 sed
2395 3981 2564 4029 con—

33 4061 44 4128 f
77 4042 303 4115 sensisti
335 4047 435 4116 ei?
469 4071 505 4115 »
541 4049 633 4118 Ad
666 4071 871 4136 quem
924 4051 1252 4120 continuo
1287 4071 1532 4141 respon
1593 4053 1641 4121 it
1681 4052 1826 4141 ipse
1857 4052 2096 4120 beatus
2130 4049 2561 4139 Apostolicus

31 4141 34 4214 ,¹
77 4123 261 4223 Papa:
311 4156 345 4199 «
385 4136 525 4217 Dic,
577 4138 819 4218 Troile,
862 4139 1164 4226 quande,
1220 4140 1399 4209 sicut
1448 4141 1637 4209 scitis
1685 4139 1888 4208 etiam
1936 4160 2055 4207 vos
2086 4152 2150 4207 et
2199 4159 2325 4206 nos
2359 4136 2562 4207 audi-

31 4229 34 4312 }
80 4229 283 4311 VtmuS,
320 4225 664 4315 GeorgiuS,
703 4227 824 4314 qui
870 4241 1014 4297 erat
1059 4250 1137 4297 ex
1172 4227 1534 4298 monachis
1569 4228 1766 4296 urbis
1799 4227 2037 4313 hujuS,
2078 4249 2114 4295 a
2152 4226 2563 4315 magistratu

31 4369 34 4402 Ι
84 4317 294 4376 missus
338 4312 682 4403 ingressus
728 4328 829 4385 est
876 4317 1115 4387 urbem
1169 4339 1205 4385 a
1256 4317 1522 4396 castriS,
1574 4329 1639 4385 et
1679 4315 1840 4384 talia
1874 4317 2072 4384 verba
2119 4314 2394 4385 locutus
2429 4327 2559 4393 est,

126 4426 144 4451 ⁸
166 4429 288 4474 Forte
312 4447 497 4482 namen.

213 4503 429 4562 surius
458 4539 480 4550 -
519 4507 686 4566 Vitae
715 4505 817 4568 SS.
848 4540 868 4552 ·
897 4506 1033 4570 Vol.
1068 4506 1167 4568 XI.
2335 4506 2413 4566 ΞΒ
