2993 4837
520 261 605 324 32
2697 259 2855 326 NOV.
2905 262 2920 322 t

1250 436 1735 517 HISTORIA
1790 436 2168 516 BREVIS

898 660 979 760 S.
1050 660 1517 761 MARlAE
1598 659 1899 761 VlRG.
1970 661 2103 761 ET
2172 659 2519 761 MART.

1003 914 1180 970 QUAM
1219 913 1591 962 VINCENTIUS
1632 914 1698 961 m
1737 913 2011 962 SPECULO
2047 915 2406 963 HISTORIAM

618 1020 974 1068 ANNorAvtr
1019 1022 1096 1068 Ex
1144 1021 1359 1068 GESTIS
1405 1021 1556 1068 EJUS
1605 1022 1725 1067 Lm.
1779 1021 1866 1080 xl,
1921 1018 2063 1069 CAP.
2115 1020 2342 1068 Lxxxv1
2389 1022 2464 1068 ΕΤ
2511 1022 2783 1069 Lxxxvu.

917 1128 1433 1177 ADSTIPULANTUR
1478 1125 1932 1185 Aurtoulssunt
1978 1129 2484 1177 uanrYttomsslA.

987 1320 1199 1376 Passa»
1224 1323 1330 1376 ost
1358 1333 1535 1376 anno
1564 1321 1688 1374 120
1718 1316 1749 1350 ⁴¹
1779 1347 1856 1359 --
1886 1317 2119 1377 Patria
2147 1316 2426 1378 incertss.

519 1504 555 1588 ξ
604 1507 678 1572 1.
732 1507 929 1572 Beata
982 1505 1214 1586 Maria,
1268 1505 1524 1574 ancilla
1562 1504 1841 1593 quidem
1876 1502 2157 1573 Tertulli
2210 1501 2619 1592 principalis
2652 1513 2815 1582 erat,
2853 1499 2938 1571 sed

432 1591 856 1661 nobilitatem
907 1591 1197 1674 domini,
1265 1595 1514 1663 mentis
1560 1594 1982 1685 benignitate
2037 1593 2374 1672 vincebat,
2443 1604 2508 1660 et
2570 1591 2831 1660 Christo
2890 1609 2940 1657 se

434 1680 768 1780 probabat
817 1681 1214 1772 ingenuam.
1269 1682 1571 1752 Natalem
1607 1696 1832 1752 autem
1878 1681 2004 1750 filii
2037 1681 2424 1750 celebrante
2458 1680 2783 1761 Tertullo,
2817 1698 2937 1748 cum

433 1770 731 1858 impuris
781 1774 1109 1858 vanisque
1156 1772 1550 1842 simulacris
1600 1771 1856 1841 hostias
1908 1769 2317 1850 immolaret,
2359 1770 2569 1839 Maria
2621 1769 2938 1838 incumbe·

432 1856 551 1926 bat
587 1858 920 1947 jejuniiS‚
974 1873 1038 1928 et
1086 1861 1339 1929 sociam
1394 1883 1642 1940 suam,
1703 1883 1785 1929 ne
1843 1856 2246 1949 proderetur
2299 1858 2666 1941 dominae,
2720 1856 2940 1927 occulta

433 1946 875 2017 simulatione
915 1946 1212 2019 fallebat.
1270 1950 1399 2019 Diu
1439 1963 1691 2029 tamen,
1746 1948 2119 2018 insidiante
2170 1968 2522 2027 conserva,
2579 1946 2791 2017 latere
2843 1964 2938 2013 nou

435 2037 679 2124 potuit.
751 2037 1019 2107 Prodita
1086 2039 1319 2128 igitur,
1396 2061 1550 2108 mox
1601 2051 1880 2108 vocatur
1927 2061 1970 2106 a
2034 2036 2353 2116 domina,
2425 2035 2819 2124 diciturque
2862 2036 2932 2101 ei:

433 2146 470 2189 «
501 2129 686 2206 Quae
734 2141 832 2195 ’est
880 2148 1089 2195 causa
1129 2127 1430 2215 jejunii?
1476 2133 1570 2196 An
1629 2128 1899 2197 occasio
1949 2126 2261 2196 tristitiae
2315 2137 2438 2205 est,
2494 2127 2682 2213 quod
2731 2127 2950 2199 iratum,

435 2212 554 2282 tibi
609 2236 832 2304 nuper
861 2215 1222 2283 dominum
1262 2216 1770 2306 perhorrescis?
1803 2238 1838 2282 >>
1882 2214 2257 2305 Respondit
2302 2215 2549 2283 Maria:
2597 2238 2624 2279 ι
2660 2208 2936 2298 Nunquid

434 2322 686 2371 novum
739 2303 998 2389 aliquid
1054 2325 1239 2373 nunc
1281 2306 1589 2394 usurpo?
1638 2310 1919 2395 Semper
1961 2304 2129 2373 mihi
2187 2315 2350 2372 sunt
2400 2303 2568 2372 haec
2626 2304 2938 2373 observata

428 2391 724 2479 jejunia.
777 2393 1161 2462 Christiana
1203 2414 1384 2475 sum,
1439 2394 1821 2465 Christiano
1873 2415 2117 2464 nascor
2153 2415 2232 2462 ex
2264 2413 2546 2483 genere:
2603 2389 2937 2462 haeredita·

437 2481 725 2549 riusest
794 2480 961 2550 mihi
1019 2482 1143 2551 iste
1189 2482 1419 2553 cultus
1469 2484 1810 2553 Christi.»
1858 2488 2048 2553 Tunc
2109 2482 2492 2571 imperante
2548 2481 2851 2560 domina,
2892 2487 2948 2570 ut

433 2569 573 2657 cibi
612 2567 884 2669 ‘aliquid
939 2569 1266 2648 hauriret,
1314 2572 1426 2640 illa
1467 2572 1708 2641 noluit.
1755 2577 1830 2642 Et
1860 2571 2138 2641 domina
2175 2570 2557 2660 indignata,
2607 2571 2673 2639 ei
2706 2569 2948 2639 verbera}

435 2679 671 2746 gravia
719 2670 782 2726 et
836 2680 1121 2747 poenam
1172 2661 1373 2728 etiam
1423 2663 1684 2742 mortis,
1731 2663 1787 2730 si
1830 2674 2267 2751 repugnaret,
2324 2660 2713 2729 intentavit.

526 2748 561 2832 ἓ
617 2751 701 2816 2.
760 2748 883 2816 Sed
936 2748 1099 2817 dum
1138 2747 1486 2819 altercatio
1531 2750 1658 2819 ista
1690 2750 2048 2819 verborum
2101 2760 2279 2819 esset
2308 2748 2619 2838 cogentis
2671 2746 2946 2818 dominae

435 2847 503 2902 et
554 2836 1007 2925 repugnantis
1055 2837 1369 2918 ancillae,
1416 2839 1654 2929 pedem
1693 2837 1901 2908 asoris
1950 2837 2247 2908 reserens
2287 2835 2632 2906 Tertullus
2682 2832 2946 2926 ingredi·

437 2935 571 3003 tur;
624 2926 741 3010 qui
793 2926 880 2994 ab
907 2948 1116 2995 uxore
1153 2928 1356 2995 rebus
1388 2929 1716 2997 omnibus
1757 2927 2128 3014 inquisitis,
2171 2925 2553 2994 inauditam
2608 2927 2834 2996 statim
2861 2923 2947 3018 ssa]

436 3011 676 3112 gellari
731 3017 1076 3103 praecepit
1123 3015 1473 3098 ancillam,
1519 3029 1586 3085 et
1630 3017 1951 3086 afflictam
2018 3015 2286 3084 diutino
2336 3015 2656 3095 verbere,
2716 3008 2947 3162 detrudj

439 3122 509 3168 tn
546 3124 914 3182 carcerem,
961 3102 1440 3174 administrato
1477 3105 1748 3175 modico
1780 3118 1845 3175 et
1876 3104 1993 3173 vili
2028 3104 2204 3185 cibo,
2244 3124 2381 3190 quo
2433 3124 2565 3171 non
2621 3105 2924 3172 satiarctu

437 3188 676 3270 fameS,
733 3190 847 3259 sed
901 3191 1283 3262 deficientis
1331 3194 1637 3281 quotidie
1686 3195 1958 3263 animae
2020 3214 2180 3283 pars
2222 3204 2521 3261 extrema
2573 3203 2945 3261 servaretur.

438 3278 565 3348 Sed
618 3279 859 3349 devota
896 3304 1089 3350 mens
1127 3304 1247 3371 pro
1282 3283 1545 3352 Clu-isto
1597 3283 1821 3374 frangi
1880 3282 2005 3352 hoc
2059 3281 2294 3351 dolore
2337 3301 2469 3349 non
2508 3282 2754 3370 potuit:
2813 3276 2945 3365 quin

433 3369 637 3437 etiam
672 3368 1096 3456 quotidianis
1129 3371 1561 3442 orationibus
1593 3371 2060 3451 incumbebat,
2097 3383 2175 3439 ut
2223 3369 2516 3440 facultas
2554 3382 2736 3440 esset
2768 3366 2945 3455 majot

438 3457 797 3527 tolerandi.
853 3457 1163 3527 Emensis
1200 3480 1354 3527 vero
1391 3460 1834 3529 novendecim
1890 3460 2158 3538 diebus,
2214 3457 2519 3528 Praesidi
2582 3457 2945 3550 nunciatutjl

434 3546 811 3616 Tertullum
852 3546 1300 3635 principalem
1335 3547 1527 3617 illius
1554 3548 1869 3630 civitatis,
1900 3546 2247 3619 occultare
2284 3547 2350 3616 in
2392 3547 2599 3615 domo
2636 3569 2762 3617 sua
2792 3544 2943 3639 Chri·

436 3635 700 3704 stianae
750 3633 1102 3725 religionis
1148 3636 1498 3716 ancillam,
1537 3636 1721 3724 quod
1774 3642 2273 3728 Imperatorum
2329 3648 2688 3726 praecepta
2755 3632 2943 3724 probl-

437 3722 712 3792 bebant.
768 3725 959 3794 Stetit
995 3725 1220 3812 itaque
1251 3724 1548 3795 adducta
1600 3724 1901 3806 tandem,
1940 3738 2004 3796 et
2041 3726 2361 3813 quamvis
2393 3740 2630 3794 contra
2671 3724 2943 3814 judicem

433 3813 674 3882 oculos
720 3813 1043 3894 tenderet,
1102 3815 1413 3883 animum
1457 3828 1681 3884 tamen
1721 3816 2013 3884 habebat
2043 3813 2126 3885 ad
2167 3813 2538 3882 Christum.
2575 3813 2943 3883 Clamorau

438 3914 569 3969 tem
623 3903 931 3990 undique
990 3901 1225 3991 populi
1291 3903 1644 3974 frementis
1705 3904 2080 3984 attollitur,
2149 3902 2484 3972 dicentis:
2554 3926 2579 3964 ε
2617 3902 2778 3970 Viva
2832 3898 2943 3966 dir(

434 4003 781 4059 cremetur
830 3991 1222 4060 incendio.»
1275 3991 1397 4061 Illa.
1432 4014 1588 4063 vero
1624 3993 1988 4082 intrepida,
2034 3992 2151 4080 qui
2215 4013 2295 4081 pe
2335 4012 2511 4078 quac
2547 3991 2657 4060 Dei
2693 3989 2800 4059 sui
2831 4005 2941 4055 nos·

442 4090 544 4147 set
599 4079 979 4161 auxilium,
1025 4080 1292 4150 coelum
1345 4081 1660 4162 intuens,
1715 4081 2036 4151 clamavit
2102 4015 2204 4149 ad)
2244 4080 2633 4150 Dominum.
2685 4079 2785 4146 Ait
2830 4089 2941 4168 vert

442 4171 758 4238 Praeses:
826 4193 861 4235 «
897 4170 1243 4252 Sacrifica,
1307 4171 1363 4239 si
1413 4172 1713 4262 effugere
1782 4184 2119 4240 tormenta
2177 4169 2484 4239 festinaS.
2520 4192 2556 4235 »
2615 4157 2941 4256 Respondtl

492 4330 517 4356 *
547 4331 620 4370 Ita
648 4333 814 4372 Sur-lua
844 4335 891 4372 in
920 4334 1158 4383 postrema
1187 4335 1407 4374 editione.
1436 4335 1669 4373 Batonius
1700 4343 1812 4372 vero
1847 4342 2020 4372 annum
2057 4334 2133 4372 140
2153 4329 2309 4381 ponit:
2333 4329 2409 4371 alli
2444 4332 2630 4371 demum
2660 4328 2857 4369 seculum
2887 4325 2939 4359 ter

439 4380 561 4423 tium
583 4385 658 4424 vel
678 4387 915 4433 quartum.
940 4389 1093 4435 Hujus
1115 4389 1158 4426 S.
1182 4388 1387 4436 Virginis
1409 4390 1455 4426 et
1477 4385 1698 4435 Martyris
1725 4391 1831 4425 «cta
1852 4386 2034 4436 integre
2054 4391 2168 4426 aunt
2187 4389 2313 4425 edita
2336 4399 2361 4424 u
2385 4389 2396 4424 t
2420 4386 2588 4425 alazia.
