2993 4837
530 288 658 351 648
1121 306 1198 350 nu
1246 305 1301 350 s,
1348 303 1637 352 cancrum
1686 306 1972 351 nnrvne
2021 306 2096 350 ar
2143 306 2313 352 Auis
2638 286 2779 350 Nox:
2812 288 2872 350 ΕΞ

438 402 503 458 et
557 388 1022 467 laetabantur,
1087 403 1461 478 coeperunt
1502 410 1642 468 eoS,
1695 391 1814 476 qui
1867 388 2298 469 laborabant,
2369 388 2684 458 ludificari
2722 400 2771 456 et
2806 388 2879 455 di·

438 499 630 546 cere:
688 479 919 546 miseri
949 492 1014 546 et
1047 478 1498 558 miserabiles,
1548 478 1736 546 hunc
1793 479 1912 564 qui
1971 500 2089 548 vos
2143 478 2387 568 affligit
2435 478 2705 548 laborem
2739 477 2882 565 depe

439 568 600 646 nite,
647 579 712 635 et
763 567 1123 636 nobiscum
1163 565 1514 646 laetanteS,
1557 588 1675 636 vos
1712 566 1981 635 deliciis
2027 567 2294 654 explete
2340 581 2404 637 et
2452 566 2890 637 libidinibus.et

437 677 563 724 cur
599 667 948 741 tamquam
985 656 1386 745 insipientes
1417 656 1593 724 duro
1636 654 1867 724 labore
1902 656 2393 734 dissolvimini,
2423 670 2485 724 et
2514 669 2748 724 vestrae
2774 656 2892 720 vitae

439 756 744 833 tempora
797 745 1088 834 negotiis
1136 767 1313 831 quae
1362 767 1480 816 vos
1529 744 1868 835 affligunt.
1925 740 2382 814 cofisumitis‘?
2428 749 2594 814 Haec
2638 744 2891 812 dicentes,

438 833 878 902 solvebantur
935 834 1001 901 in
1064 833 1280 902 risum
1323 888 1338 913 ,
1383 847 1447 901 et
1484 834 1746 903 dabant
1809 833 2132 922 plausum
2178 835 2523 912 manibuS,
2590 853 2896 922 magnoque

436 943 605 991 sono
652 944 768 990 eos
815 922 1308 991 cachinnantes
1367 921 1770 990 irridebant.
1825 927 2004 990 Haec
2053 935 2282 992 autem
2339 923 2476 991 illis
2525 921 2894 991 facientibus.

437 1009 709 1101 pluvios
742 1011 989 1080 hiemis
1024 1033 1291 1079 menses
1318 1011 1888 1098 tranquillissima
1923 1024 2230 1101 tempora
2262 1024 2690 1100 exceperunt:
2719 1023 2776 1076 et
2799 1030 2896 1076 θῦνε

437 1099 837 1190 pulcrorum
871 1113 936 1168 et
970 1100 1315 1168 variorum
1357 1101 1604 1168 florum
1659 1100 2114 1189 flagrantibus
2153 1122 2360 1170 omne
2396 1122 2607 1190 genus
2643 1099 2890 1168 odoribm

438 1202 629 1278 prata
666 1188 1197 1268 exornabantur,
1220 1204 1283 1256 et
1308 1189 1548 1258 molles
1577 1189 1925 1258 botrorum
1957 1190 2167 1258 series
2195 1190 2688 1276 producebant:
2729 1187 2887 1275 palm

441 1291 561 1356 tes,
600 1291 665 1346 et
699 1279 883 1346 vario
919 1299 1165 1366 genere
1195 1278 1521 1346 arborum
1559 1278 1732 1345 rami
1784 1278 2120 1347 stillantes
2173 1278 2374 1347 melle
2416 1278 2672 1347 fructus
2720 1274 2891 1364 produ

439 1367 706 1435 cebant:
747 1367 814 1433 in
847 1367 1100 1452 quibus
1123 1366 1742 1435 animadvertimus
1759 1388 1981 1452 usque
2017 1367 2083 1434 in
2112 1366 2525 1436 hodiernum
2547 1367 2723 1435 diem
2756 1365 2879 1431 abun

439 1455 601 1523 dare
636 1455 839 1523 simul
878 1469 940 1523 et
975 1456 1292 1545 gratiam,
1332 1455 1633 1524 fructum
1669 1466 1734 1522 et
1764 1455 2103 1524 decorem.
2141 1461 2333 1525 Tunc
2373 1478 2530 1524 cum
2572 1456 2894 1524 laetare-ntur

442 1543 543 1612 illi
593 1544 709 1629 qui
763 1544 1339 1613 existimabantur
1385 1565 1537 1614 esse
1585 1545 2011 1632 insipientes,
2066 1559 2443 1632 coeperunt
2492 1544 2716 1634 lugere
2765 1543 2801 1610 ii
2835 1561 2896 1624 qu·

437 1633 1013 1702 existimabantur
1057 1654 1204 1701 esse
1244 1633 1467 1710 cives:
1503 1633 1715 1718 etqui
1748 1646 1941 1701 erant
1973 1633 2253 1722 gloriosi
2315 1635 2379 1701 in
2417 1655 2539 1701 sua
2591 1631 2898 1718 intelligen-

441 1720 555 1800 tia,
600 1722 949 1809 perierunt
985 1723 1049 1789 in
1092 1723 1230 1790 acri
1271 1722 1822 1800 ratiocinatione;
1874 1734 1940 1791 et
1974 1722 2248 1791 tandem
2300 1723 2492 1790 ducti
2545 1718 2894 1812 poenitentia

439 1809 615 1877 inter
649 1833 718 1877 se
762 1825 1276 1878 murmurantes
1306 1823 1371 1879 et
1405 1824 1754 1899 gementes
1795 1811 2155 1879 dicebant:
2214 1811 2281 1878 bi
2320 1824 2484 1879 sunt
2516 1834 2682 1897 quos
2729 1806 2900 1876 habu·-

438 1919 594 1968 mus
635 1897 974 1978 ludibrio:
1036 1922 1273 1968 eorum
1328 1899 1633 1968 laborem
1699 1899 2028 1988 probrum
2079 1900 2692 1979 existimabamus:
2734 1915 2894 1965 eorum*

440 1986 642 2054 vitam
684 1988 884 2056 nihili
934 1988 1381 2067 faciebamus,
1426 2000 1780 2074 tamquam
1842 1987 2346 2057 miserabilem:
2400 2010 2637 2058 eorum
2686 1988 2900 2076 figuram

430 2075 921 2163 judicabamus
954 2099 1100 2146 esse
1137 2077 1520 2167 indignam,
1559 2089 1623 2145 et
1674 2076 2193 2166 intelligentiam
2231 2098 2470 2146 eorum
2508 2079 2650 2145 sine
2687 2077 2896 2144 honore.

436 2167 490 2233 Ii
534 2179 760 2233 autem
811 2167 1065 2234 inventi
1100 2177 1260 2234 sunt
1312 2165 1809 2254 intelligentes:
1844 2180 1908 2234 et
1942 2187 2063 2235 nos
2095 2164 2375 2253 quidem
2418 2168 2775 2255 probamur
2796 2174 2896 2253 turs*

437 2252 648 2322 fuisse
699 2255 1147 2334 miserabileS,
1188 2255 1593 2344 insipientes
1631 2267 1696 2322 et
1743 2254 1957 2336 stulti,
2011 2254 2290 2342 quando
2321 2276 2541 2341 neque
2589 2252 2901 2343 nobisipst÷

437 2344 937 2432 operabamur:
995 2366 1212 2432 neque
1254 2344 1338 2413 iis
1375 2345 1494 2429 qui
1544 2344 2034 2432 operabantur,
2073 2343 2398 2412 dedimus
2428 2345 2497 2411 in
2538 2364 2728 2433 opere
2770 2357 2900 2408 auxi·

438 2432 652 2501 lium:
705 2433 821 2518 qui
857 2434 1134 2521 quidem
1172 2455 1332 2502 cum
1368 2455 1679 2502 essemus
1723 2433 1786 2500 in
1838 2432 2129 2514 deliciis,
2182 2455 2299 2502 eos
2356 2433 2554 2502 valde
2603 2432 2894 2501 irrisimus.

434 2535 496 2590 et
531 2522 715 2609 ipsos
764 2523 1186 2591 credidimus
1226 2544 1374 2591 esse
1419 2522 1842 2610 insipientes,
1899 2544 2072 2609 quos
2119 2521 2398 2609 quidem
2453 2544 2634 2591 nunc
2667 2516 2896 2609 resplen-

435 2610 672 2677 dentes
712 2612 1327 2679 animadvertimus
1359 2622 1423 2678 et
1457 2612 1799 2679 florentes,
1838 2634 1873 2676 »

520 2701 558 2785 ξ
606 2701 741 2770 ¹8.
797 2700 884 2767 Ad
929 2702 1089 2769 haec
1128 2700 1298 2768 dixit
1331 2700 1715 2768 Praefectus
1744 2723 1757 2766 :
1813 2722 1846 2766 «
1878 2706 1964 2768 'l'e
1996 2699 2274 2786 quidem
2306 2699 2505 2768 video
2533 2721 2672 2769 esse
2701 2695 2894 2785 sapien

435 2799 535 2854 ter
583 2787 747 2854 haec
792 2802 1262 2876 persecutum:
1318 2788 1433 2857 sed
1485 2788 1569 2855 ad
1626 2810 1855 2856 meum
1924 2810 2330 2877 responsum
2386 2810 2520 2856 non
2575 2787 2799 2855 videris
2835 2801 2892 2847 re

434 2875 790 2963 spondere.
828 2898 862 2942 »
914 2878 1312 2946 Valerianus
1343 2877 1550 2945 dixit:
1598 2899 1633 2941 «
1669 2878 1900 2945 Dixisti
1930 2898 2052 2945 nos
2084 2900 2234 2945 esse
2259 2877 2509 2946 stultos
2533 2892 2595 2946 et
2640 2875 2895 2961 insipien·
2947 2936 2948 2955 χ

435 2977 553 3041 tes,
578 2963 758 3050 quod
798 2964 1153 3035 facultates
1177 2978 1444 3036 nostras
1470 2966 2124 3054 damusegentibus.
2163 2966 2543 3066 proselytos
2568 2964 2890 3052 excipimus.
2947 2958 2948 2985 ³

434 3051 659 3120 viduis
690 3055 1216 3143 suppeditamus
1253 3076 1431 3141 quae
1464 3066 1628 3123 sunt
1669 3057 2076 3130 necessaria,
2118 3056 2452 3143 orphanis
2502 3055 2891 3123 subvenimus.

432 3163 715 3231 corpora
767 3144 1111 3233 insepulta
1179 3145 1518 3233 tegimus,
1564 3158 1629 3210 et
1687 3165 1846 3211 cum
1900 3144 2199 3213 maximo
2243 3145 2500 3213 honore
2547 3143 2892 3230 celebramus
2945 3204 2948 3217 ,

435 3244 815 3321 martyrum
880 3233 1362 3321 depositiones.
1420 3237 1549 3301 Nos
1598 3246 1827 3300 autem
1865 3232 1997 3300 insi
2059 3233 2272 3301 ientes
2314 3232 2642 3320 judicasti
2688 3243 2744 3299 et
2782 3223 2894 3321 deli·

434 3335 683 3402 rantes,
738 3322 918 3407 quod
953 3344 1111 3391 cum
1155 3322 1238 3389 iis
1272 3321 1391 3407 qui
1437 3320 1798 3400 laetantur,
1840 3342 1974 3390 non
2039 3333 2372 3401 aetamur,
2431 3343 2554 3389 nec
2596 3322 2659 3389 in
2704 3315 2892 3386 delion<

433 3410 751 3489 vivimuS,
793 3432 913 3477 nec
967 3422 1230 3479 nostras
1278 3409 1637 3497 explemus
1689 3409 2037 3489 libidines,
2085 3431 2208 3478 nec
2258 3409 2681 3480 illiberaliter
2722 3421 2886 3475 sumu-¹

434 3497 704 3567 lascivis
737 3511 800 3566 et
834 3498 1207 3588 impudicis
1240 3498 1484 3579 oculis,
1544 3499 1979 3567 ostendentes
2033 3521 2153 3567 nos
2186 3521 2335 3568 esse
2393 3499 2640 3568 liberos
2667 3509 2726 3565 et
2767 3495 2892 3579 inge

437 3609 634 3655 nuos
676 3588 908 3656 Veniet
946 3601 1217 3677 tempus
1257 3609 1395 3674 quo
1444 3587 1869 3675 accipiemus
1914 3586 2352 3676 millecuplos
2397 3587 2658 3657 fructus
2703 3593 2892 3651 nostrae

432 3676 845 3757 afflictionis,
901 3688 964 3745 et
1025 3677 1223 3747 nobis
1266 3675 1681 3745 laetantibus
1730 3676 1993 3746 flebunt
2046 3675 2145 3745 illi
2202 3678 2321 3762 qui
2370 3699 2555 3745 nunc
2602 3675 2891 3766 efferuntu:

431 3764 736 3834 laetitiis:
790 3777 889 3835 est
927 3766 1112 3834 enim
1164 3787 1350 3835 nunc
1410 3778 1685 3854 tempus
1719 3765 2136 3834 seminandi.
2193 3766 2323 3847 Qui
2367 3787 2530 3856 ergo
2570 3766 2634 3832 in
2663 3763 2770 3830 hac
2807 3769 2884 3822 vna

425 3855 792 3933 seminant,
831 3876 1007 3941 quae
1038 3867 1199 3924 sunt
1231 3854 1315 3923 ad
1354 3866 1650 3942 tempuS‚
1695 3852 2063 3944 lacrymas,
2103 3855 2168 3921 in
2211 3854 2329 3922 illa
2366 3855 2557 3923 beata
2588 3865 2652 3921 et
2688 3860 2882 3918 aeterna

429 3944 558 4012 vita
624 3955 878 4011 metent
936 3944 1270 4031 gaudium
1332 3944 1855 4032 sempiternum.
1915 3966 1950 4008 »
2007 3944 2177 4011 Dixit
2248 3943 2671 4012 Praefectus:
2716 3939 2884 4017 «Ergo

424 4044 487 4100 et
521 4054 665 4111 nos,
729 4045 791 4100 et
842 4032 1076 4101 invicti
1136 4037 1590 4121 Imperatores
1642 4032 1903 4101 luctum
1939 4044 2293 4101 aeternum
2349 4031 2772 4101 habebimus:
2811 4037 2880 4084 vu·

425 4135 648 4189 autem
716 4133 1066 4189 aeternum
1112 4120 1444 4211 gaudium
1490 4121 2040 4210 possidebitis?»
2095 4121 2472 4208 Respondit
2525 4116 2875 4214 Valerianus¹

424 4232 459 4274 «
495 4210 668 4291 Quid
713 4211 897 4278 enim
942 4211 1106 4280 estis
1157 4232 1296 4287 vos,
1350 4222 1468 4277 aut
1504 4212 1706 4279 vestri
1759 4214 2263 4299 Imperatores?
2311 4209 2594 4299 Impleto
2635 4220 2780 4303 enim
2808 4214 2872 4291 ‘fe‘

426 4310 564 4364 stro
635 4312 941 4385 tempore
1003 4299 1393 4378 morientes,
1449 4320 1528 4365 eo
1587 4299 1915 4386 majorem
1968 4303 2101 4367 Deo
2161 4300 2327 4368 estis
2391 4297 2694 4367 reddituri
2737 4298 2870 4355 ratio·

432 4405 614 4461 nem,
662 4407 799 4469 quo
832 4386 1022 4453 vobis
1058 4386 1143 4455 ab
1193 4408 1270 4455 eo
1309 4387 1529 4475 major
1583 4387 1740 4456 data
1792 4386 1919 4455 fuit
1949 4399 2322 4476 potestas.»
2374 4388 2542 4456 Dixit
2587 4376 2865 4451 Praefectus
