2993 4837
66 365 217 431 Nov.
265 367 344 429 28
730 384 807 429 na
854 384 908 428 s.
967 381 1289 429 smpnaao
1335 380 1605 428 samona
1652 381 1842 427 MART.
2343 365 2472 429 705

64 467 488 625 perdiderunt,
526 481 725 554 atque
756 467 825 535 in
860 489 1149 557 poenam
1201 467 1665 555 conjecerunt.
1705 470 1885 534 Haec
1925 487 2084 534 cum
2119 465 2256 546 ille,
2293 465 2563 552 aliaque

103 558 196 626 uic
227 578 423 645 scopo
448 570 902 626 consentanea
930 555 1331 634 monuisset,
1364 576 1442 624 ac
1477 567 1826 642 tamquam
1853 554 1920 622 in
1950 554 2282 643 optimam
2314 567 2564 624 terram

62 646 290 715 semina
308 646 602 735 jecisset,
646 667 802 715 eum
844 644 1096 724 tondet,
1149 667 1227 712 ac
1280 644 1658 712 monastica
1691 656 1868 712 veste
1916 642 2162 723 induit,
2219 643 2567 712 decimum

62 748 288 803 sextum
318 736 458 823 jam
512 735 682 803 vitae
714 756 975 803 annum
1011 745 1348 821 agentem.

127 825 157 910 ἕ
200 830 288 894 6.
339 823 653 892 Protinus
713 824 923 914 igitur
985 822 1374 910 Stephanus
1413 822 1496 890 ad
1552 822 1929 891 monastica
1989 821 2370 890 certamina
2419 842 2568 890 sese

61 911 413 1000 accingens,
456 911 725 980 nullum
763 911 1224 981 continentiae
1250 932 1470 999 genus
1506 911 1986 1000 praetermisit.
2018 915 2182 981 Nam
2219 923 2284 977 et
2306 910 2569 997 jejunio

60 1023 121 1068 ac
157 1001 395 1089 vigiliis
426 1001 732 1089 corporis
768 1002 1069 1088 impetus
1125 999 1501 1078 coercebat,
1547 1012 1611 1067 et
1659 1020 1898 1069 omnes
1950 999 2374 1087 voluptatum
2418 999 2569 1068 ille-

60 1091 265 1158 cebras
323 1090 713 1179 superabat,
749 1103 814 1158 et
849 1089 1283 1157 iracundiam
1337 1089 1624 1177 imperio
1668 1089 1959 1158 tenebat.
2015 1088 2107 1156 Ab
2150 1087 2568 1177 injuriarum

61 1192 253 1246 autem
288 1191 722 1269 acceptarum
779 1177 1244 1247 recordatione
1296 1198 1518 1263 usque
1573 1175 1741 1246 adeo
1797 1177 2255 1257 abhorrebat,
2310 1189 2385 1244 ut
2433 1198 2569 1244 non

62 1267 233 1336 modo
268 1290 448 1347 eum,
506 1290 546 1337 a
593 1289 729 1354 quo
762 1267 1071 1335 molestia
1120 1266 1403 1334 affectus
1444 1278 1643 1346 esset,
1699 1287 1835 1335 non
1892 1266 2342 1336 ulcisceretur
2371 1319 2391 1345 ,
2449 1265 2567 1334 sed

61 1356 229 1423 etiam
281 1357 633 1425 beneficiis
680 1369 917 1425 contra
947 1355 1268 1425 afficeret.
1332 1360 1543 1423 Tanta
1593 1376 1838 1425 rursus
1895 1354 2320 1425 obedientiae
2373 1353 2573 1433 laude

65 1447 435 1531 praestabat,
490 1460 693 1531 atque
742 1445 826 1513 ad
897 1442 1418 1531 obsequendum
1481 1443 1650 1512 adeo
1708 1458 2065 1534 promptus
2120 1455 2306 1528 erat,
2363 1455 2437 1512 ut
2486 1444 2573 1512 ob

62 1534 508 1604 exuberantem
542 1534 969 1603 obedientiae
1017 1546 1220 1620 atque
1270 1532 1683 1601 humilitatis
1736 1532 2280 1624 magnitudinem
2334 1533 2420 1602 iis
2456 1554 2574 1622 po-

64 1622 369 1691 tissimum
406 1625 617 1692 rebus
645 1623 1117 1702 delectaretur,
1155 1642 1333 1708 quae
1365 1643 1528 1691 cum
1564 1621 1793 1691 labore
1833 1636 1898 1691 et
1940 1622 2246 1690 molestia
2288 1621 2576 1708 conjun-

62 1722 181 1779 ctae
204 1724 444 1781 essent.
476 1712 600 1783 Cui
633 1712 754 1792 rei,
796 1723 872 1780 ut
902 1710 1039 1778 alia
1083 1711 1295 1779 multa
1338 1711 1674 1788 omittam,
1715 1710 1891 1780 istud
1934 1710 2319 1780 testimonio
2347 1710 2573 1779 suerit.

62 1801 197 1868 Nam
231 1822 383 1870 cum
418 1801 626 1891 longo
651 1802 738 1871 ab
766 1800 958 1888 ipsi5‚
987 1822 1065 1868 ac
1089 1799 1349 1867 difficili
1383 1799 1761 1874 intervallo,
1796 1822 1974 1887 aqua
1995 1822 2096 1880 ea,
2133 1822 2269 1886 qua
2290 1800 2576 1869 uteban-

66 1899 174 1968 tur,
214 1890 450 1960 dissita
479 1902 658 1958 esset
696 1889 1088 1979 (eratenim
1130 1889 1195 1956 in
1251 1887 1644 1957 admirandi
1708 1889 1829 1956 viri
1883 1889 2192 1957 auxentii
2247 1901 2578 1958 coemete-

66 1975 163 2056 ri0,
196 1979 369 2065 quod
397 1978 680 2065 quidem
720 1977 835 2046 ille
867 1978 1097 2047 adhuc
1134 1988 1478 2067 superstes
1513 1989 1921 2058 extruxerat,
1968 1990 2170 2064 atque
2203 1978 2271 2045 in
2309 1991 2576 2046 sancta-

68 2086 189 2133 rum
227 2062 594 2137 mulierum
644 2067 1137 2136 monasterium
1197 2078 1653 2145 consecrarat,
1694 2088 1771 2135 ac
1827 2067 2420 2157 Trycltz'nariam*,
2479 2065 2576 2133 vel

66 2153 134 2220 ob
159 2155 406 2225 itineris
446 2157 883 2245 asperitatem
915 2179 995 2224 ac
1034 2155 1532 2236 difficultatem,
1570 2154 1670 2223 vel
1707 2156 1908 2224 etiam
1947 2156 2035 2225 ob
2077 2156 2363 2224 vestium
2402 2156 2582 2243 ipsa-

73 2263 194 2311 rum
228 2245 639 2336 rigiditatem
677 2244 1108 2334 appellarat),
1162 2266 1348 2324 cum,
1406 2245 1715 2328 inquam,
1757 2244 1960 2334 longo
2000 2243 2357 2313 intervallo
2406 2264 2582 2329 aqua

74 2328 269 2402 dissita
307 2346 511 2414 esset,
571 2335 960 2423 Stephanus
1029 2354 1176 2401 eam
1248 2332 1553 2421 quotidie
1609 2333 1694 2401 ad
1736 2347 2010 2402 antrum
2046 2387 2060 2413 ,
2119 2346 2251 2401 tam
2306 2345 2578 2410 aestate,

72 2441 237 2504 quam
262 2424 488 2493 hieme
516 2422 882 2492 deferebat.
910 2429 1214 2509 Cumque
1242 2443 1372 2490 non
1408 2422 1608 2491 modo
1629 2445 1904 2510 aquam,
1935 2423 2051 2492 sed
2073 2434 2138 2491 et
2165 2422 2298 2491 alia
2323 2422 2579 2501 omnia,

67 2529 209 2593 quae
248 2512 630 2584 necessaria
678 2526 894 2591 erant,
955 2512 1145 2580 illinc
1180 2510 1596 2591 transferret,
1654 2534 2010 2599 nunquam
2065 2525 2289 2581 tamen
2321 2524 2437 2580 aut
2470 2511 2587 2578 de-

66 2597 211 2668 sidia
243 2601 347 2670 lan
406 2623 593 2680 uere,
640 2614 758 2669 aut
789 2599 1160 2687 querulum
1198 2600 1417 2668 ullum
1458 2602 1738 2689 verbum
1781 2603 2110 2680 emittere,
2156 2613 2274 2669 aut
2298 2620 2588 2669 consue-

68 2697 175 2755 tam
204 2711 366 2781 regu
399 2713 513 2759 am
552 2690 897 2779 negligere
932 2690 1119 2758 visus
1146 2701 1270 2768 est,
1326 2689 1439 2759 sed
1468 2712 1737 2779 semper
1768 2690 2032 2769 eodem,
2068 2711 2204 2776 quo
2236 2688 2585 2777 magister,

64 2796 275 2862 gressu
328 2777 672 2858 incedere,
736 2792 939 2866 atque
974 2778 1195 2867 ipsius
1254 2778 1559 2867 vestigiis
1608 2778 1907 2848 haerere.
1975 2780 2104 2861 Qui
2172 2778 2450 2865 quidem
2502 2778 2589 2847 ob

63 2864 361 2936 eximium
406 2890 618 2936 suurn
655 2889 816 2957 erga
876 2872 1083 2935 Deum
1121 2888 1452 2947 amorem,
1496 2867 1959 2955 omnibusque
2009 2868 2317 2937 numeris
2378 2865 2591 2956 perfe-

63 2966 213 3022 ctam
249 2972 310 3025 et
344 2955 734 3033 absolutam
773 2956 1083 3024 virtutem
1123 2954 1509 3040 frequentes
1536 2957 1791 3045 gratias
1815 2957 2147 3025 divinitus
2180 2968 2590 3025 consecutus

62 3055 166 3121 est,
202 3059 263 3114 et
300 3045 585 3131 quidem
636 3044 1002 3134 ejusmodi,
1058 3057 1133 3113 ut
1166 3044 1366 3112 etiam
1414 3045 1635 3114 brutis
1666 3045 2141 3114 animantibus
2194 3046 2584 3134 imperaret,

62 3130 271 3218 eisque
330 3148 688 3219 tamquam
728 3133 1062 3202 ministris
1104 3145 1428 3202 uteretur.
1486 3134 1685 3202 Canis
1726 3135 1910 3202 enim
1964 3134 2093 3221 ipsi
2146 3133 2231 3201 de
2281 3155 2468 3202 more
2518 3133 2588 3199 in

66 3235 267 3290 monte
300 3223 672 3292 assidebat.
729 3222 857 3303 Qui
893 3222 1199 3308 quidem,
1236 3223 1294 3290 si
1342 3221 1623 3308 quando
1664 3222 2089 3311 Stephanum
2142 3223 2380 3293 abesse
2428 3243 2593 3290 con-

64 3307 299 3397 tigisset
322 3312 432 3400 (ut
483 3312 542 3379 si
574 3310 744 3379 forte
782 3310 1066 3396 quidam
1117 3332 1153 3378 e
1204 3310 1447 3381 vicinis
1501 3310 1856 3380 monacbis
1894 3311 1978 3379 ad
2018 3324 2335 3381 sanctum
2371 3311 2590 3378 virum

62 3399 527 3468 ventitassent:
582 3398 921 3486 siquidem
974 3399 1491 3488 quamplurima
1530 3415 1669 3469 tum
1719 3412 1913 3469 erant
1949 3400 2016 3468 in
2055 3399 2195 3470 illis
2245 3399 2596 3468 montibus

64 3489 483 3583 monasteria,
523 3510 701 3574 quae
737 3501 1098 3576 tyrannus,
1148 3489 1393 3577 partim
1429 3490 1593 3574 quia
1635 3489 2002 3559 immodico
2041 3489 2422 3558 venationis
2454 3502 2598 3557 stu·

59 3571 157 3641 dio
200 3579 580 3657 tenebatur,
652 3577 898 3665 partim
962 3578 1123 3663 quia
1162 3577 1657 3646 monachorum
1713 3591 1989 3661 vestem,
2046 3591 2120 3647 ut
2158 3600 2336 3663 quae
2384 3577 2599 3646 durae

61 3682 464 3752 asperaeque
500 3667 671 3734 vitae
700 3666 1203 3735 monimentum
1240 3688 1318 3736 ac
1355 3665 1741 3753 symbolum
1776 3680 1973 3746 esset,
2012 3691 2090 3735 ac
2125 3666 2599 3757 voluptuarios

62 3764 115 3818 et
143 3751 407 3824 deliciis
434 3755 701 3823 deditos
734 3754 1047 3824 homines
1085 3755 1395 3824 molestia
1433 3777 1718 3824 enecare
1749 3769 1997 3845 posset,
2036 3756 2299 3825 infense
2338 3756 2596 3834 oderat,

66 3860 330 3925 prorsus
400 3844 486 3911 de
536 3843 760 3912 medio
810 3844 1165 3933 sustulit),
1220 3865 1459 3913 canem
1526 3841 1727 3912 illum
1805 3845 1889 3913 de
1941 3846 2220 3914 nomine
2270 3845 2598 3924 vocabat,

61 3941 246 4015 atque
308 3933 376 4000 in
431 3932 671 4001 charta
717 3933 1066 4019 quadam,
1141 3954 1221 4001 ea
1260 3955 1437 4020 quae
1488 3955 1767 4003 necesse
1798 3946 2040 4013 erant,
2096 3935 2542 4004 conscribens
2582 3986 2597 4014 ,

61 4037 333 4114 eamque
381 4020 579 4089 canis
639 4021 815 4090 collo
887 4022 1328 4111 appendens,
1402 4023 1493 4092 ita
1557 4022 1836 4092 deinum
1898 4044 2055 4090 eum
2123 4022 2208 4091 ad
2261 4033 2605 4092 monaste-

62 4124 229 4176 num
280 4108 703 4179 descendere
745 4110 1055 4198 jubebat,
1110 4134 1189 4180 ac
1240 4111 1483 4181 litteris
1534 4111 1673 4179 illis
1721 4112 1805 4181 ad
1861 4110 2268 4201 praefectam
2324 4110 2605 4200 perlatis

65 4214 255 4279 quam
317 4199 661 4287 ocyssirne
734 4200 998 4269 reverti.
1086 4199 1203 4270 [lle
1253 4214 1477 4271 autem
1516 4256 1529 4282 ,
1599 4222 1735 4269 non
1801 4222 2001 4270 secus
2066 4212 2270 4288 atque
2340 4197 2602 4267 animal

113 4372 133 4397 ¹⁸¹
159 4374 195 4413 Ε
223 4385 390 4424 graeco
419 4378 648 4418 vocabulo
679 4368 819 4441 Ξῖρίξ,
862 4368 1065 4440 τριχὸς,
1103 4380 1305 4428 capulus,
1332 4379 1487 4418 crinis.

212 4483 455 4539 surius
487 4512 507 4523 -
549 4481 712 4542 Vitae
744 4479 845 4543 SS.
875 4514 902 4526 -
932 4481 1067 4543 Vol.
1101 4480 1203 4541 Xl.
1737 4568 1738 4571 Ἴ
2375 4474 2450 4534 45
