2993 4837
26 314 151 389 {lotl
188 316 223 377 2
649 334 731 377 na
779 332 867 378 sS.
923 332 1233 379 Actsoruo
1282 334 1354 378 ET
1403 332 1603 379 sociis
1657 335 1767 379 uu.
2315 320 2401 382 ὅθ

30 418 212 504 jussum
244 417 451 486 fuerat
493 428 573 485 ut
607 437 732 485 eos
760 415 1160 505 expelleret:
1195 416 1309 486 sed
1343 419 1596 507 egregii
1652 418 1747 486 illi
1798 419 1945 499 viri,
1986 418 2104 506 qui
2155 419 2239 487 ad
2280 419 2486 488 finem

32 527 177 591 usque
202 519 572 575 statuerant
621 506 936 575 resistere
974 518 1268 595 peccato,
1317 506 1442 575 hoc
1504 505 2024 588 nilnilsacientes,
2091 508 2490 577 maluerunt

28 598 183 681 mlius
234 596 392 663 mori
460 616 630 662 cum
699 595 984 664 Sanctis.
1043 599 1346 677 Quorum
1411 596 1880 665 constantiam
1930 618 2088 665 cum
2156 609 2490 685 tyrannus

25 705 193 752 rursus
235 682 701 762 intellexisset,
756 683 965 769 jussit
1030 704 1274 752 omnes
1344 683 1551 752 simul
1604 707 1761 753 cum
1835 687 2102 754 Sanctis
2159 684 2485 764 interfici,

25 792 130 839 suae
163 772 498 841 occidendi
568 771 888 840 homines
936 772 1335 861 cupiditatis
1387 786 1806 860 praetextum
1853 774 2201 863 accipiens
2248 797 2486 842 eorum

26 882 240 928 imorem
292 861 590 949 pietatis.
650 866 816 930 Cum
869 873 1093 929 autem
1147 862 1205 927 ei
1244 861 1751 950 suggessissent
1812 862 2094 947 quidam
2133 917 2147 941 ,
2192 885 2488 949 quorum

26 963 228 1018 fratrna
283 974 407 1019 nus
459 948 657 1019 zelus
709 951 772 1017 in
830 950 1220 1027 simulacra,
1274 952 1452 1035 quod
1508 950 1750 1020 suisset
1793 966 2070 1021 senatus
2126 974 2333 1022 causa
2372 952 2490 1020 bo-

26 1060 116 1104 um
150 1061 239 1106 ma
269 1061 491 1117 orum,
520 1038 726 1124 jubet
768 1040 1038 1107 beatum
1084 1038 1335 1107 adduci
1388 1039 1954 1128 Elpidephorum,
1997 1051 2071 1110 ut
2127 1041 2244 1128 qui
2303 1040 2488 1128 apud

25 1150 116 1193 *uin
161 1126 337 1197 ferret
370 1130 642 1215 primos
693 1128 1006 1196 honores.
1043 1127 1163 1195 Ille
1190 1139 1413 1195 autem
1451 1150 1825 1198 conversus
1863 1129 1946 1197 ad
1996 1130 2281 1199 invictos
2315 1135 2488 1196 Mar-

26 1236 155 1297 yres
202 1217 311 1303 qui
366 1217 683 1285 nondum
759 1230 952 1285 erant
999 1217 1506 1285 consummati:
1562 1241 1597 1283 «
1629 1222 1904 1305 Rogate,
1940 1217 2131 1298 dixit,
2197 1240 2316 1306 pro
2385 1238 2489 1285 me

26 1320 175 1372 ›att-es
205 1307 263 1374 in
297 1307 581 1394 spirim,
639 1304 857 1374 duces
888 1328 1076 1374 meae
1113 1305 1178 1373 in
1218 1305 1559 1374 Christum
1621 1306 1802 1386 fidei,
1845 1321 1919 1376 ut
1956 1330 2081 1397 ego
2122 1328 2396 1393 quoque
2446 1329 2485 1374 a

26 1407 171 1460 *estro
210 1408 395 1463 coetu
452 1417 590 1463 non
629 1395 1035 1463 excidam.»
1080 1394 1197 1463 Cui
1250 1395 1515 1462 Sancti:
1572 1417 1607 1460 «
1640 1400 1792 1464 Esto
1842 1396 2023 1464 bono
2070 1396 2324 1474 animo,
2385 1395 2491 1462 di-

25 1496 210 1561 1erunt,
243 1505 280 1552 o
318 1483 551 1562 frater,
611 1497 757 1552 esto
797 1483 976 1552 bono
1035 1484 1292 1561 animo,
1353 1495 1416 1551 et
1476 1505 1560 1551 ne
1609 1484 1703 1551 sis
1753 1485 1985 1553 animo
2036 1485 2305 1552 anxius.
2361 1489 2490 1552 Nos

26 1570 138 1635 >nim
183 1572 557 1659 praecedes,
602 1572 870 1661 primus
909 1570 1260 1640 sistendus
1308 1593 1536 1640 coram
1588 1572 1858 1641 coelesti
1906 1574 2211 1642 Domino.
2249 1597 2284 1637 »
2325 1578 2489 1641 Cum

26 1679 87 1723 *os
121 1680 258 1749 ergo
300 1674 477 1730 esset
528 1660 927 1749 amplexuS,
982 1660 1363 1729 ducebatur
1420 1660 1503 1728 ad
1558 1674 1969 1749 tyrannum:
2034 1684 2190 1730 eum
2254 1675 2482 1729 autem

30 1767 105 1811 res
139 1770 385 1847 quoque
418 1749 543 1818 alii
576 1750 1200 1837 consequebantur,
1249 1750 1367 1836 qui
1415 1764 1611 1818 erant
1658 1751 1964 1835 ejusdem
2008 1751 2221 1819 animi
2259 1764 2329 1819 et
2381 1751 2485 1817 in·

25 1846 189 1903 filiunt.
2041 1866 2050 1875 ·

71 1924 97 2007 ξ
134 1931 248 1996 u.
301 1932 672 2015 Tyrannus
708 1939 978 1995 antem:
1021 1949 1054 1991 «
1084 1926 1256 2008 Quid
1314 1927 1528 2005 vobis,
1573 1928 1817 2012 inquit,
1868 1928 2142 2005 accidit,
2183 1951 2221 1995 o
2271 1926 2486 2006 stulti,

26 2010 324 2082 atdeorurn
361 2015 650 2102 quidem
708 2016 994 2103 patriam
1061 2014 1492 2085 dimitteretis
1554 2015 1979 2103 religionem,
2032 2015 2493 2084 adhaereretis

25 2118 125 2195 vero
152 2101 244 2171 his
294 2104 849 2193 impostoribus?
889 2103 1013 2172 Sed
1070 2105 1200 2173 nisi
1247 2105 1381 2174 cito
1430 2105 1935 2192 resipiscentes,
1973 2104 2053 2171 ad
2104 2105 2326 2193 priora
2390 2126 2489 2171 ro-

25 2184 227 2269 dieritis,
273 2215 382 2263 vos
411 2193 714 2281 excipiet
748 2192 1036 2262 acerbus
1076 2193 1248 2262 vitae
1281 2193 1514 2262 finis.»
1566 2194 1680 2261 Cui
1742 2190 2246 2280 Elpidephorus
2282 2193 2491 2260 inter-

26 2275 183 2346 ritoet
210 2283 551 2351 constanti
591 2282 868 2350 animo:
932 2306 965 2347 «
1003 2286 1243 2351 Notum
1322 2281 1438 2350 tibi
1490 2282 1600 2362 sit,
1669 2282 1937 2367 inquit,
1999 2304 2038 2349 o
2094 2286 2252 2358 Rex,
2306 2279 2487 2366 quod

26 2362 281 2455 {iensqui
324 2393 453 2441 non
508 2383 705 2450 sunt,
754 2392 883 2440 non
951 2370 1285 2451 colimuS‚
1353 2381 1418 2439 et
1467 2383 1581 2440 tuo
1629 2370 1933 2460 dogmati
1991 2391 2487 2460 repugnamus.

25 2455 107 2520 Fac
139 2479 279 2547 ergo
328 2461 388 2529 id
438 2460 633 2548 quod
690 2460 806 2528 tibi
857 2459 1141 2528 videtur.
1183 2483 1385 2524 »—«
1421 2459 1756 2542 Quoniam
1820 2459 1945 2528 hoc
2006 2459 2192 2529 vobis
2250 2459 2490 2549 placet,

35 2545 181 2627 nquit
218 2552 600 2636 Tyrannus
642 2548 987 2635 sequendo
1023 2548 1146 2616 llos
1196 2547 1444 2638 impios
1477 2549 1780 2633 ejusdem
1818 2570 2092 2635 quoque
2129 2570 2279 2617 esse
2335 2547 2493 2615 linis

25 2635 210 2712 socios,
264 2659 465 2725 neque
529 2660 654 2706 nos
697 2659 810 2706 vos
860 2649 1079 2706 vestro
1128 2636 1619 2706 frustrabimur
1666 2636 2044 2706 desiderio:
2104 2637 2218 2706 sed
2277 2651 2491 2705 vestra

26 2721 186 2806 {abita
221 2723 407 2809 jubeo
442 2726 690 2818 gladio
724 2725 1093 2814 amputari.
1121 2749 1154 2790 »
1192 2730 1353 2794 Cum
1408 2738 1633 2794 autem
1690 2727 1917 2796 Sancti
1956 2726 2131 2796 hanc
2182 2726 2489 2794 audivis-

25 2821 131 2874 ÷ent
159 2818 569 2894 sententiam,
608 2814 897 2900 laetique
931 2828 994 2882 et
1025 2812 1406 2883 exultantes
1440 2814 1858 2884 ducerentur
1903 2815 1985 2883 ad
2028 2828 2339 2895 mortem,
2381 2836 2496 2883 eos

26 2904 828 2992 ¹tuoqueconsequennbus
879 2902 1239 2981 militibus,
1294 2904 1408 2989 qui
1453 2917 1647 2972 erant
1706 2926 1992 2973 numero
2042 2905 2315 2972 circiter
2364 2915 2495 2972 tre-

29 2984 184 3060 (tenti,
211 2993 298 3074 qui
337 3018 504 3063 cum
550 2992 811 3071 divino,
855 2991 1163 3077 inquam,
1205 2991 1557 3080 Acindyno
1607 3008 1668 3060 et
1701 2993 1850 3080 ejus
1896 2993 2099 3061 sociis
2146 2992 2313 3061 mori
2349 3015 2492 3060 ma-

34 3065 251 3165 luerunt,
280 3096 337 3151 et
383 3085 488 3152 sic
531 3082 759 3148 venire
811 3080 891 3148 ad
932 3079 1302 3161 Christum,
1355 3082 1558 3170 cujus
1614 3081 2078 3150 misericordia
2141 3094 2242 3148 est
2283 3103 2494 3170 supra

27 3170 165 3241 Uias,
208 3186 475 3240 mortem
535 3170 768 3257 gladio
817 3169 1200 3257 accipiunt,
1258 3192 1577 3258 magnam
1650 3169 1865 3237 animi
1926 3168 2344 3239 alacritatem
2396 3172 2493 3236 eis

25 3245 266 3402 {tifrerente
325 3259 728 3348 Acindyn0‚
789 3271 852 3327 et
919 3259 1295 3337 excitante,
1345 3259 1752 3344 animosque
1809 3257 2101 3327 addente
2169 3258 2252 3325 ad
2315 3280 2495 3326 mar·

37 3355 59 3416 ‚t
102 3361 240 3408 iuni.

80 3429 262 3522 3¹5.
310 3441 460 3506 Jam
518 3448 745 3504 autem
808 3434 1179 3504 interfectis
1234 3434 1570 3503 militibus
1618 3447 1683 3502 et
1736 3433 2193 3513 senatoribus,
2260 3455 2497 3518 quain-

25 3533 255 3594 Drimurn
296 3524 586 3594 accersit
632 3537 967 3612 tyrannus
1006 3526 1277 3593 beatum
1349 3523 1808 3612 Acindynum,
1875 3525 2370 3612 Pegasiuznque
2433 3532 2498 3588 et

28 3605 539 3696 luempodistuin.
587 3612 837 3680 Deinde
890 3612 1166 3700 vulpina
1226 3610 1398 3700 pelle
1448 3611 1758 3686 indutus,
1812 3611 2388 3695 clenwntiamque
2434 3624 2500 3678 et

25 3703 550 3790 mansuetudinem
597 3700 939 3769 simulans
993 3700 1545 3789 perversissime:
1589 3725 1623 3765 «
1661 3707 2005 3782 Quaenam
2041 3713 2162 3778 est,
2194 3699 2491 3776 dicebat,

26 3779 127 3849 ¹alis
158 3801 348 3858 vestra
398 3790 816 3868 constantie,
871 3803 946 3857 ut
997 3789 1169 3858 vitae
1232 3789 1609 3877 praesentis
1667 3789 1816 3857 sitis
1867 3788 2169 3878 prodigi,
2228 3800 2292 3856 et
2339 3811 2492 3856 eam

25 3884 182 3960 intorte
216 3881 694 3949 commutetis?
739 3879 953 3946 Testis
1004 3878 1091 3946 sit
1141 3877 1307 3946 mibi
1372 3878 1496 3954 sol,
1552 3878 1668 3964 qui
1719 3891 1820 3946 est
1860 3878 2221 3965 jucundus
2271 3878 2498 3944 omni-

25 3967 127 4054 ffus,
171 3968 333 4048 quod
391 3983 672 4058 propter
732 3980 1017 4035 vestram
1076 3979 1358 4034 mortem
1423 3967 1593 4034 mihi
1657 3966 2072 4035 scinduntur
2123 3966 2374 4034 viscera
2435 3978 2502 4035 et

25 4065 215 4119 tunna.
274 4059 590 4126 Misereor
637 4056 819 4126 enim
876 4068 1134 4125 vestrae
1184 4055 1421 4125 aetatis
1490 4069 1555 4123 et
1594 4055 2020 4144 juventutis,
2077 4068 2140 4121 et
2189 4056 2500 4144 corporis

32 4151 229 4222 lUOque
275 4145 807 4232 pulcritudinis,
884 4146 1086 4233 cujus
1139 4143 1237 4212 vel
1320 4144 1757 4213 misereretur
1806 4143 2016 4212 bestia
2055 4197 2070 4222 ,
2123 4143 2283 4213 etei
2343 4167 2499 4232 par-

25 4239 168 4293 reret.
218 4235 465 4303 credite
502 4257 666 4324 ergo
704 4234 895 4310 mihi,
935 4234 1052 4320 qui
1108 4232 1307 4301 vestri
1344 4254 1663 4321 magnam
1715 4254 1953 4301 curam
1998 4254 2181 4320 gero,
2239 4245 2301 4301 et
2336 4247 2500 4300 con·-

25 4309 129 4378 sulo
167 4339 325 4404 quae
370 4339 536 4394 sunt
588 4320 808 4390 utilia.
856 4322 1109 4390 Videtis
1157 4321 1381 4400 enim,
1434 4320 1784 4407 quomodo
1845 4319 2015 4390 nulli
2081 4321 2501 4410 pepercerim

28 4410 295 4488 senatori,
349 4436 472 4483 nec
549 4410 775 4480 militi.
830 4410 1038 4480 Vestri
1092 4422 1318 4478 autem
1367 4423 1645 4498 paterne
1707 4431 1946 4480 curam
2013 4430 2212 4499 gerO,
2266 4421 2331 4477 et
2387 4430 2522 4477 vos
