2993 4837
546 347 627 410 64
1210 364 1286 409 na
1335 366 1388 409 s.
1448 363 1733 410 nonaum
1781 365 1880 409 Er.
1937 362 2263 409 montaum
2713 344 2861 408 Mn.
2901 348 2927 406 :t

457 447 1086 536 superiorum,'quo
1115 447 1198 516 ad
1227 447 1756 517 aemulationem
1799 459 2256 533 provocantur
2282 468 2359 515 ex
2393 448 2639 516 visione
2665 469 2928 532 coaequa·

457 535 654 605 lium.
714 535 900 604 Unde
947 549 1173 605 actum
1224 551 1345 615 est,
1402 549 1477 606 ut
1525 536 1706 605 idem
1750 536 1863 604 Vir
1912 534 2344 604 venerandus
2392 548 2456 605 et
2491 536 2754 605 lectione
2796 536 2930 604 Scri-

460 637 842 714 pturarum,
895 647 1070 711 quae
1104 625 1237 695 sibi
1277 624 1544 715 agenda
1585 624 1824 704 forent,
1870 624 2273 705 addisceret,
2319 645 2626 713 opusque
2660 623 2930 700 lectionis,

459 726 737 801 paterna
797 713 1212 783 aemulando
1269 736 1521 803 opera,
1580 737 1737 803 pera
1791 726 1975 794 eret,
2038 713 2401 803 operisque
2456 713 2797 801 pastoralis
2838 728 2933 781 nou

457 803 689 892 segnis
736 815 1052 871 executor
1083 804 1416 882 existeret,
1472 817 1677 890 atque
1718 737 1870 872 ideo
1904 801 2109 872 officii
2144 802 2557 891 episcopalis
2593 824 2717 871 non
2755 801 2938 870 incon-

508 913 677 959 ruus
729 892 1039 960 minister
1087 890 1299 961 fieret.
1356 892 1576 980 Igitur
1638 904 1712 960 ut
1765 914 1886 960 vox
1936 890 2230 959 veridica
2260 945 2279 970 ,
2341 892 2635 961 veritatis
2683 912 2787 959 ore
2832 911 2940 977 pro·

487 992 619 1060 ata,
673 980 1175 1068 compleretur,
1231 979 1569 1050 dicentis:
1629 982 1750 1050 Ubi
1776 992 1930 1049 sunt
1993 982 2120 1049 duo
2167 983 2275 1049 vel
2324 991 2455 1048 tres
2502 981 2864 1070 conpreyati
2899 979 2940 1043 in

457 1070 720 1137 nomine
750 1092 915 1149 meo,
959 1071 1054 1137 ibi
1086 1092 1234 1138 sum
1269 1071 1336 1137 in
1370 1070 1843 1149 medio,e0rum
1871 1070 2137 1158 (Matth.
2177 1068 2403 1157 xv111):
2457 1091 2785 1137 consensu
2819 1088 2944 1133 una-

464 1157 631 1224 nimi
683 1157 1015 1237 fidelium,
1068 1158 1222 1227 talis
1271 1180 1349 1224 ac
1400 1171 1631 1227 tantus
1673 1159 1782 1226 Vir
1828 1157 2175 1237 cathedra,
2233 1170 2307 1226 ut
2339 1158 2597 1225 dictum
2632 1170 2763 1236 est,
2802 1178 2944 1245 prae·

460 1245 728 1314 sulatus
778 1247 1110 1315 Dominici
1148 1247 1376 1335 gregis
1411 1246 1744 1315 donatur:
1800 1261 1874 1315 ut
1909 1247 2026 1333 qui
2061 1259 2345 1315 eatenus
2381 1246 2509 1316 sibi
2552 1258 2800 1314 tantum
2838 1266 2946 1332 pro·

460 1333 702 1411 fuerat,
748 1349 809 1403 et
850 1336 980 1404 sub
1022 1335 1366 1404 schemate
1420 1336 1837 1424 privatorum
1884 1336 2140 1426 degens
2175 1334 2560 1415 delituerat,
2601 1331 2948 1403 candelabro

463 1423 574 1490 Dei
625 1425 820 1509 quasi
889 1423 1170 1510 quidam
1237 1423 1669 1494 clarissimus
1738 1424 2034 1513 lychnus
2087 1425 2604 1507 imponeretur,
2671 1436 2948 1509 quatenus

457 1512 610 1669 {jus
657 1511 969 1602 exemplo
1016 1514 1286 1582 cunctis
1336 1513 1403 1580 in
1455 1512 1662 1582 domo
1713 1514 1821 1582 Dei
1879 1513 2140 1603 positis,
2185 1512 2472 1583 luminis
2505 1512 2778 1582 claritas
2809 1532 2950 1600 prae·

509 1615 759 1669 eretur.
1524 1627 1530 1634 ·

550 1691 585 1774 ξ
633 1692 723 1759 3.
781 1689 1017 1758 Sciens
1086 1711 1381 1777 namque
1450 1703 1869 1759 memoratus
1915 1702 1980 1759 et
2044 1711 2242 1779 saepe
2312 1692 2798 1759 memorandus
2834 1686 2946 1755 Vir.

460 1776 666 1845 aliam
722 1777 937 1867 legem
988 1800 1134 1847 esse
1184 1778 1647 1860 subditorum,
1688 1778 2032 1865 aliamque
2076 1778 2585 1868 praelatorum:
2641 1779 2879 1847 scilicet
2908 1788 2954 1843 ut

464 1865 788 1935 subditus
820 1867 1112 1955 quisque
1142 1882 1354 1947 curet,
1399 1889 1480 1935 ne
1519 1881 1767 1956 pereat,
1808 1889 1970 1936 neve
2018 1889 2142 1936 suo
2173 1867 2484 1956 exemplo
2518 1868 2692 1936 alios
2735 1864 2954 1956 perdat·-

465 1955 809 2043 praelatus
844 1968 1067 2024 autem
1102 1978 1233 2024 non
1265 1956 1487 2025 solum
1526 1957 1835 2025 intendat
1867 1978 2053 2034 suae,
2095 1955 2209 2026 sed
2246 1970 2310 2025 et
2330 1955 2542 2044 judex
2575 1958 2932 2044 provisorqu

458 2056 749 2132 cogatur
784 2045 954 2113 vitae
1003 2044 1148 2114 fieri
1191 2044 1500 2113 alienae:
1560 2067 1691 2113 non
1742 2046 1802 2113 ei
1853 2044 2287 2114 sufficiebant
2339 2066 2415 2113 ea
2468 2067 2650 2131 quae
2689 2044 2814 2113 sibi
2842 2042 2956 2110 olim

463 2134 784 2201 sectanda
829 2146 1320 2223 proposuerat:
1377 2133 1492 2204 sed
1549 2134 1613 2201 in
1665 2134 1958 2203 arctiora
2010 2133 2293 2203 tendens
2325 2188 2339 2213 ,
2399 2156 2810 2223 magnopere
2863 2144 2957 2198 stu·

461 2221 666 2290 debat
713 2224 1155 2309 antiquorum
1213 2235 1478 2310 patrum
1533 2223 1773 2291 sectari
1844 2222 2147 2313 vestigia.
2206 2221 2395 2290 Unde
2448 2244 2578 2290 non
2643 2219 2956 2308 quemliba

462 2311 597 2379 sibi
632 2312 695 2377 in
740 2311 1198 2379 aemulatione
1237 2312 1613 2399 proposuit,
1644 2325 1762 2379 aut
1791 2311 2113 2380 virtutum
2154 2309 2579 2398 ignobilitate
2606 2310 2945 2400 degeneren

464 2413 582 2467 aut
620 2399 977 2470 inscientia
1004 2398 1382 2480 vecordem,
1415 2415 1533 2469 aut
1561 2399 1843 2469 mollitia
1870 2423 2187 2490 segnem:
2221 2400 2336 2469 sed
2369 2398 2520 2469 illos
2548 2400 2942 2490 potissimum

465 2489 584 2573 qui
624 2511 780 2556 voce
816 2489 1077 2556 Domini
1109 2489 1367 2566 audita,
1408 2489 1736 2558 dicentis:
1769 2493 1846 2559 Si
1871 2492 1972 2558 vis
2018 2492 2328 2578 >erfectus
2360 2511 2518 2568 esse,
2558 2491 2732 2559 vade
2759 2516 2779 2558 .·
2813 2483 2942 2556 vend

464 2579 690 2645 omnia
724 2599 898 2666 qnae
933 2577 1154 2656 habes,
1192 2589 1252 2646 et
1292 2579 1381 2646 da
1416 2580 1849 2668 pauperibuS,
1891 2589 1954 2647 et
2032 2579 2252 2647 abebis
2282 2578 2672 2647 thesaurum
2711 2581 2779 2648 in
2807 2577 2957 2645 coeto.

464 2677 527 2733 et
573 2667 748 2744 veni,
800 2688 1072 2755 sequere
1117 2689 1222 2735 me
1249 2667 1519 2755 (Mania.
1565 2666 1745 2754 xlx);
1799 2666 2212 2736 studuerunt
2263 2666 2433 2734 nihil
2492 2665 2844 2735 mundiale
2884 2686 2944 2758 a·

472 2765 719 2842 petere,
775 2754 917 2828 sed,
971 2754 1270 2842 explosis
1318 2756 1606 2824 terrenis
1654 2754 2175 2845 cupiditatibus,
2230 2756 2287 2823 si
2320 2754 2487 2841 quid
2528 2755 2620 2823 rei
2658 2753 2932 2824 familiar

468 2842 856 2930 superfluit,
910 2857 1323 2913 curaverunt
1371 2845 1502 2913 sub
1551 2866 1692 2913 uno
1740 2866 2128 2934 congerere,
2183 2856 2247 2912 et
2295 2844 2592 2933 singulis
2627 2866 2756 2933 pro
2793 2861 2952 2912 neces

469 2929 664 2998 sitate
712 2932 1264 3001 subministrare.
1306 2932 1494 3001 Unde
1537 2931 1789 3003 sactum
1824 2947 1947 3011 est,
1987 2947 2062 3002 ut
2094 2929 2365 3001 initiu'm
2403 2934 2553 3020 ejus
2587 2931 2961 3020 praesulatui

471 3019 722 3088 talibus
775 3021 1115 3108 tantisque
1164 3020 1600 3090 dedicaretur
1657 3022 2030 3109 auspiciis,
2104 3021 2169 3089 in
2237 3021 2493 3106 quibus
2551 3043 2683 3089 non
2752 3020 2961 3096 initium

470 3108 688 3176 bonae
740 3109 1158 3190 intentioniS,
1213 3112 1329 3179 sed
1387 3109 1706 3198 perfectio
1754 3110 2043 3199 fulgeret
2092 3111 2340 3200 operis.
2399 3110 2754 3178 Distractis
2791 3110 2961 3198 igitur

469 3197 525 3266 si
561 3219 697 3284 qua
729 3198 789 3267 ei
821 3197 1218 3287 superfuere
1260 3199 1327 3266 in
1375 3220 1444 3267 re
1482 3199 1764 3287 privata,
1807 3198 2124 3268 studebat
2155 3222 2234 3267 ea
2268 3220 2400 3267 non
2443 3200 2573 3266 sub
2603 3220 2775 3267 cavo
2815 3212 2961 3266 terrai

468 3287 723 3376 cespite
772 3286 1215 3366 abscondere,
1268 3301 1386 3355 aut
1424 3288 1736 3377 aerugini
1772 3287 2239 3357 consumenda
2284 3286 2572 3366 tradere,
2613 3285 2961 3368 furibusqm

466 3375 857 3464 diripienda
892 3375 1399 3461 derelinquere:
1437 3376 1551 3444 sed
1591 3376 1851 3444 amicos
1882 3375 2311 3467 evangelicos
2337 3375 2421 3443 de
2448 3375 2557 3444 his
2587 3376 2961 3462 conquirere

468 3466 587 3551 qui
639 3466 808 3534 sein
853 3480 1127 3534 aeterna
1173 3463 1615 3533 tabernacula
1658 3465 1955 3533 valerent
1995 3465 2317 3554 recipere.

558 3555 594 3640 ἓ
643 3558 725 3625 4.
782 3558 939 3622 Erat
989 3575 1287 3639 namque
1336 3553 1574 3641 largus
1622 3576 1781 3643 erga
1842 3553 2293 3644 indigentiam
2347 3553 2630 3642 inopum
2667 3606 2682 3632 ,
2757 3545 2961 3620 resocil

472 3641 644 3711 lator
694 3664 1104 3731 pauperum,
1158 3654 1222 3710 et
1269 3641 1656 3712 secundum
1709 3643 2130 3732 Scripturam
2186 3655 2376 3731 pater
2411 3640 2903 3730 orphanorum,
2945 3645 2961 3701 t

477 3754 596 3819 pro
645 3731 790 3798 viro
843 3730 1178 3801 matribus
1226 3752 1489 3799 eorum.
1563 3732 1923 3820 Oppressis
1981 3729 2614 3799 adminiculabatur
2646 3784 2686 3810 ,.
2735 3730 2961 3816 inopus

476 3820 953 3898 miserebatur,
994 3841 1253 3905 suaque
1296 3842 1415 3909 pro
1468 3820 1755 3888 Domino
1796 3820 2436 3907 derelinquentibus
2486 3817 2597 3908 pio
2629 3817 2878 3887 affectu
2909 3833 2961 3902 pfl

474 3908 965 3977 trocinabatur.
1020 3907 1554 3977 Tribulationem
1612 3909 2027 3997 patientibus
2078 3922 2402 3978 strenuus
2442 3905 2832 3977 consolator
2869 3902 2961 3972 adl

479 4011 600 4076 rat,
653 4010 715 4063 et
754 4019 1025 4065 carcere
1070 3997 1467 4086 praeclusis,
1527 4019 1788 4067 necnon
1839 3997 2171 4067 divalium
2231 4000 2444 4086 poena
2487 3995 2819 4074 subactiS,
2878 3993 2961 4088 eju

478 4085 772 4154 visitatio
821 4100 1023 4171 atque
1056 4085 1605 4155 subministratio
1658 4109 1789 4155 non
1843 4086 2108 4156 deerat:
2163 4086 2277 4154 sed
2330 4099 2394 4154 et
2442 4104 2881 4172 quocumque
2913 4097 2961 4166 pl

472 4174 629 4242 dem
686 4172 856 4242 ferre
906 4174 1242 4255 libuisset,
1298 4176 1367 4242 in
1420 4197 1633 4243 manu
1686 4175 1872 4244 illius
1920 4176 2345 4262 eleemosyna
2400 4172 2804 4251 desudabat,
2851 4169 2961 4255 qual

478 4284 696 4348 usque
751 4285 1008 4351 pauper
1054 4276 1463 4342 occurreret,
1504 4265 1616 4331 cui
1665 4286 1814 4332 eam
1854 4277 2200 4350 tamquam
2241 4263 2503 4332 Christo
2543 4260 2960 4350 committere}

479 4357 553 4419 Et
602 4352 762 4437 quia
808 4352 1018 4421 moris
1052 4367 1152 4420 est
1189 4352 1720 4442 proficientium,
1766 4354 2124 4441 praeterita
2159 4352 2316 4420 boni
2355 4352 2580 4440 operis
2619 4347 2960 4436 exercitial

484 4441 727 4508 mentis
775 4441 920 4508 acie
970 4440 1393 4520 subducere,
1449 4463 1586 4526 quo
1636 4441 1906 4509 acutius
1954 4441 2035 4510 ad
2085 4464 2187 4521 ea,
2242 4463 2417 4527 quae
2470 4452 2629 4508 sunt
2683 4437 2961 4508 arctiora
