2993 4837
505 282 630 347 348
1098 299 1175 343 DE
1224 298 1279 344 s.
1334 297 1684 346 eonaramo
1731 299 1830 343 m».
1885 296 2269 344 AunlANssNst
2676 280 2832 344 Nov.
2882 284 2917 345 8

422 398 496 453 ut
535 406 608 451 ea
663 382 915 452 nostris
965 381 1063 450 vel
1118 381 1519 463 mendaciis,
1575 381 1672 451 vel
1712 381 1888 450 fucis
1914 381 2324 469 amplificari
2369 394 2433 448 et
2481 381 2706 450 ornari
2736 397 2917 471 egeat,

421 473 627 558 cujus
674 484 738 540 et
774 472 959 540 testis
1006 484 1070 540 et
1103 486 1573 540 remunerator
1620 484 1721 540 est
1768 470 2076 539 Christus
2137 475 2311 540 Deus
2358 471 2478 555 qui
2529 492 2643 539 eos
2687 493 2924 539 accum-

422 563 577 629 bere
625 559 786 628 facit
836 561 902 627 in
942 580 1148 647 regno
1197 560 1411 634 Patris
1461 560 1595 638 sui,
1631 559 1845 649 gloria
1894 572 1959 628 et
1997 559 2253 628 honore
2299 558 2550 628 eximie
2582 571 2921 628 coronatos,

418 655 783 735 Postquam
836 649 935 717 vir
970 648 1080 716 Dei
1112 647 1391 717 Rhemis
1430 661 1871 717 consecratus
1898 659 2019 727 est,
2048 647 2415 717 Ambianos
2469 648 2921 736 proficiscitur:

419 737 810 806 adventanti
862 737 1028 806 urbs
1079 750 1212 804 tota
1245 737 1512 805 obviam
1569 737 1725 816 ruit,
1780 749 2137 826 exceptura
2186 750 2524 826 pastorem
2563 759 2784 807 suum.
2824 736 2924 805 Ubi

419 827 499 894 ad
575 826 751 894 beati
803 825 1009 894 Acioli
1086 826 1405 911 martyris
1481 825 1714 894 aedem
1747 881 1761 903 ,
1815 847 1990 911 quae
2038 838 2224 893 extra
2287 825 2481 894 urbis
2534 847 2761 894 muros
2802 838 2919 903 est,

420 916 748 994 accessit,
816 937 850 983 a
893 915 1208 1001 jumento
1266 914 1613 993 desiliens,
1675 936 1792 1003 per
1839 914 2289 1002 asperrimam
2346 915 2550 990 viam,
2597 928 2928 999 utrumque

343 1082 348 1087 ‚
426 1005 602 1071 latus
651 1004 799 1092 ejus
851 1002 1265 1092 stipantibus
1302 1004 1654 1072 Lamberto
1704 1017 1767 1071 et
1798 1008 2061 1071 joanne
2113 1003 2488 1091 Episcopis,
2529 1025 2698 1088 quos
2748 1025 2928 1089 supra

421 1093 741 1169 diximus,
782 1113 1002 1179 usque
1051 1090 1133 1159 ad
1191 1092 1365 1160 beati
1399 1092 1682 1159 Firmini
1741 1092 2060 1180 martyris
2109 1091 2466 1160 ecclesiam
2516 1091 2718 1159 nudis
2768 1091 2926 1179 pedi·

423 1182 575 1257 bus,
632 1181 899 1249 cunctis
949 1179 1412 1258 cernentibuS,
1472 1181 1823 1267 ingressus
1872 1194 1995 1257 est,
2050 1181 2134 1247 ab
2178 1180 2315 1247 imo
2369 1193 2636 1265 pectore
2688 1180 2925 1248 interim

424 1270 723 1358 suspiria
759 1270 1069 1337 trahens:
1113 1269 1230 1337 ubi
1265 1268 1347 1336 ad
1390 1268 1720 1357 populum
1753 1269 1881 1337 sibi
1933 1270 2381 1337 commissum
2426 1270 2764 1358 egregiam
2795 1290 2929 1337 con-

422 1359 684 1427 cionem
716 1357 980 1436 habuit,
1021 1357 1131 1426 cui
1167 1358 1538 1426 intererant
1581 1356 1779 1426 multi
1817 1357 2087 1425 litterati
2124 1358 2272 1434 viri,
2312 1380 2443 1426 non
2487 1357 2686 1447 pauci
2720 1358 2921 1430 etiam.

422 1447 538 1533 qui
577 1443 809 1535 postea'
854 1446 1195 1536 Episcopi,
1252 1445 1563 1526 Abbates,
1602 1460 1666 1514 et
1703 1447 2150 1514 ecclesiarum
2198 1459 2487 1514 rectores
2521 1446 2738 1514 effecti
2764 1462 2924 1514 sunt.

426 1536 611 1621 lique
645 1556 884 1604 omnes
932 1556 1072 1602 uno
1120 1557 1233 1603 ore
1284 1535 1728 1613 testabantur,
1775 1557 2129 1620 nunquam
2183 1557 2253 1602 se
2280 1556 2358 1603 ex
2408 1557 2776 1620 quoquam,
2818 1548 2925 1602 tam

422 1625 695 1702 divina,
761 1635 1036 1710 tamque
1110 1622 1439 1692 sublimia
1509 1636 1570 1691 et
1640 1623 1986 1691 recondita
2057 1624 2477 1713 percepisse:
2549 1625 2924 1709 veritateque

420 1712 891 1800 compellente,
949 1712 1220 1801 ajebant
1268 1733 1425 1780 eum
1471 1734 1701 1780 revera
1741 1733 1888 1780 esse
1920 1713 2136 1781 sancti
2189 1713 2473 1801 spiritus
2507 1733 2861 1801 organum.

512 1803 547 1888 ξ
598 1805 755 1871 2⁰1.
812 1799 932 1869 Ille
984 1823 1135 1869 vero
1183 1800 1499 1889 Episcopi
1545 1800 1876 1889 dignitate
1923 1813 2166 1870 auctus
2214 1813 2278 1868 et
2330 1801 2769 1875 sublimatus,
2821 1797 2926 1868 Sal-

423 1890 671 1958 vatoris
706 1889 986 1978 vestigia
1027 1888 1570 1969 consectabatur,
1624 1904 1688 1958 et
1722 1889 1876 1979 plus
1925 1889 2119 1958 factis
2151 1911 2359 1975 quam
2404 1888 2606 1958 dictis
2651 1910 2807 1957 suos
2847 1888 2925 1954 in·

422 1979 699 2047 stituere
736 1978 1110 2047 nitebatur:
1147 1979 1236 2047 ita
1285 1990 1360 2047 ut
1393 1979 1624 2058 etiam,
1670 1991 1931 2046 tacente
1975 1977 2235 2069 lingua,
2286 1979 2596 2046 moribus
2635 1991 2699 2046 et
2735 1997 2922 2046 exem·

423 2067 554 2155 plis
605 2088 719 2135 eos
765 2066 1089 2148 erudiret,
1146 2086 1296 2153 quo·
1336 2067 1610 2135 tendere
1661 2068 1808 2137 sine
1859 2068 2370 2136 intermissione
2417 2066 2762 2135 deberent.
2813 2070 2918 2133 Non

419 2169 519 2225 est
578 2155 943 2239 exaltatum
976 2178 1093 2225 cor
1140 2155 1316 2242 ejuS,
1360 2176 1578 2242 neque
1612 2154 1770 2223 elati
1806 2170 1966 2224 sunt
2000 2154 2180 2225 oculi
2216 2156 2386 2243 ejus,
2432 2177 2552 2224 nec
2587 2153 2922 2223 ambulavit

418 2245 485 2311 in
535 2245 805 2333 magnis
852 2258 916 2312 et
958 2244 1396 2313 mirabilibus
1424 2266 1633 2333 super
1663 2267 1756 2312 se.
1793 2249 1933 2313 Non
1988 2244 2086 2312 illi
2124 2245 2428 2314 studium
2467 2256 2612 2312 erat
2653 2242 2920 2312 cultioris

422 2332 698 2402 habitus
737 2347 801 2401 et
852 2334 1298 2423 pretiosarum
1340 2333 1656 2412 vestium;
1712 2333 2086 2401 monastico
2141 2333 2414 2402 cucullo
2474 2333 2756 2401 indutus
2799 2330 2916 2409 suit,

414 2422 531 2508 qui
572 2422 776 2511 pallio
813 2445 942 2491 non
992 2422 1182 2490 valde
1217 2422 1582 2492 ambitioso
1631 2424 2089 2512 operiebatur.
2145 2422 2459 2505 Quotidie
2508 2423 2592 2490 ad
2649 2441 2916 2490 mensam

420 2533 615 2580 suam
670 2511 985 2580 tredecim
1034 2533 1370 2600 pauperes
1421 2511 1684 2589 habuit,
1725 2534 1921 2597 quos,
1955 2510 2210 2580 ablutis
2251 2534 2373 2580 sua
2410 2534 2622 2580 manu
2675 2508 2919 2598 pedibus

412 2621 674 2679 eorum,
728 2601 881 2669 cibo
913 2612 1210 2687 potuque
1253 2599 1532 2689 largiter
1561 2600 1926 2676 reficiebat,
1975 2601 2207 2686 eisque
2248 2599 2547 2668 officiose
2582 2597 2911 2668 admodum

420 2688 850 2757 inserviebat.
908 2694 1158 2757 Domus
1207 2689 1378 2778 ejuS,
1436 2711 1570 2756 non
1616 2689 1956 2778 Episcopi,
2004 2689 2115 2757 sed
2173 2689 2417 2757 Christi
2468 2688 2628 2757 aula
2694 2685 2916 2755 videba-

419 2789 551 2843 tur.
609 2777 1088 2866 Orphanorum
1140 2791 1202 2846 et
1254 2778 1662 2847 miserorum
1732 2799 1978 2868 magna
2042 2777 2136 2844 illi
2197 2799 2364 2847 cura
2412 2790 2578 2856 erat,
2633 2774 2918 2865 eripiebat

416 2865 687 2952 inopem
741 2865 824 2933 de
875 2888 1085 2934 manu
1134 2865 1487 2935 fortiorum
1549 2867 1744 2955 erS,
1799 2888 2091 2957 egenum
2157 2880 2220 2934 et
2272 2888 2641 2955 pauperem
2696 2888 2733 2933 a
2783 2861 2912 2931 diri-

418 2953 737 3041 pentibus
786 2976 969 3034 eum,
1019 2968 1090 3023 ut
1142 2955 1314 3023 inter
1364 2954 1541 3024 filios
1589 2954 1831 3023 excelsi
1894 2955 2246 3023 numerari
2315 2968 2560 3044 posset.
2608 2960 2697 3023 Ea
2741 2970 2909 3024 causa

346 3107 351 3116 ‚
414 3041 613 3109 dente
671 3043 917 3110 canino
970 3066 1009 3112 a
1055 3043 1475 3130 quibusdam
1528 3043 1927 3126 rodebatur‚
2011 3065 2183 3130 quos
2235 3043 2347 3118 ille
2408 3045 2724 3113 obturata
2784 3060 2916 3109 aure

417 3131 845 3230 praeteribat,
889 3132 1356 3232 thesaurizans
1405 3132 1472 3201 in
1524 3131 1735 3213 coel0,
1790 3155 1924 3219 quo
1975 3130 2085 3200 fur
2135 3154 2266 3200 non
2317 3135 2702 3223 appropiat,
2735 3149 2912 3215 neque

415 3232 590 3287 tinea
644 3235 1047 3309 corrumplt.

504 3315 540 3389 ἓ
596 3313 752 3379 23.
808 3309 1046 3398 Accepi
1098 3332 1135 3378 a
1185 3309 1483 3396 quodam
1535 3310 1686 3398 ejus
1734 3309 2057 3378 familiari
2100 3309 2241 3378 viro
2285 3310 2837 3384 reverentissimo,
2870 3315 2915 3371 et

416 3395 481 3463 in
535 3397 739 3467 domo
791 3398 902 3466 Dei
963 3420 1171 3486 super
1230 3398 1725 3467 candelabrum
1795 3399 2056 3488 posito⁸‚
2130 3421 2287 3468 cum
2355 3400 2610 3468 aestivo
2661 3412 2912 3495 tempore

415 3506 752 3575 pauperes
801 3487 861 3555 ei
911 3487 1140 3556 cuncti
1194 3487 1537 3557 venissent
1587 3487 1882 3564 obviam,
1936 3487 2228 3556 etmulti
2271 3488 2640 3558 obstructis
2677 3484 2912 3555 naribus

412 3595 525 3642 eos
565 3575 1030 3663 praeterirent,
1084 3576 1264 3662 quod
1320 3576 1498 3644 male
1545 3575 1724 3644 olere
1761 3576 2198 3644 viderentur:
2256 3575 2451 3645 illum
2492 3578 2771 3645 miseros
2801 3591 2910 3640 am·

417 3661 756 3750 plexatum
809 3678 874 3733 et
921 3664 1386 3733 exosculatum
1420 3720 1437 3744 ,
1496 3687 1620 3732 nec
1670 3664 1889 3735 solum
1959 3664 2234 3734 blandis
2295 3666 2775 3743 sermonibus,
2822 3655 2908 3756 sed

409 3753 606 3820 etiam
664 3753 848 3841 larga
904 3753 1115 3842 stirpe
1163 3775 1399 3822 eorum
1471 3754 1773 3844 inopiam
1844 3753 2259 3822 sublevasse.
2315 3758 2501 3835 Quae
2548 3755 2673 3822 etsi
2723 3747 2910 3818 multis

411 3842 639 3996 §pavia
672 3895 689 3921 ,
754 3841 1095 3931 plerisque
1144 3841 1574 3910 intoleranda
1623 3842 2004 3922 videantur,
2060 3855 2125 3910 at
2175 3841 2290 3910 ille
2341 3855 2566 3911 tamen
2616 3841 2771 3911 adeo
2794 3836 2904 3924 jam

408 3931 427 3996 i
464 3930 546 3998 lis
595 3944 1007 4011 assueverat,
1049 3944 1121 3999 ut
1151 3931 1353 3999 etiam
1388 3930 1904 4000 delectationem
1949 3932 2007 3999 ei
2045 3931 2386 4000 afferrent.
2434 3937 2481 3999 A
2520 3951 2722 4020 puero
2756 3944 2904 3994 nam-

409 4040 562 4102 que,
620 4020 831 4088 immo
881 4020 966 4088 ab
1018 4019 1166 4109 ipso
1219 4042 1387 4106 pene
1455 4020 1692 4089 matris
1744 4034 1978 4100 uter0,
2024 4020 2275 4110 jugum
2347 4020 2590 4089 Christi
2641 4036 2822 4087 suave
2857 4021 2902 4075 et

410 4128 586 4176 onus
639 4108 776 4176 leve
827 4108 1034 4188 ferre,
1093 4108 1463 4195 multisque
1515 4109 1737 4177 modis
1787 4129 2062 4176 carnem
2115 4108 2436 4177 edomare
2484 4113 2895 4177 consueverat.

498 4199 531 4279 ξ
584 4201 737 4265 ⁶24.
791 4201 1133 4266 Venerunt
1194 4196 1609 4283 quandoque
1672 4197 1754 4266 ad
1825 4196 2025 4265 aedes
2075 4197 2224 4286 ejus
2275 4196 2473 4266 multi
2544 4193 2770 4286 leprosi
2795 4243 2825 4286 ³.
2853 4199 2900 4250 ffl

334 4315 341 4320 ·
410 4281 529 4351 ubi
589 4284 963 4372 Episcopus
1023 4298 1197 4355 esset
1250 4286 1780 4375 perquisierunt.
1835 4291 2262 4388 Responsum
2315 4299 2414 4354 est
2463 4309 2503 4354 a
2565 4283 2891 4354 ministris.

412 4388 565 4437 eum
620 4391 741 4457 pro
794 4394 977 4441 more
1028 4374 1093 4441 in
1147 4375 1324 4444 beati
1375 4375 1659 4444 Firmini
1710 4389 2032 4465 martyris
2080 4376 2246 4444 aede
2297 4375 2585 4465 precari.
2627 4371 2727 4441 Illi
2753 4381 2896 4436 ense
