2993 4837
44 312 223 378 Nov.
286 313 382 376 22
754 332 829 377 οε
879 332 934 378 s.
980 329 1265 377 caccum
1318 332 1606 377 marvan
1658 333 1729 378 ετ
1779 332 1941 378 Amls
2247 343 2266 386 ,e
2408 316 2534 380 649

42 415 503 484 Almachius:
535 436 569 480 ι(
601 415 777 498 Quid
822 416 889 483 in
926 416 1152 484 verbis
1202 415 1555 483 volvendis
1596 416 2092 485 immoramur?
2126 421 2249 485 Aut
2278 415 2414 486 diis
2464 418 2623 486 thus

40 504 274 572 offerte
312 515 386 572 et
426 503 651 572 illaesi
688 504 1012 573 recedite:
1052 517 1170 573 aut
1204 503 1379 573 male
1411 505 1578 572 estis
1604 517 1668 572 et
1694 507 1936 575 acerbe
1971 505 2375 574 morituri.»
2412 507 2622 575 Ambo

43 593 575 683 responderunt
609 605 675 661 et
721 593 1079 663 dixerunt:
1136 616 1171 658 «
1202 597 1333 662 Nos
1366 616 1502 662 non
1544 593 1702 672 diis,
1757 595 1872 662 sed
1929 599 2058 662 Deo
2106 593 2413 680 quotidie
2461 595 2622 663 offe-

40 683 264 750 rimus
333 682 788 751 sacrificia.»
837 682 1007 751 Dixit
1068 682 1489 751 Praefectus:
1548 705 1582 748 «
1615 683 1778 764 Quis
1827 695 1927 750 est
1961 688 2160 762 DeuS,
2228 683 2339 750 cui
2392 683 2622 751 dicitis

42 794 151 839 vos
187 784 518 839 vestrum
553 771 795 839 offerre
829 757 1243 840 sacrfflcium
1269 775 1299 839 ⁴?
1328 773 1606 840 »Sancti
1640 772 2142 860 responderunt
2167 784 2230 839 et
2257 771 2615 840 dixerunt:

41 883 68 922 ε
100 865 179 928 Et
213 860 390 947 quis
429 873 536 928 est
574 860 757 929 alius
786 866 958 929 Deus
995 874 1257 950 praeter
1292 860 1554 950 ipsum?
1600 865 1733 928 Cur
1765 860 1848 928 de
1892 865 2022 928 Deo
2051 881 2176 928 nos
2204 860 2621 950 interrogas?

40 952 149 1016 Est
196 949 403 1018 enim
447 948 629 1017 alius
666 954 859 1026 Deus,
904 964 1168 1040 praeter
1202 953 1468 1016 unum?
1503 971 1539 1014 »
1596 949 1766 1016 Dixit
1817 949 2204 1018 Praefectus
2245 972 2258 1016 :
2316 972 2350 1015 «
2407 954 2618 1032 Quem

42 1059 261 1106 unum
303 1059 473 1107 esse
503 1038 755 1120 dicitis,
795 1039 942 1124 ejus
977 1060 1220 1107 nomen
1255 1038 1551 1124 requiro.
1575 1059 1608 1103 »
1641 1039 1814 1106 Dixit
1839 1038 2263 1105 Valerianus:
2299 1061 2334 1103 ⁴<
2369 1040 2480 1107 Dei
2511 1060 2627 1107 no-

44 1148 194 1194 meu
228 1148 376 1194 non
416 1126 785 1206 inveneris,
816 1128 1081 1195 etiamsi
1117 1127 1338 1216 possis
1368 1127 1592 1195 volare
1623 1127 1889 1216 pennis.
1927 1150 1962 1192 »
2004 1127 2175 1196 Dixit
2203 1127 2613 1195 Praefectus:

50 1217 294 1284 «Jovis
328 1237 509 1304 ergo
546 1237 791 1284 nomen
832 1237 964 1284 non
999 1228 1107 1284 est
1136 1217 1362 1284 Deus‘?
1394 1239 1429 1280 »
1458 1216 1633 1284 Dixit
1668 1215 2110 1284 Valerianus:
2150 1239 2184 1281 «
2223 1221 2335 1284 Est
2373 1237 2617 1284 nomen

50 1307 484 1393 corruptoris
544 1318 609 1373 et
667 1305 984 1385 adulteri,
1046 1326 1248 1390 quem
1318 1304 1530 1373 fuisse
1594 1305 1969 1373 occisorem
2047 1305 2243 1373 vestri
2306 1319 2621 1373 auctores

54 1406 470 1473 memorant,
525 1406 589 1461 et
638 1405 1103 1462 accusatorem
1134 1393 1168 1426 ⁴*
1204 1405 1475 1461 nostrae
1529 1393 1900 1463 ostendunt
1951 1394 2363 1483 Scripturae.
2421 1398 2620 1462 Hunc

54 1491 113 1548 tu
171 1485 397 1550 Deum
463 1482 674 1550 miror
728 1503 1031 1568 quanam
1099 1481 1530 1570 impudentia
1589 1483 1984 1564 nominasti,
2038 1505 2196 1551 cum
2253 1487 2429 1551 Deus
2478 1482 2616 1552 dici

56 1589 175 1638 non
221 1572 479 1661 possit,
548 1571 681 1638 nisi
729 1571 849 1657 qui
898 1585 999 1640 est
1048 1569 1134 1638 ab
1191 1571 1381 1638 omni
1433 1583 1712 1659 peccato
1761 1571 2054 1650 alienus,
2101 1571 2221 1657 qui
2262 1585 2362 1640 est
2412 1573 2616 1641 etiam

55 1657 292 1744 plenus
361 1660 896 1748 omnipotentia.
955 1682 991 1745 η
1061 1659 1235 1727 Dixit
1309 1658 1747 1728 Praefectus:
1810 1684 1835 1722 ‹
1893 1665 2068 1748 Ergo
2138 1673 2319 1729 errat
2382 1661 2614 1729 omnis

59 1748 383 1828 mundus,
445 1760 512 1817 et
575 1759 648 1816 tu
702 1769 861 1816 cum
906 1760 1024 1816 tuo
1079 1746 1284 1815 fratre
1341 1753 1550 1817 Deum
1613 1770 1850 1817 verum
1890 1750 2319 1837 cognovisti?
2359 1776 2383 1811 ι
2445 1751 2620 1818 Dixit

60 1835 501 1905 Valerianus:
559 1859 594 1903 «
628 1836 1164 1906 Innumerabilis
1208 1836 1580 1906 multitudo
1614 1837 2119 1906 Christianismi
2161 1838 2428 1927 accepit
2457 1861 2620 1908 san-

62 1925 372 1994 ctitatem.
436 1930 663 1994 lmmo
720 1947 877 1994 vero
924 1947 1042 1993 vos
1096 1927 1294 2015 pauci
1360 1927 1547 2005 estiS,
1592 1927 1713 2013 qui
1778 1926 2205 1994 remansistis
2259 1941 2611 2013 tamquam

63 2013 299 2108 scissae
340 2036 379 2082 e
416 2014 785 2102 naufragio
820 2014 1113 2093 tabulae,
1154 2015 1235 2082 ad
1277 2014 1442 2082 nibil
1483 2014 1673 2083 aliud
1717 2015 2173 2104 proficienteS,
2231 2015 2382 2114 nisi¹
2415 2031 2491 2084 ut
2547 2016 2614 2082 in

72 2120 278 2188 ignem
305 2103 711 2191 jaciamini.
749 2126 785 2168 »
817 2099 923 2124 “⁸“

148 2192 376 2275 §1¹1
437 2198 632 2260 Tunc
700 2193 915 2260 iratus
974 2191 1405 2268 Praefectus,
1462 2191 1673 2279 jussit
1729 2214 1884 2260 eum
1951 2192 2140 2260 caedi
2210 2193 2444 2280 virgis.
2502 2192 2623 2260 Ille

82 2290 273 2346 autem
313 2280 716 2360 confestim,
753 2280 921 2348 dum
967 2282 1459 2359 verberaretur,
1521 2281 1736 2348 laetus
1784 2283 2004 2369 coepit
2058 2270 2325 2349 dicere’:
2384 2304 2416 2345 «
2454 2285 2622 2350 Ecre

83 2363 220 2435 hora
260 2391 480 2458 quam
524 2369 716 2438 valde
750 2369 1252 2449 desiderabam,
1316 2381 1380 2437 et
1426 2391 1583 2439 ecce
1632 2369 1778 2439 dies
1834 2370 2021 2439 omni
2071 2369 2240 2439 festo
2294 2369 2461 2439 mihi
2505 2369 2621 2457 ju-

73 2458 369 2529 cundior.
409 2484 451 2526 »
487 2464 656 2528 Dum
687 2460 928 2529 beatus
963 2460 1458 2537 verberaretur,
1496 2481 1739 2548 praeco
1776 2481 2028 2549 magna
2066 2481 2224 2527 voce
2246 2459 2616 2527 clamabat:

72 2566 100 2606 «
130 2547 285 2615 Deos
315 2563 382 2617 et
418 2548 589 2616 deas
624 2549 761 2617 noli
809 2547 1191 2616 maledictis
1225 2549 1590 2617 incessere.
1627 2573 1661 2613 »
1714 2547 1835 2633 Ille
1870 2561 2096 2616 autem
2151 2548 2234 2615 ad
2278 2549 2611 2637 populum

70 2630 401 2707 clamabat
438 2637 719 2706 dicens:
776 2659 809 2701 «
847 2638 977 2705 Viri
1029 2638 1210 2705 cives
1251 2642 1745 2715 Romanorum,
1798 2637 2037 2709 videte.
2089 2658 2170 2704 ne
2221 2636 2386 2705 baec
2423 2637 2620 2725 plaga

71 2739 173 2788 vos
205 2745 241 2791 a
275 2727 563 2795 veritate
598 2737 875 2805 avertat,
917 2726 1033 2793 sed
1078 2739 1246 2795 state
1278 2725 1563 2804 fortiter,
1604 2741 1666 2794 et
1699 2726 1862 2794 deos
1899 2724 2210 2815 lapideos
2236 2739 2299 2794 et
2332 2724 2617 2814 ligneos,

69 2828 224 2891 quos
264 2815 433 2884 colit
472 2814 868 2883 Almachius
902 2814 1309 2892 Praefectus,
1347 2815 1417 2881 in
1451 2815 1708 2883 calcem
1755 2815 2144 2882 convertite.
2187 2820 2349 2883 Nam
2386 2835 2625 2882 omnes

70 2899 173 2996 qui
205 2922 318 2971 eos
366 2903 633 2983 colunt,
699 2917 902 2971 erunt
949 2905 1017 2971 in
1076 2903 1441 2972 afflictione
1494 2918 1558 2970 et
1600 2903 1944 2993 supplicio
2004 2917 2372 2972 aeterno.»
2425 2908 2617 2971 Tunc

70 3003 372 3068 quicum
449 2991 788 3061 Praefecto
851 2992 1253 3060 considebat
1301 2992 1742 3077 Tarquinius,
1796 2992 1914 3077 qui
1977 2992 2180 3059 etiam
2236 2993 2465 3060 dictus
2516 3005 2622 3059 est

74 3075 327 3172 Laccas,
372 3080 715 3150 Praefecto
748 3080 917 3148 dicit
952 3082 1019 3148 in
1063 3093 1355 3150 secreto:
1412 3103 1447 3145 «
1478 3068 1805 3149 Inv’enisti
1842 3080 2298 3159 occasionem,
2336 3080 2618 3149 domine

76 3179 195 3257 {¹¹¹3
242 3169 403 3238 tolle
454 3191 568 3239 eos
603 3170 1121 3259 quamprimum
1160 3192 1198 3238 a
1233 3183 1429 3238 terra.
1480 3175 1645 3239 Nam
1701 3170 1756 3239 si
1820 3169 2213 3247 tardaveri3‚
2266 3182 2330 3237 et
2381 3168 2464 3235 de
2513 3168 2627 3236 die

77 3268 136 3316 ln
168 3253 348 3325 diem
390 3261 703 3339 traxeris,
772 3280 1012 3328 omnes
1066 3280 1227 3326 suas
1285 3258 1642 3327 facultates
1701 3257 2118 3327 distribuent
2169 3257 2618 3347 pauperibuS,

76 3349 131 3436 et
158 3344 254 3411 eis
287 3348 639 3436 supplicio
682 3348 965 3427 affectiS,
1002 3358 1073 3415 tu
1110 3346 1282 3416 nibil
1322 3348 1652 3416 invenies.
1698 3370 1732 3413 »
1785 3353 1973 3415 Tunc
2025 3346 2413 3414 Praefectus
2461 3367 2619 3414 cum

74 3444 125 3491 el
161 3430 528 3528 placuisset
558 3436 751 3505 illius
801 3436 1199 3516 consilium,
1249 3436 1457 3523 jussit
1494 3436 1877 3515 lictoribus,
1919 3448 1993 3504 ut
2023 3458 2138 3504 eos
2172 3435 2618 3511 abducerent,

78 3513 182 3584 ubi
216 3536 358 3591 erat
388 3525 579 3594 Jovis
628 3538 877 3604 statua,
919 3538 983 3593 et
1015 3524 1249 3613 jussit,
1294 3538 1365 3594 ut
1411 3526 1540 3593 nisi
1571 3526 1777 3594 ambo
1826 3524 2075 3594 vellent
2115 3524 2405 3614 imagini
2435 3524 2624 3592 Jovis

79 3609 498 3695 sacrificare,
556 3614 765 3683 simul
818 3614 1130 3682 subirent
1179 3638 1259 3682 su
1320 3612 1604 3704 plicium
1669 3613 1941 3701 capitis.
1998 3620 2185 3681 Tunc
2252 3612 2620 3681 venerandi

81 3702 135 3757 et
170 3696 443 3781 gloriosi
481 3703 728 3771 Christi
766 3708 1117 3786 Martyres,
1172 3707 1263 3771 Va
1296 3704 1576 3772 erianus
1606 3716 1670 3771 et
1712 3703 2088 3781 TiburtiuS,
2143 3701 2424 3770 abducti
2463 3715 2625 3769 sunt
2687 3726 2690 3729 ’

78 3795 108 3841 ὃ
146 3784 430 3881 Maximo
471 3790 793 3861 Praefecti
824 3791 1262 3861 cubiculario
1314 3792 1382 3860 in
1428 3791 1681 3870 locum,
1731 3791 1849 3876 qui
1888 3791 2146 3859 dicitur
2192 3795 2439 3880 Pagus,
2495 3792 2624 3872 Qui

80 3871 340 3947 quidem
408 3881 740 3949 Maximus
799 3882 1022 3970 coepit
1080 3901 1195 3949 eos
1245 3880 1495 3949 deflere
1533 3934 1550 3959 ,
1609 3892 1671 3947 et
1721 3879 1948 3947 dicere
1993 3903 2006 3946 :
2063 3903 2097 3945 «
2131 3883 2183 3947 Ο
2221 3880 2511 3968 pretiosa
2561 3892 2626 3945 et

84 3951 315 4032 florens
376 3969 751 4056 juventusl
806 3973 857 4037 Ο
908 3968 1264 4037 vinculum
1312 3990 1606 4057 magnae
1670 3969 2156 4037 fraternitatis!
2212 3972 2263 4036 Ο
2314 3989 2435 4058 par
2468 3967 2624 4055 pul-

83 4041 481 4123 cherrimum
533 4070 597 4125 et
660 4061 1102 4147 generosum!
1158 4063 1292 4125 Cur
1340 4078 1456 4126 vos
1522 4058 1592 4125 in
1636 4058 1896 4126 malum
1961 4071 2026 4126 et
2076 4058 2367 4145 impium
2414 4055 2620 4121 tinem

85 4131 359 4234 volentes
408 4167 520 4214 vos
556 4146 744 4236 ipsos
788 4145 1143 4235 projicere,
1193 4157 1258 4213 et
1292 4144 1374 4213 ad
1415 4147 1793 4215 maximum
1838 4146 2118 4214 tendere
2168 4146 2479 4221 exitium,
2531 4142 2624 4210 ita

88 4214 399 4300 festinatis
457 4246 809 4320 tamquam
866 4237 985 4321 qui
1057 4234 1139 4303 ad
1212 4233 1561 4313 laetitiam,
1633 4247 1697 4303 et
1759 4235 2199 4325 magnificam
2251 4245 2314 4301 et
2367 4231 2622 4299 lautam

95 4323 348 4385 eOenam
403 4323 785 4392 vocemini?
840 4346 874 4385 »
932 4328 1120 4390 Tunc
1182 4322 1352 4391 dixit
1410 4323 1805 4392 Tiburtius:
1880 4346 1913 4387 «
1976 4328 2105 4391 Nos
2164 4321 2216 4389 si
2280 4340 2410 4387 non
2474 4339 2623 4386 vere

145 4432 166 4457 *
194 4444 203 4467 ⁴
226 4442 485 4491 r‘mfnovum,
504 4449 681 4489 habent
706 4449 872 4487 Latini.
