2993 4837
518 323 645 386 720
1146 339 1222 383 na
1272 339 1327 384 s.
1381 335 1706 385 sraramo
1755 338 2023 386 sumone
2072 340 2264 386 mar.
2529 358 2540 388 .·
2646 322 2796 386 Not.
2833 323 2892 386 228

431 424 642 513 igitur
694 421 1047 491 confestim
1090 421 1479 504 admissu5,·
1524 423 1610 491 ad
1662 424 1884 513 ipsius
1978 446 2158 492 enua
2209 446 2280 492 se
2339 424 2596 510 abjicit,
2654 439 2833 508 atque,
2871 453 2898 492 υ

431 517 606 581 Deus
637 511 856 580 bonel
910 525 1168 597 quanta
1223 534 1380 580 cum
1427 511 1896 582 simulationis
1932 447 2122 582 §arva
2182 514 2502 602 impurus
2551 512 2661 581 ille
2709 528 2760 578 et
2793 534 2896 580 exe-

428 600 731 669 crandus
757 600 1087 668 usitatum
1126 598 1326 683 illud,
1367 601 1667 681 Benedic,
1704 607 1906 671 Pater
1927 624 2206 682 summe,
2239 603 2637 683 venerande,
2677 623 2898 688 pronun·

429 688 670 759 ciavitl
725 693 1171 775 Posteaquam
1237 701 1466 758 autem
1530 703 1813 759 sanctus
1875 690 1978 759 vir
2039 691 2174 780 ipsi
2228 690 2402 759 bene
2469 705 2764 781 precatus
2794 707 2890 758 est.

426 779 800 867 ipsumque
847 798 1053 847 exsur
1102 798 1213 845 ere
1256 778 1489 865 jussit,
1553 790 1704 854 tum
1751 780 1838 847 ab
1893 778 2347 858 indumentis,
2406 793 2551 848 tum
2603 802 2643 848 a
2687 778 2814 847 facie
2844 800 2899 844 ac

429 867 626 955 genis
678 887 959 954 prorsus
1012 889 1048 934 a
1108 865 1278 935 rasis
1326 887 1483 935 eum
1538 868 1834 956 agnovit.
1894 868 2245 954 Siquidem
2288 890 2484 937 eraso
2536 882 2751 936 mento
2790 883 2902 934 erat.

428 960 593 1024 Nam
640 955 706 1023 id
737 954 1063 1024 omnibus
1093 968 1427 1043 tyrannus
1454 955 1778 1037 edixerat,
1819 956 1888 1024 in
1926 957 2053 1025 hoc
2092 957 2424 1025 nimirum
2463 962 2595 1026 Deo
2628 956 2910 1024 adversam

431 1043 650 1132 legem
687 1045 1030 1120 sanciens,
1066 1044 1151 1112 ad
1196 1049 1444 1113 Mosem
1479 1044 1791 1114 videlicet
1821 1044 2099 1122 dicenti,
2148 1051 2452 1131 Loquere
2485 1047 2572 1115 ad
2620 1044 2907 1146 populum.

431 1155 510 1201 ac
560 1132 848 1222 prohibe
898 1153 981 1201 ne
1041 1132 1327 1202 barbam
1388 1134 1454 1201 in
1512 1133 1888 1202 rotundum
1952 1133 2169 1213 radat,
2221 1149 2342 1203 aut
2402 1157 2554 1203 eam
2620 1132 2906 1223 implexas

430 1235 622 1311 gerat
669 1222 905 1310 (Levz't.
961 1220 1115 1308 x1x).
1178 1221 1438 1289 Etenim
1494 1234 1572 1290 ut
1621 1222 1690 1290 in
1732 1222 1887 1292 aliis
1930 1223 2259 1308 omnibus
2309 1224 2545 1304 rebuS,
2601 1224 2698 1292 sic
2735 1224 2794 1290 in
2835 1223 2908 1288 lta&

429 1332 704 1397 quoque
746 1311 874 1398 ipsi
917 1310 1262 1378 adversari
1293 1311 1770 1381 contendebat.
1824 1316 2038 1398 Atque
2085 1312 2414 1382 omnibus
2453 1326 2591 1381 tam
2616 1310 2910 1400 juvenibus

432 1421 639 1486 quam
679 1400 964 1468 senibus
996 1399 1280 1467 barbam
1317 1398 1401 1467 ad
1445 1401 1658 1469 cutim
1701 1421 1921 1487 usque
1965 1400 2203 1469 radere
2246 1415 2725 1491 praeceperat:
2760 1412 2821 1468 ut
2843 1397 2906 1481 qui

429 1501 966 1575 eOS,·tamquam
1012 1487 1271 1558 salaces
1304 1509 1541 1574 equ05‚
1595 1487 1681 1556 ad
1733 1490 1904 1557 bene
1956 1511 2229 1578 semper
2275 1490 2664 1558 curandam
2712 1488 2876 1558 cutim

433 1589 635 1662 atque
674 1576 756 1644 ad
798 1576 1116 1647 lasciviae
1165 1576 1471 1645 studium
1526 1577 1979 1647 extimularet.
2030 1583 2197 1647 Cum
2247 1579 2462 1669 igitur
2496 1579 2664 1648 hinc
2701 1600 2835 1648 eum
2869 1596 2910 1638 «Ἴ

436 1667 876 1753 Imperatoris
908 1664 1128 1735 classe
1154 1687 1301 1734 esse
1323 1666 1749 1752 conjecisset,
1785 1669 2363 1754 percunctabatur
2389 1691 2472 1737 ex
2495 1689 2602 1746 eo,
2641 1665 2910 1737 undenam

434 1767 656 1834 esset,
709 1767 773 1821 et
826 1776 964 1840 quo
1016 1766 1344 1842 pergeret.
1403 1754 1524 1823 Ille
1571 1767 1798 1823 autem
1834 1810 1848 1836 ,
1901 1756 2067 1841 quin
2121 1778 2200 1825 ex
2257 1757 2650 1826 aulicorum
2702 1775 2908 1824 numer:
2953 1783 2954 1788 κ

435 1857 635 1922 esset,
671 1843 955 1911 minime
997 1843 1266 1912 inficias
1302 1844 1473 1922 ibat;
1506 1856 1937 1924 «caeterum,
1969 1845 2214 1930 inquit,
2257 1845 2424 1913 dum
2463 1843 2910 1936 flagitiosissim:
2953 1897 2954 1908 ,

437 1932 877 2021 Imperatoris
915 1933 1348 2008 sententiam,
1387 1944 1450 2000 et
1487 1954 1614 2020 ego
1647 1945 1711 2001 et
1750 1932 1915 2001 socii
1957 1934 2088 2001 mei
2129 1935 2513 2021 sequimur,
2557 1957 2724 2024 pene
2762 1934 2817 2000 in
2846 1934 2912 1994 Ju-

437 2020 782 2088 daismum
839 2021 1244 2109 praecipites
1283 2020 1549 2109 abrepti
1590 2043 1856 2096 sumus,
1913 2035 2118 2108 atque
2159 2023 2224 2090 in
2272 2023 2519 2112 ingens
2558 2024 2813 2092 animae
2852 2039 2911 2104 pff·

439 2108 733 2177 riculum
771 2110 916 2197 jam
963 2109 1359 2178 incidimus.
1414 2115 1553 2198 Ego
1594 2132 1749 2179 vero
1791 2132 1927 2196 quo
1969 2111 2035 2178 in
2095 2111 2273 2179 malo
2310 2134 2662 2190 versarer,
2714 2107 2910 2179 tandem

437 2197 812 2284 aliquando
850 2199 1371 2286 persentiscens,
1427 2198 1512 2266 ad
1567 2212 1722 2267 tuae
1757 2199 2139 2268 sanctitatis
2182 2200 2412 2289 pedes,
2453 2214 2530 2270 ut
2578 2200 2775 2277 videS,
2814 2216 2911 2284 pro·

437 2300 755 2375 peranter
789 2287 963 2366 veni,
1008 2300 1083 2356 ut
1114 2286 1507 2374 angelicum
1539 2288 1724 2355 hunc
1749 2287 2088 2368 habitum,
2127 2290 2330 2378 cujus
2357 2289 2700 2359 desiderio
2729 2302 2912 2356 teneor.

437 2398 473 2444 a
513 2389 573 2445 te
604 2375 972 2445 obtineam.
1016 2377 1350 2458 Quocirca
1384 2397 1468 2444 ne
1502 2397 1629 2456 me,
1667 2398 1946 2464 quaes0‚
1987 2376 2295 2463 abjicia5‚
2337 2378 2731 2449 honorande
2754 2381 2910 2444 Pater.

438 2487 587 2541 nec,
629 2467 893 2534 tametsi
929 2465 1322 2554 indignum,
1359 2488 1397 2533 a
1426 2465 1776 2553 praeclara
1823 2466 1947 2535 hac
1987 2467 2319 2555 spelunca
2357 2467 2912 2538 removeasss'sum

441 2553 555 2622 ille
608 2555 868 2623 nomini
920 2576 1045 2623 suo
1096 2554 1519 2643 respondens
1571 2555 2001 2642 Stephanus:
2059 2578 2094 2620 «
2133 2561 2446 2643 Nequeo,
2519 2558 2766 2644 inquit,
2808 2549 2908 2619 fili.

439 2642 840 2730 hujusmodi
874 2665 1012 2711 rem
1043 2642 1323 2733 aggredi
1357 2665 1371 2710 :
1412 2665 1493 2710 ne
1524 2642 1692 2729 quid
1728 2644 1897 2712 mihi
1935 2644 2222 2732 periculi
2254 2668 2292 2713 a
2328 2659 2627 2735 tyranno
2657 2654 2908 2713 creetur.»

441 2730 562 2800 Ille
615 2746 841 2800 autem
904 2732 1130 2801 statim
1188 2732 1592 2819 figmentum
1651 2755 1854 2802 suum
1892 2754 1971 2800 ac
2014 2733 2532 2805 simulationem
2589 2735 2903 2820 adaugens.

440 2833 641 2905 atquc
694 2820 755 2887 id
792 2821 981 2888 omni
1033 2820 1261 2889 studio
1306 2820 1753 2901 contendens,
1791 2834 1866 2890 ut
1909 2820 2214 2891 fabulam
2251 2845 2431 2901 eam,
2471 2846 2675 2910 quam
2715 2818 2904 2908 ageba!-

439 2930 575 2993 quo
608 2908 692 2976 ad
742 2908 892 2997 ejus
937 2909 1083 2977 fieri
1129 2923 1375 2997 posset,
1424 2910 1511 2978 ab
1553 2910 1742 2977 omni
1801 2932 1920 2980 sus
1978 2911 2196 2979 icione
2231 2913 2631 2989 vindicaret,
2671 2933 2743 2979 ac
2785 2922 2903 2997 prae·
2951 2946 2952 2959 κ

442 3008 623 3065 terea
671 3019 808 3083 quo
865 3011 1180 3067 sanctum
1234 2999 1457 3067 virum
1510 2997 1594 3065 ad
1653 3000 1714 3066 id
1762 3021 1898 3085 quo
1988 3001 2343 3088 expetebat
2391 3002 2730 3070 alliceret:
2774 3021 2802 3059 s
2832 2999 2905 3083 3³?

443 3085 721 3162 tionem,
779 3087 1025 3172 inquit,
1076 3092 1206 3155 Deo
1244 3109 1364 3177 pro
1404 3085 1639 3156 anima
1694 3110 1843 3155 mea
1876 3087 2141 3169 reddes,
2190 3090 2324 3159 nisi
2371 3113 2480 3158 me
2520 3089 2816 3159 hodierno
2843 3080 2904 3174 dte

445 3175 591 3243 sine
641 3174 781 3243 ulla
829 3177 1266 3245 cunctatione
1305 3175 1670 3245 detonsum
1717 3176 1784 3243 in
1844 3178 2339 3247 monachorum
2380 3178 2687 3248 ordinem
2724 3173 2904 3264 adsert-

444 3263 588 3332 bas.
646 3264 822 3332 Nihil
867 3266 1050 3333 enim
1104 3264 1271 3332 mihi
1315 3264 1574 3351 alioqui
1617 3278 1951 3353 superest,
1998 3288 2208 3351 quam
2251 3270 2589 3338 utstatim
2626 3267 2701 3335 ad
2738 3260 2906 3351 priam-⁴

444 3353 616 3420 vitae
668 3354 1053 3422 institutum
1111 3367 1424 3422 revortar.
1463 3376 1500 3418 »
1559 3358 1635 3421 At
1682 3354 2114 3423 venerandus
2163 3355 2276 3424 ille
2333 3357 2437 3425 vir
2496 3357 2619 3425 hoc
2680 3362 2906 3424 sermoni

368 3512 375 3522 ‚
444 3457 830 3509 commotus
875 3442 1104 3531 (norat
1138 3443 1320 3509 enim
1356 3443 1588 3510 omnia
1644 3464 1764 3531 pro
1818 3441 2032 3511 nihilo
2079 3443 2355 3525 ducere,
2395 3469 2556 3515 cum
2603 3444 2680 3512 de
2717 3439 2904 3510 anim&

445 3530 661 3597 salute
695 3532 804 3617 agi
847 3531 1334 3618 existimaret):
1389 3553 1425 3596 «
1460 3532 1745 3599 Etiamsi
1787 3531 2175 3621 peric-ulum
2213 3535 2283 3602 in
2317 3534 2446 3603 hac
2496 3556 2567 3602 re
2615 3533 2787 3601 situm
2824 3534 2902 3590 θεῖ·

448 3619 695 3703 inquit,
755 3634 978 3687 tamen
1016 3620 1179 3706 quia
1221 3632 1281 3687 te
1323 3619 1592 3689 sincero
1623 3621 1841 3689 animi
1880 3620 2131 3692 affectu
2163 3624 2537 3694 accessisse
2575 3618 2789 3692 dixisti,
2818 3628 2904 3680 non

446 3708 919 3789 committam,
970 3721 1045 3777 ut
1097 3721 1335 3778 contra
1379 3709 1810 3778 Dominicum
1864 3722 2306 3800 praeceptum
2359 3724 2422 3782 te
2473 3711 2647 3782 foras
2688 3704 2901 3794 ejiciam-

445 3800 795 3865 Caeterum
865 3809 1119 3866 attento
1171 3797 1405 3866 animo
1466 3798 1563 3866 sis
1621 3811 1929 3888 oportet,
1991 3812 2366 3888 pectusque
2421 3815 2612 3870 tuum
2666 3796 2903 3867 adversus

445 3906 716 3953 omnem
772 3907 1174 3955 aerumnam
1230 3886 1698 3975 praemunias,
1755 3887 1864 3956 Sic
1908 3888 2095 3956 enim
2163 3912 2327 3959 suos
2383 3890 2697 3959 Dominus
2742 3876 2900 3979 etplo·

449 3995 597 4042 rare
647 3974 836 4043 solet.
896 3997 931 4040 »
994 3979 1134 4043 Hoc
1187 3997 1506 4044 sermone
1557 3976 1789 4045 habito
1821 4030 1837 4057 ,
1911 3976 2340 4047 mundanam
2408 3991 2647 4048 vestem
2692 3975 2790 4074 ips!
2821 3964 2898 4063 ⁸dbL
2949 4036 2950 4059 ἶ

448 4063 701 4143 trahit,
756 4076 961 4149 atque
1008 4063 1439 4133 obedientiae
1486 4066 1892 4135 vestimento
1941 4087 2102 4135 eum
2152 4067 2404 4137 induit.
2459 4074 2656 4153 Atque
2707 4075 2777 4129 tta
2817 4072 2896 4120 tm·
2949 4068 2950 4077 ’

452 4164 683 4239 postor
734 4152 848 4221 ille
896 4152 978 4220 ad
1035 4153 1305 4221 tertium
1360 4175 1582 4240 usque
1629 4153 1811 4222 diem
1867 4155 2192 4244 perstitit,
2250 4179 2383 4225 non
2439 4171 2567 4226 tam
2616 4148 2887 4236 decipiens.

447 4261 652 4326 quam
709 4242 997 4396 ipsemet
1043 4263 1081 4310 a
1136 4241 1492 4323 daemone,
1549 4244 1670 4330 qui
1718 4265 1878 4312 eum
1920 4242 2006 4312 ad
2053 4244 2454 4333 hujusmodi
2505 4244 2738 4314 facinus
2773 4232 2890 4301 abn-

450 4342 690 4413 puerat
769 4342 1069 4418 eceptuS.

538 4417 574 4498 ξ
617 4423 777 4487 ⁶28.
833 4423 960 4487 Nec
996 4439 1152 4487 vero
1187 4418 1560 4489 subdolum
1600 4434 1971 4509 tyrannum
2024 4421 2152 4492 hoc
2189 4421 2409 4514 fugin
2450 4440 2658 4493 verum
2695 4406 2881 4482 interim
