2993 4837
515 308 642 381 {300
1043 334 1121 380 nn
1170 334 1262 381 ss.
1316 332 1703 381 camenctum
1751 334 1826 380 Er
1872 331 2177 380 musi-Emi
2224 334 2339 380 nu.
2687 316 2844 382 NOV.
2884 321 2916 381 5

422 424 603 501 Quae
636 441 792 487 cum
829 418 1254 487 audivissent
1300 439 1490 486 acres
1542 418 1836 487 ministri
1877 417 2271 506 impietatiS,
2303 439 2341 485 e
2394 419 2612 487 media
2666 420 2760 487 via
2787 432 2918 488 sunt

424 508 696 589 reversi,
735 521 799 575 et
845 507 1409 596 comprehensam
1466 505 1706 574 iisdem
1743 506 2180 575 circumdant
2231 506 2548 585 vinculis,
2587 530 2740 576 cum
2773 507 2914 576 nihil

422 595 609 665 aliud
668 595 1030 674 dixissent,
1088 595 1206 664 sed
1265 594 1459 663 valde
1508 594 1735 663 laetati
1783 609 2009 664 essent
2077 595 2159 664 ad
2214 596 2436 685 ipsam
2490 597 2918 683 interrogatio·

425 707 605 754 nem.
660 683 1006 754 Galaction
1052 706 1207 752 vero
1256 704 1340 751 ne
1373 684 1471 752 sic
1507 683 1783 769 quidem
1827 684 2132 764 affectuS‚
2188 706 2228 752 a
2275 684 2530 753 divinis
2574 685 2918 754 abstinebat

420 773 1048 842 admonitionibus:
1103 772 1241 845 sed.
1275 785 1340 840 et
1379 771 1810 872 ingrediens,
1863 784 1929 842 et
1979 771 2454 842 circumdatus
2519 771 2820 849 vinculis,
2864 794 2944 857 ea,

422 863 628 931 dabat
674 883 850 949 quae
901 883 1024 951 par
1069 873 1234 941 erat,
1292 874 1585 930 monita:
1640 884 1675 926 «
1711 866 1802 930 Ne
1851 872 1913 929 te
1943 915 1958 941 ,
2013 861 2252 929 dicens
2283 916 2297 941 ,
2351 884 2391 931 o
2439 883 2646 942 uxor,
2725 860 2944 939 fraude,

424 951 967 1019 circumveniant
1008 948 1297 1030 inimici,
1333 963 1451 1018 aut
1484 951 1716 1039 gravia
1752 949 1833 1018 ad
1871 963 2199 1019 terrorem
2252 950 2690 1029 intentanteS,
2730 950 2921 1018 antiis

423 1061 598 1126 quae
631 1052 793 1107 sunt
827 1038 1067 1107 mundi
1119 1038 1481 1106 incitantes
1530 1037 1613 1106 ad
1660 1039 2153 1127 impietatem.»
2198 1039 2476 1108 Interim
2527 1051 2754 1107 autem
2788 1037 2917 1105 dum

425 1129 592 1197 haec
623 1127 1034 1207 dicerentur,
1089 1127 1269 1196 venit
1316 1125 1598 1213 quidam
1643 1126 2062 1207 festinanter,
2103 1141 2168 1196 et
2220 1127 2412 1195 vultu
2473 1149 2800 1218 magnum
2849 1142 2922 1193 tu—

428 1217 718 1285 multum
761 1215 1202 1303 significans,
1251 1216 1319 1282 in
1368 1216 1746 1285 crastinum
1797 1215 1977 1284 diem
2028 1237 2177 1285 esse
2229 1228 2640 1285 reservatam
2693 1228 2924 1284 sancto-

423 1327 576 1375 rum
609 1305 1205 1383 examinationem,
1241 1325 1397 1371 cum
1435 1304 1525 1373 ita
1558 1305 1645 1372 sit
1684 1304 1905 1373 visum
1950 1304 2274 1373 Praesidi.
2316 1309 2511 1373 Mane
2553 1324 2717 1395 ergo
2747 1303 2923 1373 «ludex

420 1396 618 1480 jubet
663 1415 778 1461 eos
831 1392 1080 1462 adduci
1143 1394 1206 1460 in
1259 1391 1513 1474 locum,
1561 1393 1626 1459 in
1664 1414 1868 1479 quem
1914 1414 2060 1460 mos
2115 1406 2217 1462 est
2271 1392 2526 1462 adduci
2583 1414 2732 1462 reos
2776 1391 2922 1481 judi·

426 1482 703 1552 candos

514 1573 549 1657 ξ
597 1576 745 1643 16.
803 1576 965 1639 Cum
1029 1570 1074 1636 ii
1128 1583 1353 1637 autem
1401 1590 1650 1658 magno
1700 1569 1926 1639 studio
1979 1570 2291 1658 producti
2349 1582 2633 1649 essent,
2699 1575 2924 1638 Praescs

428 1660 652 1728 statim
705 1680 838 1728 non
881 1658 964 1727 de
1002 1656 1298 1738 fortuna,
1338 1678 1470 1725 non
1517 1658 1600 1727 de
1651 1681 1728 1727 ea
1759 1680 1934 1745 quae
1971 1659 2154 1749 ipsos
2206 1658 2357 1727 tulit
2408 1660 2658 1747 patria,
2709 1679 2825 1728 non
2867 1653 2922 1722 de

428 1748 658 1835 aliquo
712 1748 846 1816 alio
896 1769 973 1816 ex
1024 1746 1106 1815 iis
1166 1767 1342 1833 quae
1388 1759 1938 1816 consueverunt:
2018 1768 2238 1834 neque
2294 1748 2587 1817 accessit
2638 1747 2719 1816 ad
2773 1745 2922 1813 verba

427 1858 604 1923 quae
656 1850 940 1926 possunt
998 1835 1449 1936 persuadere;
1504 1835 1620 1903 sed
1687 1849 1868 1905 torve
1914 1848 1978 1905 et
2030 1836 2386 1905 minaciter
2436 1838 2722 1907 intuens
2778 1833 2922 1905 Gala·

428 1926 768 1994 ctionem:
830 1950 853 1984 α
890 1929 1056 2006 Quis
1104 1924 1215 1992 hic
1262 1937 1363 1992 est
1403 1925 1616 1994 tristis
1669 1938 1733 1994 et
1788 1924 2294 2014 cogitabundus
2344 1926 2599 2014 (nimia
2658 1926 2749 1993 ira
2798 1922 2920 1991 dixit

429 2013 804 2102 incitatus),
840 2026 903 2081 et
928 2014 1204 2082 cuinam
1243 2011 1360 2080 alii
1395 2012 1708 2081 divinum
1743 2014 2004 2083 cultum
2042 2014 2374 2093 tribuenS,
2418 2013 2590 2084 deos
2618 2012 2918 2103 negligus

429 2102 776 2173 Galaction
829 2115 1054 2171 autem
1098 2101 1265 2169 nihil
1319 2101 1722 2180 formidans,
1781 2123 1997 2189 neque
2038 2102 2358 2173 de.solita
2397 2102 2770 2189 quicquam
2818 2121 2918 2166 niu·

430 2204 583 2260 tans
612 2192 989 2260 constantia
1022 2214 1034 2257 :
1089 2212 1124 2255 «
1162 2190 1299 2257 Vita
1336 2189 1643 2275 quidem,
1695 2191 1940 2278 inquit,
1980 2211 2133 2259 sum
2177 2192 2602 2271 monachus;
2640 2213 2679 2259 a
2715 2189 2920 2258 Christo

428 2294 650 2349 autem
692 2282 928 2359 habeo,
973 2278 1152 2365 quod
1186 2300 1384 2346 vocor
1409 2278 1871 2348 Christianus:
1908 2281 2021 2347 cui
2055 2280 2283 2360 etiam,
2330 2277 2559 2366 utqui
2607 2291 2777 2349 recte
2812 2298 2920 2344 sen·

430 2370 618 2449 tiam,
662 2370 886 2439 tribuo
918 2368 1208 2437 cultum.
1244 2390 1278 2432 »
1329 2372 1492 2436 Cum
1549 2388 1703 2435 vero
1754 2379 2033 2437 sanctus
2066 2390 2222 2437 eum
2265 2368 2503 2438 multis
2549 2367 2810 2458 probris
2850 2367 2922 2431 in·

429 2472 799 2528 sectaretur
829 2513 844 2537 ,
896 2472 961 2526 et
999 2457 1162 2524 deos
1200 2456 1349 2541 ejus
1400 2455 1919 2536 ludificaretur,
1971 2471 2035 2525 et
2086 2479 2299 2543 aeque
2352 2473 2664 2528 amentes
2713 2465 2922 2524 vocaret

429 2569 544 2617 eos
582 2548 701 2633 qui
743 2546 979 2614 colunt
1024 2545 1191 2612 haec
1242 2546 1573 2624 inanima,
1624 2567 1798 2634 pone
1839 2546 2140 2614 vinctum
2201 2548 2524 2616 manibus
2571 2547 2775 2631 jussit
2816 2562 2920 2637 exe-

430 2635 732 2705 crandus
789 2655 945 2702 eum
1009 2633 1345 2701 verberari
1403 2634 2057 2704 immisericorditer.
2115 2639 2278 2712 Cum
2340 2637 2397 2704 is
2452 2650 2688 2704 autem
2743 2634 2920 2721 flagris

429 2724 848 2802 caederetur,
903 2720 1294 2810 adspiciens
1334 2722 1715 2811 Episteme,
1771 2736 1837 2791 et
1879 2722 2270 2791 mirandum
2325 2725 2392 2791 in
2439 2723 2727 2793 modum
2773 2739 2920 2805 aegri³

432 2811 699 2880 ferens:
757 2833 791 2876 «
826 2815 921 2891 Ο,
983 2811 1249 2896 inquit,
1307 2809 1760 2880 insatiabilem
1821 2812 2125 2879 animam
2169 2811 2251 2880 ad
2305 2813 2785 2902 punienduml
2831 2813 2922 2902 Cur

432 2899 598 2969 tales
650 2899 886 2989 plagas
935 2898 1320 2969 intentastis
1369 2899 1700 2968 membris
1751 2913 1880 2967 tam
1917 2900 2369 2986 juvenilibuS,
2425 2914 2489 2970 et
2544 2908 2922 2995 consumptis

430 2988 667 3058 multis
730 2987 1083 3057 laboribus
1142 2987 1697 3057 exercitationis?
1759 2987 2113 3070 Quomodo
2173 3001 2398 3057 autem
2455 3011 2711 3059 manus
2766 3003 2920 3054 mini·

429 3090 751 3158 strorum,
808 3089 900 3146 tot
949 3075 1156 3145 illatis
1206 3076 1451 3177 plagis,
1492 3098 1629 3144 non
1665 3076 2067 3165 obtorpuit?
2094 3100 2128 3143 »
2164 3078 2284 3148 His
2319 3082 2601 3146 Praeses
2637 3099 2740 3144 ma
2793 3075 2840 3141 is
2865 3067 2918 3167 affl

431 3166 603 3236 iram
648 3186 1004 3236 accensus:
1038 3188 1072 3231 «
1107 3171 1296 3235 Hanc
1332 3164 1798 3254 impudentem
1836 3178 1902 3233 et
1945 3166 2399 3246 temerariam,
2444 3166 2698 3253 inquit,
2760 3179 2921 3231 oemi-

428 3277 587 3324 nam
647 3253 729 3322 ad
787 3254 1035 3323 lineam
1094 3274 1313 3340 usque
1352 3253 1672 3321 tunicam.
1708 3254 1962 3323 nudate
2003 3254 2328 3335 vestibuS,
2374 3267 2439 3323 et
2491 3254 2732 3344 flagris
2775 3245 2922 3317 valde

428 3343 724 3423 caedite,
771 3355 848 3412 ut
902 3353 1099 3411 caute
1138 3341 1357 3410 discat
1408 3340 1671 3428 eloqui,
1727 3355 1792 3411 et
1840 3364 1973 3411 non
2028 3364 2098 3411 se
2149 3354 2284 3411 tam
2336 3356 2737 3433 arroganter
2779 3347 2921 3429 gerat

426 3433 756 3501 adversus
805 3430 1219 3520 superiores.
1253 3452 1290 3496 »
1663 3499 1666 3502 ,
2875 3512 2884 3520 ·

514 3523 729 3607 §12
785 3525 924 3589 Hoc
987 3531 1210 3588 autem
1277 3541 1435 3587 cum
1509 3518 1760 3588 factum
1823 3533 2000 3588 esset
2065 3541 2320 3608 magna
2379 3520 2721 3588 celeritate
2770 3528 2826 3582 et
2872 3530 2918 3607 tn

429 3608 710 3699 longum
754 3609 898 3697 jam
952 3621 1127 3677 esset
1177 3607 1586 3696 productum
1641 3608 2102 3698 supplicium,
2154 3608 2486 3677 adversus
2536 3607 2764 3677 omnia
2803 3620 2919 3696 qu}-

429 3698 611 3778 dem,
668 3718 842 3785 quae
891 3697 1384 3776 inferebantur,
1427 3696 1707 3766 molesta
1758 3709 1821 3765 et
1856 3718 2121 3786 aspera,
2160 3701 2413 3785 Martyr
2455 3695 2828 3766 mirandum
2869 3705 2916 3752 ιη

429 3787 708 3855 modum
751 3786 1138 3855 decertabat
1169 3811 1182 3850 ε
1224 3785 1511 3853 minime
1546 3806 1701 3854 vero
1732 3784 2221 3854 intermittebat
2257 3785 2610 3854 vociferari
2645 3782 2918 3852 adversus

418 3876 755 3965 judicem,
801 3888 865 3943 et
908 3875 969 3943 ei
1011 3874 1418 3964 exprobrare
1464 3873 1990 3963 turpitudinem,
2035 3874 2216 3960 quod
2263 3887 2607 3952 naturam,
2641 3888 2826 3968 quam
2865 3883 2915 3929 ο·

433 3978 726 4053 porteret
758 3963 1037 4050 quidem
1077 3984 1354 4032 manere
1395 3984 1528 4032 non
1567 3964 1946 4031 venientem
1987 3962 2056 4030 in
2093 3975 2534 4051 conspectum
2578 3963 2908 4053 homanum,

430 4075 562 4122 non
620 4051 1055 4122 solummodo
1106 4052 1435 4122 sustinuit
1488 4051 1801 4141 aperire,
1859 4050 1972 4120 sed
2030 4051 2263 4119 multis
2312 4051 2514 4119 etiam
2577 4041 2908 4116 videntibus

420 4140 631 4227 jussit
657 4142 986 4210 cruciare.
1026 4162 1059 4205 «
1091 4145 1450 4229 Propterea
1484 4154 1567 4220 te,
1612 4140 1858 4226 inquit,
1908 4153 2186 4209 manent
2220 4139 2360 4208 illic
2402 4137 2754 4229 supplicia.
2793 4135 2907 4223 Cae·

431 4241 650 4298 terum
696 4229 806 4298 hic
838 4250 1121 4315 quoque
1155 4250 1286 4296 non
1324 4228 1447 4296 diu
1485 4229 1763 4308 abhinc,
1814 4250 1930 4298 vos
1952 4230 2219 4317 justum
2262 4229 2369 4297 Dei
2415 4227 2644 4317 puniet
2688 4214 2902 4322 suppll‘

431 4317 643 4386 cium.
678 4340 713 4382 »
766 4317 961 4398 Dixit,
1008 4328 1072 4386 et
1103 4338 1139 4385 e
1180 4317 1460 4407 vestigio
1513 4329 1745 4386 secuta
1777 4330 1878 4386 est
1907 4318 2201 4406 justitia,
2254 4329 2317 4386 et
2353 4317 2505 4385 visu
2537 4314 2735 4385 orbati
2761 4322 2897 4406 ‚con-

433 4404 646 4493 specti
682 4419 843 4473 sunt
868 4405 988 4492 qui
1018 4419 1211 4474 erant
1248 4405 1429 4475 circa
1469 4405 1883 4476 Praesidem.
1917 4410 2055 4476 Hoc
2100 4418 2326 4475 autem
2362 4411 2637 4475 Sanctae
2673 4393 2892 4486 quldeffl
