2993 4837
42 346 200 411 ΜΝ.
254 346 334 409 47
767 365 843 409 οε
892 361 947 409 s,
1004 364 1314 412 caesonio
1362 363 1832 411 mammonae
2352 350 2480 413 549

40 462 250 547 potest,
310 447 447 516 nisi
495 447 710 516 libero
744 471 823 516 ac
874 447 1256 517 voluntario
1305 450 1519 517 animi
1575 450 1906 517 instituto.
1963 455 2306 535 Quotquot
2350 452 2562 532 enim,

38 552 255 623 lnquit,
309 558 473 605 eum
527 551 962 624 acceperunt,
1017 537 1204 606 dedit
1250 538 1348 607 eis
1388 550 1808 626 potestatem,
1848 553 1924 606 ut
1976 538 2097 606 filii
2145 540 2256 607 Dei
2301 539 2562 609 fierent.

40 629 155 693 Hac
202 639 432 694 autem
487 626 835 694 nobilitate
867 626 1202 713 quidnam
1254 627 1457 697 fuerit
1509 626 1987 717 praeclarius?

107 716 137 801 ξ
180 720 266 784 3.
326 715 669 795 Quoniam
720 737 882 803 ergo
924 717 1217 803 separati
1248 717 1335 783 ab
1368 717 1717 791 omnibus,
1772 715 2054 796 divitiis,
2094 714 2401 786 claritate
2451 740 2566 818 ge-

40 805 221 881 neris,
260 803 510 892 gloria,
565 803 855 884 deliciis,
893 805 1200 891 cognatis
1232 821 1296 873 et
1343 806 1610 881 amicis,
1661 807 1747 872 ab
1780 827 1883 885 ea,
1923 826 2102 891 quae
2153 819 2253 872 est
2292 829 2370 874 ex
2405 808 2566 875 vitio

40 890 124 958 vel
172 892 441 971 virtute,
485 892 839 961 affectione
892 916 1253 962 manemus
1287 892 1806 982 inseparabileS,
1851 893 1915 960 id
1960 893 2181 962 solum
2234 915 2381 963 esse
2427 897 2569 963 exi-

40 980 438 1049 stimandum
514 982 786 1049 beatum
846 982 1272 1069 judicamus,
1324 984 1506 1067 quod
1557 1005 1636 1049 ex
1691 983 1932 1050 virtute
2000 982 2281 1072 geritur.
2340 988 2565 1070 Neque

40 1090 172 1136 vero
215 1071 559 1138 existimet
587 1070 863 1156 aliqum,
923 1093 1059 1147 me,
1111 1072 1436 1156 quoniam
1502 1070 1671 1138 nihil
1723 1070 2010 1140 habeam
2081 1071 2512 1159 praeclarum
2546 1125 2560 1153 ,

42 1156 195 1239 quod
242 1159 498 1236 possim
549 1181 823 1227 narrare
861 1159 944 1226 de
987 1162 1227 1248 patria,
1276 1160 1372 1228 vel
1430 1160 1807 1245 majoribus
1843 1161 2173 1249 Gregorii,
2232 1183 2390 1249 prae
2458 1183 2564 1229 me

46 1242 293 1313 ferendo
354 1246 526 1315 haec
575 1260 1052 1327 contemnere,
1112 1249 1409 1317 dedecus
1461 1249 1742 1317 latenter
1789 1250 2112 1337 effugere.
2166 1250 2332 1330 Quis
2379 1249 2563 1317 enim

52 1336 235 1402 nescit
278 1336 615 1403 eximium
668 1338 858 1405 Ponti
907 1358 1329 1426 cognomen,
1382 1338 1563 1423 quod
1619 1350 1719 1406 est
1779 1339 1963 1423 genti
2022 1338 2424 1425 impositum
2476 1338 2563 1406 ab

44 1418 437 1503 hominibuS,
479 1424 665 1509 quod
718 1437 998 1494 testatur
1046 1426 1363 1494 virtutem
1410 1447 1648 1494 eorum
1699 1424 1816 1511 qui
1868 1426 1952 1495 ab
2003 1427 2196 1494 initio
2246 1448 2403 1495 eum
2470 1425 2564 1495 lo-

48 1528 181 1577 cum
216 1512 428 1580 sortiti
481 1513 698 1582 sunt'?
746 1515 933 1582 solus
974 1515 1157 1583 enim
1195 1537 1274 1583 ex
1321 1514 1642 1582 universo
1676 1515 1845 1582 mari
1878 1527 1942 1582 et
1990 1517 2310 1584 universa
2353 1526 2555 1595 terra,

50 1600 274 1670 Pontus
308 1602 621 1670 Euxinus
658 1602 692 1635 *
719 1603 1136 1683 nominatur,
1183 1604 1322 1672 sive
1364 1604 1431 1670 in
1473 1624 1611 1681 θος,
1658 1603 1775 1688 qui
1819 1603 1958 1671 illic
2009 1618 2388 1684 versantur,
2442 1604 2562 1671 ho-

49 1687 229 1775 spites
261 1690 404 1778 ipso
445 1691 725 1759 nomine
766 1691 1039 1759 illorum
1081 1705 1363 1760 testante
1401 1691 1922 1772 humanitatem,
1957 1694 2096 1761 sive
2142 1693 2345 1762 etiam
2379 1692 2562 1779 quod

54 1776 179 1844 talis
216 1794 309 1847 est
354 1779 576 1859 locuS,
630 1794 703 1847 ut
754 1803 885 1847 non
947 1780 1169 1850 solum
1215 1781 1458 1848 incolis
1507 1795 1571 1848 et
1622 1780 1988 1869 indigenis,
2044 1782 2160 1849 sed
2213 1781 2298 1849 iis
2357 1782 2560 1851 etiam

51 1865 145 1947 qui
171 1866 243 1932 ad
295 1867 529 1955 ipsum
568 1869 1025 1955 undequaque
1076 1870 1380 1947 veniunt,
1425 1869 1701 1937 abunde
1742 1870 2131 1959 suppeditet
2177 1891 2354 1955 quae
2402 1884 2564 1939 sunt

55 1951 121 2019 ad
185 1957 424 2024 victum
507 1958 911 2026 necessaria.
990 1957 1168 2025 Talis
1220 1959 1401 2026 enim
1466 1973 1568 2026 est
1635 1971 1881 2026 natura
1942 1959 2284 2047 regioniS,
2339 1971 2414 2027 ut
2476 1958 2564 2026 sit

58 2040 435 2113 fertilissima
489 2047 802 2114 omnium
854 2069 1029 2131 quae
1079 2047 1234 2115 usui
1288 2060 1448 2115 sunt
1496 2047 1577 2114 ad
1640 2047 1930 2123 victum,
1984 2062 2048 2115 et
2101 2047 2290 2114 nullo
2338 2059 2594 2115 careat·

62 2131 225 2198 exiis
268 2134 465 2202 honis
519 2157 693 2220 quae
742 2150 901 2203 sunt
948 2136 1130 2221 apud
1187 2135 1381 2215 alios»,
1418 2147 1650 2224 utpote
1696 2134 1878 2220 quod
1924 2157 2110 2203 mare
2165 2135 2435 2214 efficiat,
2490 2150 2564 2203 ut

66 2236 495 2309 quaecumque
537 2240 695 2291 sunt
742 2224 925 2312 apud
964 2224 1157 2303 alios,
1205 2224 1341 2293 sint
1372 2246 1609 2293 eorum
1649 2225 1948 2312 propria.
1989 2228 2151 2293 Cum
2206 2238 2430 2291 autem
2477 2224 2563 2292 sit

72 2314 180 2373 tota
200 2332 341 2396 gens
366 2312 740 2399 ejusmodi,
778 2326 849 2380 ut
874 2334 1385 2397 quamcumque
1418 2314 1574 2398 quis
1606 2313 1756 2399 ejus
1796 2328 2049 2401 partem
2095 2335 2210 2401 per
2237 2335 2305 2379 se
2341 2312 2563 2381 consi-

72 2389 367 2480 deraverit,
404 2400 747 2469 existimet
786 2424 932 2468 eam
964 2424 1111 2468 esse
1149 2402 1471 2490 potiorem
1510 2401 1817 2482 caeteris,
1862 2401 2076 2470 nihilo
2119 2401 2341 2470 secius
2374 2422 2560 2468 com-

70 2487 222 2581 muni
251 2492 467 2576 gentis
495 2489 783 2577 judicio,
831 2512 1005 2575 quae
1040 2491 1489 2558 circumcirca
1535 2491 1902 2572 habitatur,
1938 2502 2039 2558 est
2084 2490 2376 2558 aliarum
2425 2489 2560 2556 vel-

68 2583 143 2637 uti
186 2578 447 2660 quidam
496 2591 713 2646 vertex
754 2579 991 2647 civitas
1042 2580 1265 2668 Magni
1300 2581 1629 2668 Gregorii,
1674 2602 1881 2666 quam
1932 2579 2214 2666 quidam
2262 2578 2558 2667 insignis

62 2659 392 2746 Imperator
439 2690 521 2734 ex
576 2667 679 2746 iis,
733 2668 851 2752 qui
908 2673 1366 2736 Romanorum
1421 2668 1820 2737 obtinebant
1868 2669 2263 2757 imperium,
2319 2672 2564 2736 Caesar

66 2752 318 2846 nomine,
364 2756 751 2824 amoreloci
788 2769 1031 2844 captus
1064 2769 1128 2825 et
1176 2757 1538 2835 desiderio,
1594 2757 1806 2824 voluit
1858 2771 1932 2825 ut
1964 2758 2202 2825 civitas
2261 2777 2384 2825 suo
2439 2778 2561 2825 no-

66 2853 211 2930 tnlne
256 2856 605 2914 vocaretur
654 2849 1102 2913 Neocaesarea
1134 2844 1225 2909 μ.
1266 2845 1387 2913 Sed
1427 2845 1593 2913 haec
1627 2845 1796 2913 nihil
1833 2844 2092 2914 faciunt
2125 2845 2209 2914 ad
2249 2857 2559 2914 nostrum

64 2927 435 3020 institutum,
487 2947 563 3001 ut
606 2956 723 3021 per
772 2934 935 3001 haec
991 2934 1463 3003 existimemus
1512 2934 1982 3002 demonstrare
2034 2934 2558 3023 praeclariorem

64 3008 221 3083 illum
270 3025 586 3110 Magnum
640 3023 816 3091 inter
847 3035 1117 3092 sanctos
1151 3023 1578 3113 Gregorium‚
1636 3023 1691 3090 si
1735 3023 1919 3110 regio
1959 3022 2264 3091 abundet
2317 3021 2561 3091 fructi-

64 3095 186 3183 bus,
223 3108 275 3174 si
306 3111 542 3179 civitas
580 3124 681 3180 est
733 3133 839 3179 ma
898 3112 1120 3179 nificis
1179 3124 1413 3180 ornata
1451 3110 1810 3190 aedificiiS‚
1857 3111 1914 3178 si
1970 3113 2190 3180 vicino
2228 3112 2400 3178 mari
2433 3133 2563 3180 un-

63 3185 374 3284 }lequaque
413 3200 741 3286 quicquid
779 3135 1066 3279 videtur,
1110 3200 1365 3269 affatim
1411 3200 1841 3289 importetur.
1889 3199 2012 3267 Sed
2069 3222 2190 3268 nec
2220 3200 2372 3284 ejus
2424 3205 2563 3267 Ma-

58 3293 270 3380 Jssrum,
304 3289 419 3373 qui
459 3301 681 3356 ortum
726 3289 796 3355 in
855 3311 1060 3357 carne
1111 3300 1652 3378 praecesserunt,
1709 3289 2123 3357 mentionem
2190 3286 2434 3354 faciam
2492 3287 2558 3354 in

64 3381 344 3453 oratione,
413 3376 685 3445 divitias
732 3391 796 3445 et
852 3377 1191 3457 honoreS,
1257 3378 1785 3462 mundanosque
1849 3397 2085 3446 eorum
2159 3375 2560 3465 splendores

66 3453 340 3530 referens.
398 3466 568 3547 Quid
633 3465 817 3533 enim
870 3467 1035 3535 haec
1097 3467 1180 3534 ad
1247 3466 1520 3534 laudem
1599 3465 2050 3544 contulerint,
2109 3464 2555 3551 sepulcrum,

66 3541 379 3620 columnae
403 3567 466 3622 et
517 3555 1020 3643 inscriptiones,
1060 3568 1125 3623 et
1175 3567 1482 3624 mortuae
1534 3556 1958 3625 narrationes
2005 3553 2187 3641 apud
2232 3575 2389 3621 eum
2440 3552 2560 3652 qui
2611 3641 2620 3650 ο

67 3647 120 3694 se
146 3655 333 3723 supra
368 3643 703 3711 mundum
755 3644 1155 3712 universum
1198 3643 1561 3712 extulerit?
1596 3645 1719 3712 Sed
1771 3641 2356 3730 quemadmodum
2401 3662 2561 3726 qui-

68 3713 215 3818 ᾶξὶῐῖῑ,
266 3742 377 3796 aut
422 3755 457 3798 a
513 3733 768 3818 quibus
827 3747 1027 3800 natus
1077 3733 1183 3806 sit.
1230 3747 1350 3801 aut
1395 3754 1769 3818 quamnam
1820 3734 1906 3801 ab
1977 3730 2172 3800 initio
2240 3729 2564 3798 habitarit

69 3822 385 3893 civitatem,
437 3833 511 3889 ut
549 3843 724 3907 quae
772 3822 856 3890 ad
913 3821 1328 3910 propositam
1368 3821 1826 3889 narrationem
1868 3820 2038 3888 nihil
2103 3819 2299 3886 nobis
2332 3817 2560 3887 confe-

74 3907 212 3989 rant,
260 3910 889 3991 praetermittemus
952 3910 1112 3996 Ejus
1160 3922 1384 3977 autem
1433 3909 1848 3978 laudationis
1900 3909 2238 3976 ducemus
2307 3907 2561 3995 princi-

76 3996 228 4063 Dlum
275 4014 310 4060 a
341 3996 491 4078 vita,
530 4020 737 4084 quam
773 3999 830 4068 is
869 3999 1006 4088 egit
1044 4021 1123 4066 ex
1159 3999 1425 4066 virtute.

141 4072 284 4155 §4-
326 4086 480 4154 Cum
531 4087 714 4156 enim
766 4087 836 4154 in
898 4108 1181 4176 corpore
1249 4085 1625 4154 admodum
1684 4085 1972 4172 juvenili
2024 4096 2201 4155 esset
2259 4082 2564 4153 defectus

125 4297 144 4316 ἦ
168 4301 308 4349 Itattce
336 4314 435 4353 Mar
460 4318 581 4355 Nor-o

85 4351 300 4452 3323?
328 4374 515 4409 vocatur
544 4370 727 4409 Nih-aar.
758 4370 842 4412 Ea.
878 4371 1038 4409 secuto
1074 4372 1260 4419 quarto.
1294 4370 1572 4420 metropolis
1608 4370 1710 4409 erat
1743 4370 1878 4408 Ponti
1911 4371 2117 4430 regionis
2151 4371 2413 4415 orientalis,
2443 4380 2562 4420 quae

244 4465 250 4472 .
295 4425 527 4460 ausoniaene
555 4423 896 4472 appellabatur,
921 4433 1090 4462 nomen
1127 4435 1152 4462 a
1185 4425 1433 4464 Polemone
1466 4424 1659 4469 ducens,
1694 4433 1788 4462 uno
1824 4433 1879 4462 ex
1912 4424 2202 4464 Mithridatis
2238 4425 2457 4474 posteris,
2487 4425 2565 4463 cui

86 4458 301 4507 provincius
317 4471 440 4514 illius
458 4478 705 4524 imperium
724 4474 926 4525 largitus
945 4480 1045 4515 erat
1063 4478 1307 4517 Antonius.
