2993 4837
422 202 457 241 ί

822 240 855 277 0

514 323 645 386 288
1275 338 1351 384 ns
1399 339 1454 384 s.
1509 335 1748 384 cAttono
1799 335 2128 383 nonnosum
2214 282 2227 295 '
2465 351 2478 363 ·
2683 315 2832 382 NOV.
2873 318 2900 380 t

431 437 777 491 matronas
834 422 1168 501 deductis,
1232 422 1357 489 rite
1407 421 1689 489 tradidit
1739 420 2123 490 v1·Calend.
2190 421 2346 507 Maji
2409 442 2685 489 noun:
2740 438 2904 504 quarn

429 512 793 591 actionem,
852 510 1201 579 Pontificia
1252 511 1493 578 Missae
1536 509 1893 588 solemnia,
1956 509 2175 578 Caroli
2226 510 2489 588 concio,
2540 507 2695 577 cleri
2744 507 2908 576 totius

429 612 805 670 conventus
858 599 1368 668 celeberrimam
1441 597 1821 667 reddidere.
1876 603 2024 668 Mox
2082 619 2391 689 congruo
2442 610 2732 685 tempore
2773 596 2908 663 sole·

432 710 660 758 mnem
724 710 958 758 earum
1035 686 1525 776 professionem
1599 687 1883 777 accepit,
1936 700 2164 774 atque,
2219 710 2329 756 am
2387 686 2638 755 lificato
2695 684 2907 775 spatio,

430 777 789 847 ecclesiam
844 789 1115 847 sanctae
1176 776 1498 844 Praxedis
1556 776 1835 845 nomine
1882 776 2086 844 aedes
2135 797 2221 845 ue
2274 799 2313 845 a
2421 775 2793 843 institutum
2833 794 2914 840 ac·

430 865 901 936 commodatas
949 864 1356 945 aedificavit,
1411 879 1697 953 sumptu
1746 886 1910 933 sane
1957 866 2074 951 qui
2131 887 2237 932 em
2272 885 2549 953 magnO,
2583 885 2662 931 ex
2696 862 2912 952 piorum

434 956 793 1024 bominum
844 953 981 1022 fere
1030 953 1434 1023 liberalitate
1483 952 1961 1042 suppeditato;
2017 966 2221 1040 atque
2270 954 2445 1022 mira
2500 951 2771 1021 omnino
2819 948 2916 1017 fre-

432 1044 712 1131 quentia
762 1043 986 1112 locum
1039 1043 1170 1112 sibi
1213 1041 1510 1132 virgines
1561 1040 2097 1111 Mediolanenses
2135 1042 2200 1109 in
2251 1062 2329 1111 eo
2364 1041 2695 1111 coenobio
2738 1050 2919 1129 poste

432 1133 827 1219 quaesiere,
883 1146 958 1202 ut
1006 1132 1276 1200 circiter
1332 1131 1662 1201 ducentas
1712 1131 2130 1217 quandoque
2172 1151 2734 1207 numeraremus,
2785 1148 2911 1213 qu

433 1221 623 1290 omni
671 1220 1029 1310 diligentia
1090 1220 1619 1307 conquirenteS‚
1671 1220 1791 1306 qui
1845 1218 2027 1308 apud
2082 1218 2394 1288 Carolum
2428 1274 2443 1299 ,
2512 1231 2631 1287 aut
2677 1215 2896 1284 vicarit

438 1309 1031 1379 commendatione
1065 1308 1387 1388 valerent,
1426 1309 1613 1377 omni
1659 1309 1919 1376 ratione
1957 1307 2588 1397 suffragationeque
2627 1327 2765 1375 sese
2798 1302 2899 1371 inf

436 1399 699 1479 rebant,
755 1399 983 1467 studio
1033 1397 1331 1488 profecto
1381 1418 1515 1465 non
1568 1397 1842 1477 minori,
1890 1419 2096 1484 quam
2132 1397 2200 1464 in
2247 1395 2562 1484 petendis
2604 1392 2915 1464 honorib

434 1487 782 1558 ambitiosi
843 1486 1154 1556 homines
1202 1486 1300 1555 uti
1364 1486 1866 1554 consueverint.
1920 1485 2118 1554 Aliud
2183 1485 2680 1555 monasterium
2740 1480 2927 1560 itide,¹

438 1582 501 1645 S.
557 1575 790 1645 Clarae
838 1574 1207 1669 disciplina
1259 1576 1646 1643 institutum
1699 1585 1846 1653 est;
1898 1597 2056 1643 cum
2109 1574 2291 1641 enim
2326 1574 2597 1643 Joanna
2649 1570 2911 1639 Vistari

438 1665 967 1734 Mediolanensis
1030 1663 1295 1754 puellas
1361 1664 1599 1751 inopes
1659 1685 1891 1732 secum
1956 1664 2025 1730 in
2077 1661 2282 1731 domo
2347 1662 2498 1752 piae
2552 1656 2921 1730 liberalita‘

437 1755 657 1843 gratia
708 1765 1111 1833 sustentare,
1168 1752 1300 1842 piis
1347 1765 1411 1820 et
1459 1751 1799 1841 religiosis
1859 1751 2191 1831 moribuS,
2250 1750 2655 1821 eorumdem
2707 1754 2893 1818 Patru

439 1848 502 1912 S.
560 1842 909 1910 Barnabae
940 1841 1151 1910 ductu
1204 1842 1722 1931 praeceptisque
1761 1840 2117 1909 instituere
2156 1841 2513 1929 coepisset,
2555 1858 2833 1926 quorum
2872 1847 2929 1894 ···³'

437 1931 795 2000 ecclesiam
833 1943 978 2000 erat
1011 1932 1097 1999 ob
1132 1941 1558 1999 sacramenta
1607 1929 1950 2015 frequens,
1990 1929 2177 1997 auxit
2214 1927 2547 2016 paulatim
2591 1947 2923 1996 numerus

439 2034 581 2088 tum
625 2020 859 2089 Carolo
906 2019 1261 2099 consulto,
1321 2018 1461 2087 viro
1510 2019 2013 2096 consentiente,
2068 2017 2350 2086 domum
2406 2017 2489 2085 iis
2542 2016 2806 2094 coemit,

437 2108 717 2178 clesiam
768 2122 832 2178 et
881 2108 1370 2178 monasterium
1408 2106 1813 2185 aedificavit,
1852 2120 1915 2175 et
1949 2111 2013 2175 S.
2055 2108 2389 2175 Barbarae
2428 2108 2710 2174 nomine
2748 2104 2903 2172 locu·

437 2197 822 2277 dedicavit;
880 2200 1005 2267 boc
1056 2198 1211 2267 item
1279 2195 1686 2265 coenobium
1753 2194 1987 2264 Carolo
2038 2207 2312 2285 propter
2358 2195 2765 2281 exquisitam
2820 2212 2903 2258 au·

440 2308 710 2355 morum
765 2291 897 2355 Deo
947 2287 1219 2373 penitus
1266 2284 1654 2353 deditorum
1712 2284 2136 2384 religionem,
2177 2284 2397 2353 victus
2448 2306 2530 2351 ac
2581 2279 2911 2370 disciplin

437 2376 666 2444 omnis
713 2375 1061 2455 duritiem,
1118 2373 1311 2443 valde
1361 2373 1721 2464 probatum
1773 2372 1921 2444 fuit.
1975 2373 2118 2442 Alia
2179 2372 2646 2442 foeminarum
2692 2371 2795 2472 pia
2867 2397 2904 2464 ''.

440 2464 641 2554 legia,
707 2464 807 2532 vel
848 2476 1083 2554 coepta
1116 2464 1260 2551 jam
1314 2463 1746 2531 confirmavit
1796 2462 2228 2549 multumque
2276 2462 2488 2540 auxit,
2537 2462 2641 2529 vel
2693 2457 2923 2528 institn-

439 2554 610 2642 ipse.
665 2553 1040 2621 viduarum
1094 2553 1381 2622 societas
1432 2553 1501 2619 in
1553 2565 1825 2619 sanctae
1873 2557 2104 2620 Annae
2144 2550 2374 2630 tutela,
2428 2551 2583 2638 ejus
2618 2562 2719 2618 est
2754 2568 2907 2616 auct·

442 2643 636 2710 ritate
682 2642 1092 2721 constituta,
1152 2662 1397 2730 nempe
1444 2662 1708 2720 earum,
1762 2662 1937 2727 quae
1990 2652 2139 2727 post
2188 2640 2400 2708 unius
2458 2639 2585 2707 viri
2650 2650 2933 2706 mortem--

441 2730 817 2798 castitatem
868 2752 1291 2807 conservare,
1345 2743 1410 2798 et
1461 2729 1830 2818 praecipua
1863 2728 2220 2818 diligentia
2274 2729 2381 2817 pie
2432 2728 2659 2796 vivere
2711 2723 2923 2793 vellen*

442 2823 777 2886 Honestae
829 2818 1100 2886 mulieri
1141 2819 1431 2887 multum
1470 2817 1655 2897 favit,
1693 2839 1868 2904 quae
1917 2839 1994 2886 eo
2044 2840 2113 2886 se
2150 2838 2434 2885 munere
2481 2823 2854 2905 occuparet,
2887 2836 2927 2873 va.

444 2907 744 2995 virgines
790 2928 1025 2975 earum
1095 2920 1379 2996 sumptu
1442 2905 1758 2996 religiosa
1827 2905 2033 2974 simul
2086 2905 2409 2974 educaret
2456 2903 2818 2993 disciplina
2867 2895 2901 2963 f

444 3015 651 3081 reque
699 2995 781 3063 ad
822 2995 1201 3085 regularem
1240 2996 1443 3064 vitam
1499 2995 2012 3084 suscipiendam
2068 2993 2471 3063 institueret.
2533 2998 2802 3068 Locum,
2845 2992 2935 3072 qm

446 3088 830 3154 Succursus
896 3085 1326 3174 appellatur,
1394 3096 1710 3173 coeptum
1780 3083 1975 3151 illum
2045 3083 2320 3170 quidem
2386 3094 2585 3151 antea
2646 3077 2928 3169 Hispan!

442 3172 806 3261 cujusdam
854 3173 1145 3263 insignis
1196 3172 1508 3241 mulieris
1555 3173 1786 3262 opera,
1832 3170 2092 3241 fabrica
2124 3172 2548 3258 caeterisque
2583 3170 2781 3239 rebus
2813 3184 2935 3233 cor--

446 3261 688 3342 stituit,
723 3262 840 3330 ubi
878 3261 1215 3331 foeminae
1257 3262 1527 3329 interim
1572 3275 2029 3340 servarentur,
2065 3260 2229 3328 dum
2268 3259 2364 3328 vel
2409 3258 2774 3348 pudicitiae
2815 3269 2932 3350 cort>

446 3351 832 3433 suleretur‚
886 3351 986 3419 vel
1049 3372 1207 3419 cum
1267 3350 1428 3419 viris
1491 3363 2067 3438 componerentur
2115 3348 2310 3428 lites;
2366 3362 2640 3417 sanctae
2691 3344 2932 3413 Valeria

446 3442 775 3519 domum,
828 3461 1004 3526 quae
1053 3445 1544 3508 Conversarum
1597 3438 1888 3519 dicitur,
1943 3439 2176 3519 auxit,
2231 3438 2351 3506 ubi
2447 3435 2834 3526 uamplures
2866 3450 2928 3526 ρ’,

451 3541 777 3617 perpetuo
827 3528 1278 3619 religioseque
1323 3527 1825 3596 convivendum
1876 3549 1952 3595 ex
2005 3526 2357 3615 impudica
2433 3547 2543 3594 ere
2593 3527 2721 3592 vita
2771 3531 2928 3602 remp*

446 3617 686 3686 solent.
742 3617 936 3686 Aliud
991 3617 1323 3696 fundavit,
1372 3616 1904 3703 Depositumque
1961 3620 2024 3684 S.
2081 3615 2329 3683 Mariae
2378 3613 2804 3704 Magdalenae
2844 3623 2928 3704 no·

452 3707 758 3786 minavit,
813 3706 897 3774 ad
949 3705 1307 3775 ecclesiam
1362 3710 1423 3774 S.
1466 3705 1618 3786 Viti,
1675 3704 1794 3773 ubi
1844 3726 1961 3773 eae
2011 3715 2478 3793 reponantur,
2534 3724 2709 3790 quae
2753 3696 2926 3793 sulum

446 3794 529 3863 de
577 3817 790 3864 coeno
825 3793 1276 3883 turpitudinis
1310 3795 1374 3862 in
1407 3814 1544 3880 quo
1571 3795 1823 3880 jacent,
1859 3792 2314 3862 extrahendae
2348 3805 2532 3870 sunt,
2577 3803 2654 3859 ut
2679 3791 2922 3858 interim.

444 3883 607 3970 quid
663 3884 748 3951 iis
797 3883 1187 3952 faciendum
1241 3883 1329 3952 sit
1362 3938 1378 3963 ,
1432 3882 1860 3952 consulatur.
1930 3886 2006 3950 At
2055 3883 2353 3950 marium
2404 3901 2674 3967 quoque
2717 3885 2946 3975 coetus,

448 3984 711 4060 praeter
758 3993 836 4040 ea
883 3994 1059 4059 quae
1105 3972 1409 4040 diximus
1459 3972 1851 4054 seminaria,
1908 3970 2278 4040 nonnullos
2327 3969 2640 4039 instituit.
2680 3971 2946 4048 Qu1,·pe·

446 4061 745 4130 stilentia
792 4061 1070 4130 demum
1123 4060 1421 4129 extincta
1471 4060 1769 4129 mendici
1803 4059 1887 4128 ad
1930 4059 2291 4128 Victoriam
2345 4057 2586 4145 reliqui
2621 4056 2814 4149 suere,
2843 4055 2930 4141 89⁵

444 4148 511 4216 in
565 4151 869 4220 urbanas
909 4149 1109 4218 aedes
1159 4148 1405 4218 Stellae
1454 4150 1734 4218 nomine
1782 4148 2160 4238 appellatas
2208 4146 2514 4227 deduxit,
2550 4143 2727 4214 unde
2763 4152 2928 4238 vtrgl·

449 4258 611 4304 num
666 4238 1030 4327 collegium
1083 4238 1445 4307 eduxerat:
1504 4237 1834 4327 piumque
1868 4259 2044 4328 opus
2075 4257 2359 4327 augens,
2393 4255 2598 4325 vagos
2644 4233 2918 4300 hommes.

447 4325 564 4409 qui
607 4326 857 4392 victum
894 4328 1190 4394 ostiatim
1245 4325 1664 4406 mendicant,
1698 4348 1988 4413 quorum
2042 4327 2274 4404 vitam,
2318 4325 2404 4393 ob
2461 4325 2740 4392 incertas
2768 4309 2920 4383 sedes

449 4412 845 4500 speculatur
894 4436 1132 4495 nemo;
1186 4415 1306 4500 qui
1372 4437 1572 4504 saepe
1621 4415 1703 4483 ad
1758 4428 2025 4504 turpem
2095 4414 2407 4483 inertiam
2466 4409 2915 4488 desidiamque·
