2993 4837
547 264 671 326 ⁶64
2655 254 2796 319 not.
2831 256 2891 317 24
2945 227 2946 230 ‘

626 501 749 599 DE
817 501 900 598 S.
980 499 1392 601 ROMANO
1464 496 2254 600 BURDEGALENSI
2329 492 2784 596 PRESBXT.

454 758 527 802 ιι
559 759 612 802 s,
658 755 952 802 snssoonu
1001 756 1390 803 Tuaonansffi
1430 755 1721 802 saunier.
1768 739 1852 801 De
1883 734 2114 801 Gloria
2151 734 2631 818 confessorum,
2673 733 2808 816 Cap.
2839 737 2904 792 56.

1128 952 1314 1007 Obiit
1357 966 1534 1006 anno
1579 953 1700 1005 382
1731 982 1805 990 —
1845 952 2001 1006 Nat.
2051 952 2320 1008 Gallae.

541 1150 842 1218 liabetur
892 1149 957 1217 in
996 1150 1123 1218 hoc
1160 1150 1492 1219 territorio
1532 1161 1596 1217 et
1628 1162 1909 1219 sanctus
1950 1155 2303 1218 Romanus
2339 1147 2714 1236 Presbyter,
2747 1165 2908 1230 quem.

454 1251 528 1306 ut
577 1239 833 1324 scripta
881 1239 1050 1307 vitae
1097 1239 1247 1328 ejus
1294 1237 1622 1319 edocent,
1688 1238 2021 1307 Martinus
2090 1251 2316 1307 noster
2361 1237 2396 1270 ⁴²
2458 1234 2826 1325 sepulturae
2861 1231 2912 1298 le

452 1328 649 1395 cavit.
699 1332 812 1395 Est
860 1341 1085 1396 autem
1128 1326 1524 1415 sepulcrum
1567 1328 1718 1415 ejus
1750 1326 2155 1416 contiguum
2209 1325 2546 1394 Blaviensi
2581 1325 2648 1358 *⁴
2685 1319 2908 1415 castelle⁴

450 1437 659 1502 super
707 1415 897 1484 littus
937 1415 1163 1484 amnis
1203 1420 1581 1496 Garonnae‚
1627 1416 1695 1483 in
1738 1437 1876 1502 quo
1928 1415 2204 1503 saepius
2260 1414 2623 1503 naufragio
2677 1410 2907 1501 peritum.

452 1504 693 1573 virtute
730 1504 880 1591 ejus
927 1503 1165 1574 salvati
1214 1517 1397 1582 sunt,
1456 1504 1957 1593 proclamantes
1992 1504 2168 1572 inter
2214 1503 2470 1573 fluctus
2510 1501 2809 1572 torrentis
2832 1519 2911 1564 un-

446 1591 642 1661 dosi:
700 1615 735 1658 «
766 1593 1080 1661 Miserere
1144 1593 1408 1672 nostri,
1463 1604 1695 1661 sancte
1744 1598 2050 1662 Romane
2084 1646 2099 1673 ,
2168 1592 2527 1661 Confessor
2585 1590 2718 1659 Dei.
2751 1612 2780 1652 ι»
2823 1590 2913 1653 Mox

446 1680 656 1758 enim,
706 1681 939 1750 sedata
991 1694 1385 1771 tempestate
1416 1736 1431 1761 ‚
1484 1694 1714 1771 optato
1774 1681 1995 1750 littore
2048 1681 2241 1769 potiti
2281 1694 2465 1750 sunt·
2513 1686 2642 1749 Nec
2671 1675 2912 1769 enimsas

446 1782 568 1849 est,
625 1768 849 1839 ullum
896 1771 1114 1858 perire
1155 1769 1554 1860 naufragi0‚
1599 1769 1719 1856 qui
1759 1771 1909 1858 ejus
1950 1769 2309 1838 basilicam
2361 1769 2590 1838 amnis
2636 1767 2718 1836 de
2762 1762 2912 1858 medat

445 1858 897 1947 contemplari
947 1860 1292 1928 meruerit.
1355 1859 1548 1940 Quod
1598 1872 1661 1926 et
1714 1881 1839 1927 nos
1881 1859 1948 1926 in
1986 1857 2234 1946 grandi
2287 1859 2686 1928 necessitate
2728 1863 2910 1950 experti

447 1969 713 2015 sumus.
766 1952 930 2016 Nam
982 1970 1142 2016 cum
1196 1947 1415 2016 imber
1454 1947 1916 2016 creberrimus
1968 1969 2085 2035 per
2129 1945 2380 2016 multos
2429 1945 2737 2015 defluens
2776 1941 2908 2010 dies.

445 2057 718 2104 amnem
758 2040 1146 2105 Garonna‘m
1197 2051 1382 2106 extra
1423 2035 1649 2106 littora
1703 2035 2035 2125 ejecisset,
2097 2047 2301 2120 atque
2359 2034 2742 2124 impellente
2781 2042 2909 2097 vento

448 2122 691 2192 validis
740 2124 1067 2194 fluctibus
1106 2125 1505 2204 exundaret,
1558 2124 2123 2210 elevarenturque
2168 2124 2510 2193 fluctuum
2563 2133 2806 2192 montes
2841 2137 2900 2180 vra·

446 2211 613 2292 lidi,
667 2214 786 2298 qui
841 2235 971 2282 non
1028 2236 1311 2301 parvum
1385 2214 1811 2283 intuentibus
1877 2213 2263 2304 ingererent
2311 2226 2568 2292 metum
2603 2267 2618 2290 ‚
2671 2219 2906 2278 exoratus

446 2299 684 2370 beatus
734 2301 1089 2370 Confessor
1136 2302 1475 2382 obtinuit,
1535 2303 1713 2372 sicut
1759 2300 2151 2382 credimus,
2208 2302 2478 2370 virtutis
2526 2321 2688 2369 suae
2731 2295 2906 2365 suffra-

444 2390 601 2479 gio,
663 2401 781 2470 ut,
839 2391 1252 2480 compressis
1300 2390 1733 2481 fragoribus,
1803 2389 2085 2481 planum
2156 2389 2509 2480 praeberet
2562 2390 2794 2459 flumen
2838 2380 2906 2450 al·

446 2499 667 2547 veum.
723 2484 800 2635 gt
849 2480 1304 2579 sidingressi
1358 2501 1641 2560 navem,
1706 2479 1788 2548 ad
1856 2480 2077 2568 ripam
2128 2479 2412 2549 alteram
2468 2478 2611 2547 sine
2678 2470 2906 2566 periculo

444 2588 687 2635 sumus
776 2583 1010 2637 evecti.

890 2874 1502 2976 MARTYRtUM
1576 2876 1650 2974 S.
1725 2874 2390 2976 CATHARINAE

502 3124 787 3172 AUCTORE
838 3128 1107 3176 stnssomt
1165 3129 1635 3174 HETAmmAsTE.
1691 3129 1978 3175 HABETUR
2028 3129 2092 3174 IN
2141 3127 2376 3183 QUINTO
2426 3128 2588 3175 ’[0Μο
2637 3124 2856 3173 ΑιΟῩΒΙΙ.

660 3323 1069 3389 sanguinem
1110 3323 1419 3390 profudit
1460 3337 1637 3378 anno
1681 3324 1962 3390 probab.
2009 3325 2133 3379 307
2161 3353 2237 3364 —
2267 3323 2736 3379 Alexandrina.

523 3528 558 3609 ᾗ·
607 3529 680 3595 1.
736 3527 1123 3612 Imperante
1175 3522 1385 3612 impio
1438 3523 1791 3602 Maxentio,
1852 3525 2250 3591 universum
2312 3524 2674 3613 imperium
2723 3526 2894 3589 Rome·

436 3634 679 3681 norum
725 3611 1265 3701 amplectebatur
1314 3611 1605 3701 impium
1658 3611 1923 3681 cultum
1981 3616 2430 3681 Daemonum.
2487 3618 2552 3683 Is
2596 3611 2758 3680 enirn
2796 3602 2892 3673 ,lle-

434 3700 756 3769 xandrlae
810 3700 1208 3789 praesidens
1259 3700 1326 3769 in
1374 3699 1639 3769 excelso
1687 3713 1751 3768 et
1800 3699 2084 3770 sublimi
2135 3700 2518 3781 tribunali,
2571 3699 2771 3769 emisit
2809 3693 2887 3760 hoc

435 3788 727 3889 impium
769 3788 1096 3869 edictum,
1153 3800 1226 3858 ut
1258 3810 1498 3858 omnes
1538 3789 1772 3870 simul,
1812 3790 1933 3876 qui
1982 3802 2178 3859 erant
2228 3790 2294 3858 in
2337 3790 2488 3879 ejus
2528 3798 2812 3879 potestate
2844 3798 2888 3845 at*

430 3877 709 3957 ditione,
750 3876 1144 3947 simulacris
1194 3878 1684 3947 sacrificarent.
1746 3878 1933 3947 Unde
1970 3879 2175 3947 etiam
2231 3900 2351 3968 per
2401 3880 2769 3948 universum
2805 3875 2885 3965 Βρ-

434 3987 716 4035 manum
771 3966 1137 4122 imperium
1195 3966 1552 4035 manifesta
1594 3966 1897 4046 suerunt,
1954 3989 2128 4054 quae
2177 3966 2449 4036 decreta
2499 3966 2774 4041 fuerant,
2814 3957 2884 4024 lll-

436 4056 592 4125 teris
631 4054 723 4123 ita
764 4076 836 4126 se
926 4054 1335 4126 abentibus:
1392 4078 1425 4121 «
1463 4061 1842 4145 Imperator
1893 4056 2295 4137 MaxentiuS,
2331 4056 2452 4144 qui
2508 4066 2659 4127 sunt
2693 4052 2749 4118 in
2784 4062 2879 4115 mea

482 4201 508 4227 ⁸
537 4199 751 4243 Sanctus.
769 4193 967 4243 sentoet.
984 4197 1234 4245 Martinus,
1252 4201 1426 4239 Tui-on.
1447 4200 1674 4240 Antiates.
2747 4246 2752 4249 ,

483 4252 536 4279 Φ*
568 4252 719 4301 vulgo
748 4252 897 4303 Blaye.
916 4252 1038 4291 intra
1057 4253 1350 4292 coufluouten
1369 4254 1636 4292 Garumnae
1656 4252 1784 4303 (gall.
1806 4252 2028 4304 Gar-oum)
2045 4254 2095 4292 et
2114 4254 2308 4293 Durum
2336 4255 2462 4304 (gall.
2485 4252 2716 4300 Dardae-c),
2742 4255 2779 4284 ω
2796 4242 2873 4280 ⁴¹2*

430 4305 525 4344 oeni
546 4302 887 4353 Burdogalensi
906 4305 1194 4356 (Bor-deam).
1216 4306 1427 4346 Ecclesia
1444 4307 1485 4345 8.
1506 4308 1704 4346 Romani
1723 4308 1863 4346 etlam
1885 4316 2011 4345 nunc
2029 4307 2218 4347 visitur.
2707 4356 2710 4357 ⁷

484 4356 567 4383 ⁸*‘
595 4357 722 4404 Quae
742 4359 790 4398 et
808 4358 1116 4398 Aecnthnrina
1136 4360 1346 4399 vocatur.
1367 4357 1533 4401 Graeci
1555 4361 1828 4400 Καισωνίαν»
1850 4359 1967 4410 (seu,
1987 4372 2156 4410 semper
2171 4358 2371 4411 puram).
2391 4371 2490 4401 eam
2509 4353 2726 4409 appeliant.
