2993 4837
472 304 599 368 622
1202 320 1280 366 ns
1329 321 1384 366 s.
1437 319 1813 367 commemo
1862 321 2103 366 Anam:
2595 302 2747 367 Now.
2782 305 2836 369 2t

383 406 767 475 admitteret
813 404 1173 495 fragilitas,
1212 402 1383 473 velle
1413 403 1734 473 exhibere
1763 417 2209 473 sectatorem:
2249 427 2286 470 «
2317 404 2446 487 Qui
2494 403 2651 485 vult,
2677 405 2850 491 inquit

383 493 712 573 Christus,
760 506 910 583 post
952 515 1057 562 me
1099 493 1351 571 venire,
1395 493 1688 583 abneget
1722 493 2171 581 semetipsum
2222 492 2379 572 sibi,
2431 506 2497 562 et
2531 492 2706 562 tollat
2742 514 2855 563 cru·

381 604 529 653 cem
570 604 794 663 suam,
839 595 902 652 et
935 593 1264 670 sequatur
1311 603 1419 650 me
1465 584 1650 665 (Luc.
1689 580 1871 669 1x).»
1921 582 2301 671 Respondit
2343 586 2518 651 Rex:
2571 604 2606 647 <t
2635 584 2688 652 si
2721 581 2859 651 Chri·

381 671 468 740 sti
501 674 777 740 Crucem
834 670 1088 752 tollere,
1145 683 1208 740 et
1255 691 1410 739 eum
1465 692 1535 739 se
1589 670 1657 738 ui
1709 669 2083 751 desideraS,
2140 670 2367 760 potius
2411 670 2624 738 eremi
2661 684 2860 741 sectare

380 758 724 847 quietem;
776 771 1040 829 *tantum
1094 780 1176 827 ne
1220 769 1487 828 nostrae
1586 758 1817 830 itionis
1865 758 2097 829 relicto
2148 758 2317 840 solO,
2369 759 2454 827 ad
2494 758 2740 829 vicinas
2776 760 2862 828 ab·

379 870 495 917 cas
557 848 910 929 nationcS,
979 858 1054 917 ut
1112 859 1179 916 et
1248 846 1367 916 tibi
1430 861 1806 936 augmenta
1869 847 2332 936 praemiorum
2397 850 2871 937 compare5,et
2943 892 2944 915 i

382 947 651 1008 nostrae
684 936 889 1007 saluti
922 950 1305 1035 opportune
1343 936 1720 1036 provideas
1757 959 1791 1001 »
1843 936 1916 1004 ld
1962 936 2080 1006 ubi
2122 935 2386 1005 audivit
2426 935 2867 1017 columbanus,
2939 968 2944 993 1

379 1025 869 1114 obtemperavit
918 1030 1121 1115 Regis
1172 1024 1642 1114 persuastoni,
1691 1045 2145 1111 eremumque
2201 1024 2438 1113 petiit,
2496 1046 2673 1112 quae
2714 1029 2870 1093 Vosa-

379 1137 510 1204 gus
550 1114 585 1148 '⁴²
632 1113 1010 1193 dicebatur,
1079 1125 1334 1182 vastam
1393 1134 1580 1195 sane,
1638 1113 1707 1181 in
1749 1136 1893 1200 qua
1942 1126 2243 1182 castrum
2293 1125 2468 1190 erat,
2513 1113 2674 1183 olim
2723 1112 2870 1182 diru-

380 1216 553 1284 tum,
606 1203 787 1290 quod
844 1201 1225 1289 antiquitus
1272 1205 1646 1292 Anagratas
1678 1201 1746 1235 *⁴⁸
1797 1201 2314 1291 nuncupabant.
2381 1201 2478 1270 Ad
2525 1202 2711 1290 quod
2753 1223 2868 1271 cum

382 1292 484 1359 v-ir
512 1303 792 1360 sanctus
844 1313 963 1380 per
985 1312 1227 1378 aspera
1259 1303 1481 1359 vastae
1529 1289 1924 1360 solitudinis
1973 1290 2480 1379 scopulosaque
2511 1291 2871 1381 pervenisset

383 1380 576 1461 loca,
651 1380 744 1449 ibi
793 1400 952 1448 cum
1005 1380 1151 1447 suis
1200 1377 1470 1459 resedit,
1524 1379 1621 1447 exi
1680 1400 1769 1448 uo
1816 1379 2142 1449 alimento
2209 1392 2580 1449 contentus
2612 1436 2627 1460 ,
2697 1380 2873 1449 animo

378 1489 929 1537 commemorans
980 1466 1149 1536 illud
1188 1468 1578 1556 Scripturae
1679 1468 1921 1548 ivinae,
1977 1489 2112 1536 non
2154 1469 2219 1535 in
2272 1466 2415 1536 solo
2476 1491 2659 1559 pane
2707 1470 2870 1537 vivere

381 1556 780 1637 hominem,
836 1555 950 1625 sed
1005 1556 1206 1625 verbo
1270 1556 1441 1624 vitae
1486 1556 1769 1625 satiatos
1799 1611 1814 1636 ,
1872 1555 2109 1624 multis
2156 1556 2520 1625 abundare
2570 1557 2872 1648 dapibus:

376 1667 549 1732 quas
581 1638 701 1732 qui
750 1644 1062 1735 gustarit,
1102 1666 1459 1730 nunquam
1510 1645 2031 1744 possitesurire.

464 1737 500 1820 ξ
547 1739 641 1805 θ.
698 1737 860 1803 Cum
904 1732 1051 1820 jam
1108 1733 1307 1803 multi
1376 1755 1449 1802 se
1509 1755 1575 1801 in
1626 1733 1780 1821 ejus
1829 1732 2358 1803 contubernium
2418 1746 2487 1803 et
2540 1733 2878 1805 societatem

381 1822 701 1891 monachi
751 1821 1267 1911 adjunxissent,
1322 1821 1406 1890 de
1467 1821 1919 1892 commodiori
1972 1821 2036 1889 in
2091 1844 2170 1890 ea
2217 1844 2449 1891 eremo
2515 1819 2879 1910 inquirendo

385 1910 531 1980 loco
578 1910 877 2001 cogitare
902 1910 1145 2000 coepit,
1185 1909 1306 1978 ubi
1359 1911 1852 1980 monasterium
1901 1921 2347 1980 construeret.
2400 1911 2677 1981 Invenit
2701 1923 2879 1980 autem

376 2012 674 2069 castrum
712 1999 1086 2087 quoddam,
1139 1997 1323 2086 quod
1363 1997 1526 2067 olim
1559 1998 2106 2069 munitissimum
2140 1997 2404 2079 fuisset,
2452 2001 2494 2068 'a
2528 1998 2880 2091 supradicto

378 2088 526 2158 loco
572 2087 839 2158 distans
874 2086 1031 2177 plus
1064 2088 1298 2157 minus
1343 2100 1493 2157 octo
1546 2087 1987 2168 milliaribuS,
2042 2087 2290 2177 priscis
2332 2090 2761 2177 temporibus
2784 2091 2874 2156 Lu·

378 2176 653 2246 xovium
689 2176 793 2212 *⁴*
844 2188 1360 2265 nuncupatum:
1415 2175 1536 2245 ubi
1584 2176 1788 2246 etiam
1834 2175 2137 2245 thermae
2189 2177 2330 2246 sive
2376 2197 2608 2263 aquae
2665 2174 2876 2246 calidae

377 2266 628 2335 eximio
665 2286 869 2355 opere
917 2276 1298 2335 exstructae
1333 2264 1785 2334 habebantur.
1840 2263 2088 2334 Multae
2124 2263 2264 2333 illic
2311 2276 2585 2335 statuae
2622 2264 2876 2355 lapideae

378 2367 595 2436 erant,
656 2375 831 2442 quas
892 2353 1086 2424 cultu
1143 2352 1519 2424 miserabili
1582 2354 1855 2442 rituque
1913 2352 2201 2455 profano
2265 2355 2520 2445 pagani
2572 2352 2875 2442 quondam

377 2444 754 2524 coluerant,
820 2442 1320 2513 execrabilibus
1380 2465 1496 2514 eas
1542 2443 1994 2513 caeremoniis
2043 2456 2561 2533 prosequentes,
2618 2450 2694 2513 At
2737 2461 2878 2511 nunc

382 2533 567 2602 solae
607 2531 749 2602 illic
788 2531 967 2601 ferae
1015 2530 1307 2613 belluae,
1346 2531 1516 2611 ursi,
1553 2530 1818 2613 bubali,
1873 2531 2019 2621 lupi
2067 2531 2455 2618 frequentes
2488 2532 2873 2602 visebantur.

2941 932 2944 963 l

2941 2503 2944 2556 l

374 2620 478 2689 lbi
535 2642 698 2710 ergo
760 2620 863 2688 vir
900 2620 1219 2710 egregius
1268 2621 1759 2690 monasterium
1812 2632 2208 2690 construere
2247 2620 2493 2710 coepit.
2552 2621 2760 2778 Cusus
2809 2616 2872 2686 rei
2943 2669 2944 2672 ,

374 2708 555 2779 sama
590 2730 750 2779 cum
788 2708 1312 2798 percrebuisset,
1366 2707 1565 2778 multi
1615 2708 1922 2795 undique
1969 2729 2047 2778 eo
2087 2708 2426 2791 advolare,
2461 2723 2528 2779 et
2568 2732 2642 2778 re

2675 2707 2875 2799 igionis
2943 2719 2944 2722 ’

374 2798 601 2867 studio
638 2818 789 2867 sese
834 2796 1064 2866 dicare
1111 2809 1519 2886 coeperunt:
1566 2797 1656 2866 ita
1708 2810 1781 2867 ut
1820 2798 1891 2866 in
1922 2818 2084 2867 eum
2129 2817 2498 2866 numerum
2545 2795 2872 2868 monacho·
2943 2835 2944 2862 i

373 2907 526 2955 rum
572 2885 950 2972 frequentia
982 2899 1419 2967 excresceret,
1474 2897 1552 2955 ut
1585 2885 1796 2956 unius
1833 2885 2228 2955 monasterii
2275 2885 2571 2977 collegio
2616 2887 2721 2955 vix
2745 2905 2872 2954 con-

374 2974 577 3044 tineri
625 2995 823 3065 posse
864 2974 1308 3045 -viderentur.
1388 2973 1850 3044 Accurrebant
1918 2974 2229 3061 undique
2291 2975 2498 3043 etiam
2577 2974 2874 3044 nobilium

371 3062 522 3138 filii,
576 3076 649 3133 ut
698 3063 942 3152 spretis
990 3063 1236 3134 mundi
1287 3062 1494 3152 hujus
1543 3063 2085 3144 oblectamentis,
2140 3062 2535 3150 divitiisque
2584 3061 2871 3136 calcatis,

370 3165 642 3222 aeterna
678 3153 982 3242 praemia
1030 3165 1486 3242 capesserent.
1543 3156 1837 3221 Cernens
1875 3165 2103 3221 autem
2155 3151 2394 3220 beatus
2433 3151 2870 3221 Columbanus

370 3241 551 3312 ultro
589 3240 897 3329 citroque
967 3241 1282 3310 homines
1330 3239 1414 3309 ad
1490 3240 1945 3330 poenitentiae
2009 3239 2310 3310 remedia
2366 3239 2730 3320 advolare,
2780 3256 2872 3305 nec

368 3331 580 3401 unius
612 3330 923 3400 coenobii
972 3329 1309 3408 limitibus
1350 3341 1608 3399 tantam
1662 3328 2174 3398 multitudinem
2227 3329 2489 3417 absque
2526 3328 2738 3399 multa
2769 3322 2870 3393 dii·
2943 3335 2944 3346 ¹

368 3419 671 3489 ficultate
718 3417 1212 3509 comprehendi
1263 3440 1458 3507 posse
1489 3417 1841 3507 (quamvis
1885 3419 2071 3486 enim
2121 3418 2400 3487 animus
2449 3438 2634 3486 unus
2680 3428 2741 3485 et
2781 3431 2870 3508 cor

367 3521 545 3577 esset
590 3508 901 3577 omnium
944 3561 959 3588 ‚
1017 3528 1151 3576 non
1194 3518 1418 3577 tamen
1470 3507 1538 3576 id
1592 3518 1816 3576 tantae
1867 3504 2333 3576 multitudinis
2403 3504 2862 3575 conversationi

366 3619 752 3688 congruum
804 3595 1233 3684 videbatur);
1285 3595 1500 3665 alium
1537 3594 1826 3682 inquirit
1864 3595 2117 3674 locum,
2174 3616 2379 3681 quem
2419 3615 2751 3682 aquarum
2777 3609 2864 3690 co·

369 3686 478 3777 pia
529 3698 824 3756 ornaret.
879 3690 1026 3767 Quo
1078 3697 1392 3775 reperto,
1450 3684 1650 3754 aliud
1715 3683 1856 3754 illic
1908 3682 2400 3753 monasterium
2463 3682 2858 3752 aedificarit,

365 3775 544 3862 quod
614 3779 950 3844 Fontanas
988 3773 1127 3808 ’Μ’
1176 3772 1388 3843 voluit
1435 3797 1469 3842 a
1533 3773 1818 3863 pellari;
1871 3772 2070 3860 eique
2137 3771 2563 3862 praepositos
2606 3768 2776 3840 dedit
2809 3775 2863 3864 et

416 3865 883 3944 ubernatoreS,
931 3862 1016 3932 de
1061 3879 1356 3950 quorum
1413 3796 1741 3952 religione
1791 3883 1992 3930 nemo
2039 3860 2405 3930 dubitaret.
2467 3861 2583 3929 His
2625 3879 2772 3946 ergo
2805 3872 2855 3920 in

391 3954 535 4024 ocis
583 3975 742 4022 cum
794 3950 1168 4023 monachos
1218 3951 1647 4032 instituisset,
1704 3952 1850 4040 ipse
1899 3949 2200 4026 vicissim
2235 3948 2376 4018 illis
2416 3948 2662 4026 aderat,
2691 3962 2856 4014 cano·

368 4063 663 4129 nemque
710 4041 852 4113 sive
911 4040 1248 4131 regulam,
1300 4062 1510 4126 quam
1560 4052 2010 4127 sequerentur
2058 4037 2319 4129 Spiritu
2366 4041 2604 4107 Sancto
2648 4032 2852 4124 plenus

416 4276 438 4297 ·
474 4275 630 4322 Vocon
660 4274 804 4319 vulgo
839 4271 1078 4313 dicuntur.
1114 4273 1409 4312 Proh-‚bilius
1442 4276 1598 4312 tmen
1635 4272 1680 4313 8.
1716 4272 2033 4312 columbanus
2068 4271 2117 4309 in
2148 4269 2270 4331 hano
2295 4267 2590 4311 solitudinem
2617 4274 2662 4306 se
2685 4253 2847 4304 ree-⁸3²

365 4336 486 4366 tuno
507 4329 583 4365 589
604 4327 680 4364 vel
701 4329 792 4371 590.
811 4329 1038 4373 regnante
1060 4324 1243 4365 scillcet
1262 4325 1561 4366 Ohildeberto
1580 4326 1624 4366 11
1645 4323 1870 4376 (sta-⁵⁹6),
1888 4324 2117 4375 sigeberti
2135 4324 2180 4363 11
2196 4324 2308 4364 nuo.

419 4379 473 4406 *¹⁸
502 4379 680 4417 Deinde
700 4381 904 4430 Anam-ay
928 4379 1144 4418 vocatum
1165 4380 1270 4419 ruit.

418 4432 501 4459 *⁰*
532 4431 678 4470 Hodie
707 4431 909 4472 Lam-aie.
1744 4431 1849 4459 ⁸⁰*-
1878 4430 2030 4481 Vulgo
2059 4431 2307 4471 ronedum.
