2993 4837
537 308 647 370 00·
1165 325 1239 369 ne
1287 324 1375 369 ss.
1433 323 1744 369 Acmnwo
1795 326 1865 368 ar
1913 324 2112 370 sociis
2162 325 2276 370 nu.
2702 307 2857 371 Nov.
2899 310 2928 370 Ξ

449 409 848 497 amplector,
890 406 1114 494 utqui
1156 422 1443 475 vestram
1498 407 1856 476 didicerim
1895 410 2210 476 virtutem
2264 420 2326 476 et
2387 407 2829 478 fortitudinem
2869 433 2928 478 ex

448 498 830 567 constantia
869 495 935 563 in
989 496 1363 577 tormentis.
1420 496 1487 564 Si
1537 496 1716 564 enirn
1761 496 1927 565 mihi
1983 498 2373 586 parueritis,
2430 519 2547 565 vos
2597 498 2816 586 primis
2850 497 2929 564 di·

448 586 713 675 gnabor
746 585 1149 663 honoribuS,
1178 596 1243 652 et
1270 584 1639 654 concedam
1691 585 1866 652 dona
1904 584 2112 675 digna
2144 598 2357 654 vestra
2413 587 2720 672 virtute.»
2752 585 2936 655 Sancti

448 688 717 745 autem:
756 697 807 754 ,«
846 678 974 743 Nec
1026 673 1171 754 tibi,
1233 673 1594 753 dixerunt,
1663 695 1784 740 nec
1836 673 2032 742 nobis
2082 674 2334 743 frustra
2408 674 2668 743 labores
2715 675 2933 743 exhibe.

450 764 575 833 Sed
616 785 737 832 nec
788 776 859 831 tu
904 764 1099 833 nobis
1151 785 1414 852 parcas,
1474 785 1594 830 nec
1645 775 1705 830 te
1736 764 1941 831 nostri
1997 762 2139 832 ulla
2176 777 2436 831 moveat
2475 763 2936 832 misericordia:

451 863 743 921 mentem
795 852 974 919 enim
1033 864 1330 920 nostram
1386 872 1739 938 nunquam
1809 853 2073 929 flectes,
2128 865 2247 920 aut
2297 853 2634 921 bonorum
2691 854 2936 942 promis·

452 943 570 1023 siS,
615 953 733 1009 aut
767 941 973 1009 minis
1014 940 1350 1009 malorum
1391 940 1763 1018 intentatiS,
1806 954 1923 1008 aut
1976 953 2160 1008 metu
2205 941 2466 1021 mortis,
2503 963 2676 1028 quae
2721 953 2812 1009 est
2850 940 2940 1008 tihi

452 1030 801 1100 terribilis.
841 1029 1194 1111 Quomodo
1240 1029 1421 1097 enim
1479 1041 1761 1097 mortem
1819 1029 2191 1101 timuerint.
2245 1051 2419 1116 quos
2471 1030 2596 1099 hoc
2640 1031 2843 1117 magis
2875 1028 2944 1094 al-

452 1119 597 1188 ficit
647 1118 977 1199 molestia,
1015 1117 1193 1203 quod
1232 1116 1439 1185 semel
1474 1129 1541 1184 et
1574 1139 1705 1185 non
1741 1116 1988 1185 millies
2020 1119 2285 1206 possint
2319 1119 2487 1186 mori
2525 1140 2646 1208 pro
2691 1118 2946 1186 Christo?

456 1213 582 1277 Fac
631 1229 792 1295 ergo
839 1207 973 1275 cito
1030 1206 1095 1274 id
1146 1205 1325 1294 quod
1381 1228 1418 1274 a
1469 1207 1703 1295 tejam
1756 1218 1857 1272 est
1898 1206 2314 1293 judicatum.
2353 1211 2483 1276 Nos
2530 1208 2714 1275 enim
2760 1228 2945 1293 exspe-

454 1308 591 1366 ctat
637 1296 890 1365 chorus
940 1309 1380 1364 sanctorum:
1418 1308 1492 1364 ut
1522 1297 1723 1363 etiam
1781 1295 1998 1384 magis
2042 1295 2158 1363 tibi
2201 1317 2494 1385 agamus
2543 1296 2793 1386 gratias
2830 1316 2946 1385 pro·

460 1398 606 1474 pter
653 1385 939 1454 celerem
978 1384 1671 1453 consummationem.
1703 1407 1737 1449 »

544 1476 580 1559 ξ
628 1478 774 1544 18.
834 1472 955 1541 Ille
1004 1486 1258 1551 autem,
1335 1471 1646 1562 deposita
1697 1475 2026 1561 persona,
2080 1484 2144 1540 et
2195 1472 2348 1541 licta
2399 1472 2625 1541 ablata
2681 1493 2946 1540 mansue·

456 1561 733 1630 tudine:
788 1567 992 1631 «Non
1040 1583 1158 1651 per
1204 1560 1389 1640 deos,
1451 1561 1695 1655 inquit,
1763 1582 1894 1628 non
1948 1562 2410 1646 assequemini
2475 1561 2537 1629 id
2591 1562 2771 1649 quod
2818 1560 2948 1627 desi·

456 1651 733 1719 deratiS.
769 1673 803 1715 »
853 1651 1058 1719 Jubet
1106 1672 1268 1739 ergo
1315 1672 1454 1727 θος,
1510 1671 1665 1717 cum
1719 1649 1972 1717 fuerint
2017 1648 2193 1718 ferro
2245 1650 2477 1727 vincti,
2533 1651 2600 1717 in
2661 1650 2948 1719 tutissima

458 1740 710 1808 servari
746 1740 1082 1808 custodia.
1142 1744 1289 1826 Ipse
1339 1752 1564 1806 autem
1618 1759 1773 1805 cum
1820 1750 1952 1806 tota
2007 1750 2199 1806 nocte
2247 1739 2772 1813 considerasset,
2823 1759 2948 1824 qua-

460 1851 617 1896 nam
660 1841 871 1896 morte
910 1850 1024 1898 eos
1073 1827 1394 1907 afficeret,
1445 1849 1645 1896 mane
1669 1826 1868 1916 jubet
1918 1828 1982 1894 in
2029 1826 2371 1895 fornacem
2430 1828 2610 1917 ignis
2653 1829 2950 1896 ardentem

458 1917 726 1984 divinos
789 1917 1019 2005 jacere
1072 1929 1444 2003 martyres,
1508 1928 1583 1984 ut
1637 1916 1919 1984 omnino
1968 1921 2396 2003 consumptis
2447 1918 2708 1984 sanctis
2764 1930 2950 1984 eorum

457 2004 884 2094 corporibus.
944 2028 1026 2074 ne
1083 2005 1259 2074 cinis
1308 2005 1583 2092 quidem
1654 2003 2151 2089 relinqueretur
2200 2005 2604 2075 Christianis
2678 1996 2948 2074 desideri‘

457 2094 563 2162 sui
601 2093 943 2164 solatium.
1002 2096 1127 2179 Qui
1178 2115 1334 2161 cum
1375 2116 1529 2161 mox
1560 2093 1784 2161 educti
1822 2092 2115 2161 fuissent
2153 2114 2188 2159 e
2227 2094 2559 2171 custodia,
2607 2096 2710 2162 eis
2749 2110 2942 2191 inagna

460 2204 618 2251 voce
666 2183 1068 2252 acclamavit
1121 2195 1493 2271 tyrannus:
1552 2186 1782 2250 «Ecce
1835 2182 2134 2272 praemia
2177 2194 2431 2251 vestrae
2467 2182 2945 2257 inobedientiae,

458 2271 826 2342 ostendens
884 2293 1095 2339 manu
1168 2271 1553 2338 fornacem:
1622 2292 1827 2357 quam
1885 2269 2119 2338 nullus
2169 2269 2384 2347 alius,
2449 2271 2561 2338 sed
2619 2295 2740 2341 vos
2787 2268 2952 2338 vobis-

461 2361 629 2450 ipsis
678 2360 1109 2431 accendistis.
1158 2384 1189 2424 »
1243 2359 1639 2449 Acindynus
1686 2380 1870 2448 ergo,
1913 2359 2150 2428 beatus
2200 2359 2441 2429 Christi
2498 2375 2783 2451 martyr,
2838 2374 2948 2427 cuin

460 2448 923 2528 intellexisset,
955 2471 1161 2535 quam
1192 2461 1367 2517 esset
1404 2448 1788 2517 malitiosus
1815 2461 1877 2516 et
1908 2448 2284 2537 versipellis
2328 2463 2693 2537 tyrannns:
2732 2477 2764 2514 «
2789 2454 2948 2520 Forte.

460 2539 707 2625 inquit,
766 2537 1159 2627 prophetice
1208 2537 1328 2607 tibi
1392 2559 1636 2607 nomen
1690 2537 2021 2625 imposuit
2089 2550 2339 2605 mater:
2389 2537 2450 2605 id
2503 2539 2690 2607 enim
2748 2551 2950 2628 patrem

460 2628 875 2694 daemonum
929 2626 1293 2715 significat.
1348 2631 1445 2694 Tu
1496 2639 1722 2694 autem
1793 2647 1922 2693 non
2001 2638 2188 2714 pater
2249 2625 2710 2706 daemonum,
2769 2626 2954 2695 sedes

460 2727 689 2806 aperte
728 2714 912 2784 lilius
942 2715 1115 2804 ejus,
1147 2715 1261 2800 qui
1297 2713 1423 2782 fuit
1475 2714 1813 2783 homicida
1845 2714 1930 2782 ab
1974 2715 2204 2782 initio:
2250 2716 2572 2801 quoniam
2611 2716 2768 2802 ejus
2799 2729 2952 2803 opera

463 2803 774 2880 imitaris,
830 2804 1053 2889 utqui
1106 2803 1463 2871 hominum
1512 2805 1870 2893 sanguine,
1921 2803 2097 2872 sicut
2149 2804 2330 2890 ipse,
2377 2803 2825 2874 delecteris.»
2877 2798 2954 2867 llle

462 2914 639 2972 vern,
695 2914 851 2960 cum
900 2892 1078 2960 verbi
1116 2892 1451 2961 acerbitas
1499 2893 1647 2980 ejus
1697 2893 2007 2960 animum
2066 2892 2564 2963 momordisset.
2626 2907 2834 2961 matre
2872 2905 2954 2957 sut

463 2982 831 3051 accersita:
887 2981 1126 3062 «Quid
1166 2980 1359 3061 mihi,
1417 2981 1663 3067 inquit,
1704 3003 1741 3049 o
1796 2994 2029 3059 mater,
2090 3002 2332 3048 nomen
2388 2981 2516 3049 sihi
2571 2982 2828 3049 vult?»
2874 2975 2958 3044 llla

465 3082 727 3138 autem:
784 3070 1035 3149 «Scio,
1097 3070 1356 3156 inquit,
1426 3069 1550 3137 hoc
1599 3091 1747 3139 esse
1812 3069 1926 3137 tibi
2002 3083 2386 3159 paternum.
2440 3069 2786 3150 Quidnam
2851 3082 2957 3132 vero

469 3159 681 3249 possit
720 3157 1158 3248 significare,
1217 3158 1467 3227 nesciO.
1529 3182 1562 3224 >›
1601 3163 1889 3247 Sapores
1954 3170 2225 3226 autem:
2282 3182 2316 3223 «
2352 3159 2474 3226 Sed
2534 3159 2676 3236 isti,
2748 3154 2954 3242 inquit.

463 3247 997 3316 cacodaemones
1046 3246 1287 3315 dicunt
1359 3247 1482 3315 hoc
1542 3247 1933 3335 significare
1985 3261 2241 3336 patrem
2312 3246 2759 3315 daemonum.
2814 3233 2958 3336 Quod

464 3339 522 3406 si
563 3337 859 3406 habeant
910 3336 1251 3403 veritatem
1310 3336 1373 3402 in
1429 3335 1555 3403 hoc
1605 3335 1732 3405 sibi
1785 3337 2297 3424 suffragantem,
2357 3358 2486 3403 non
2545 3336 2724 3408 illos.
2779 3332 2881 3402 sed
2923 3343 2960 3395 te

469 3426 662 3526 prius
723 3424 980 3494 tradam
1039 3425 1234 3493 morti
1287 3424 1668 3492 acerbae.»
1717 3424 1842 3491 Illa
1906 3446 2058 3492 vero
2116 3423 2525 3492 subridens:
2581 3448 2616 3489 «
2653 3424 2958 3516 Omnino..

468 3517 712 3602 inquit,
778 3513 905 3583 nisi
960 3513 1083 3581 hoc
1133 3527 1362 3601 aperte
1412 3525 1729 3592 nossent,
1798 3535 1926 3580 non
1984 3512 2067 3581 ita
2120 3512 2452 3581 auderent
2502 3512 2687 3598 loqui
2767 3505 2965 3578 mutis

467 3603 1039 3694 praesentibus.»
1093 3603 1265 3669 Hinc
1320 3600 1569 3669 sactum
1623 3614 1743 3680 est,
1814 3615 1884 3669 ut
1937 3603 2057 3681 ira,
2114 3623 2290 3688 quae
2336 3601 2640 3670 cohiberi
2706 3623 2833 3668 non
2884 3616 2965 3685 po*

470 3706 656 3773 terat,
714 3691 1060 3760 invaderet
1128 3690 1311 3758 hunc
1374 3691 1866 3769 execrandum3
1928 3692 2294 3777 statimque
2358 3712 2513 3759 cum
2589 3690 2794 3758 simul
2844 3703 2965 3753 cuin

468 3786 598 3850 Deo
645 3801 1082 3850 communem
1135 3779 1540 3868 abnegasset
1590 3792 1932 3857 naturam,
1988 3794 2051 3846 et
2104 3781 2223 3847 nst:
2267 3780 2491 3868 ipsum
2544 3780 2864 3847 omnibus
2888 3793 2965 3838 ra-

466 3892 619 3938 rum
667 3891 912 3938 nornen
968 3869 1205 3937 matris
1253 3883 1429 3937 esset
1464 3869 1812 3945 reveritus,
1853 3868 2031 3954 quod
2074 3868 2169 3935 vel
2227 3868 2395 3956 ipsis
2431 3867 2589 3934 feris
2636 3879 2699 3934 et
2741 3865 2965 3959 anima-

469 3958 652 4027 libus
704 3958 987 4027 rationis
1056 3957 1447 4046 expertibus
1508 3957 1700 4026 affert
1766 3958 2243 4037 reverentiam,
2311 3958 2370 4024 ei
2434 3977 2678 4023 manus
2742 3953 2965 4040 injicit.

470 4069 719 4115 manus
750 4047 820 4135 (o
858 4047 1087 4116 divina
1117 4047 1385 4133 justitia
1414 4047 1463 4134 1)
1503 4047 1704 4115 homo
1759 4047 1821 4112 in
1883 4051 2192 4124 matrem,
2247 4058 2310 4114 et
2368 4059 2650 4113 matrem
2717 4045 2853 4130 jain
2891 4057 2965 4102 ve·

467 4135 710 4214 tulam,
766 4150 831 4204 et
866 4136 1049 4204 lilius
1103 4135 1299 4204 matri
1330 4135 1654 4225 impingit
1693 4134 1990 4222 alapam,
2029 4135 2372 4238 egregiam
2411 4133 2471 4202 ei
2510 4131 2796 4200 reddens
2833 4147 2965 4196 mer*

467 4225 701 4292 cedem
750 4225 1165 4304 nutritioniS,
1206 4238 1324 4292 aut
1360 4224 1585 4310 potius
1622 4223 1937 4292 lubenter
1982 4223 2261 4302 dixeris,
2309 4222 2427 4309 qui
2483 4220 2806 4308 majorem
2846 4219 2965 4302 jure

467 4321 610 4381 erat
660 4311 1076 4390 redditurus,
1132 4312 1311 4401 quod
1355 4312 1467 4380 illa
1507 4312 1635 4380 tale
1685 4312 1945 4380 malum
2003 4313 2066 4379 in
2121 4310 2339 4379 lucem
2377 4309 2685 4378 ediderit.
2734 4307 2846 4375 llla
2877 4322 2965 4369 au⁴

469 4415 597 4470 tem
655 4400 1015 4490 procidens
1048 4401 1129 4469 ad
1187 4401 1389 4490 pedes
1433 4405 1836 4469 Sanctorum
1869 4424 1881 4466 ε
1922 4423 1955 4464 «
1991 4404 2258 4469 Servate
2297 4421 2515 4468 ineam
2555 4405 2965 4494 senectutem,
