2993 4837
37 278 166 342 lOV.
220 279 303 341 28
692 297 766 341 ni:
816 298 870 342 s,
925 294 1249 342 srsrnano
1296 296 1565 343 sumone
1613 298 1800 344 mar.
2307 280 2433 344 703

37 379 432 449 radiderunt.
464 385 553 449 Ne
589 380 787 469 longe
834 382 1101 460 abeam,
1140 392 1288 470 post
1320 381 1568 449 Christi
1610 383 1675 448 in
1719 381 1982 450 coelum
2020 383 2515 460 ascensionem,

38 469 219 536 iulier
270 467 385 536 illa
424 521 438 546 ,
501 490 678 554 quae
734 469 1098 558 sanguinis
1199 470 1485 538 rossuvio
1537 470 1932 550 laborabat,
1987 472 2073 541 ab
2122 493 2199 540 eo
2249 471 2525 540 sanitati

38 559 300 634 estituta‚
362 557 583 646 ipsius
633 559 1033 648 imaginem,
1076 581 1148 626 ve
1186 571 1257 626 ut
1304 571 1662 646 acceptum
1708 560 2117 628 beneficium
2173 558 2471 628 referens
2504 614 2519 638 ,

37 646 363 733 xsculpsit.
418 650 504 714 Ac
558 648 750 734 prius
798 647 1002 716 etiam
1059 647 1145 716 ab
1189 647 1482 736 ipsomet
1532 646 1793 717 Christo
1824 703 1838 728 ‚
1906 649 2257 738 ipsissima
2307 649 2525 716 Patris

38 735 266 823 nagine
302 790 319 814 ,
379 734 612 802 divino
668 734 874 804 linteo
926 735 1132 804 facies
1184 737 1403 824 ipsius
1456 737 1792 824 impressa
1844 750 1982 815 est,
2030 761 2108 804 ac
2153 737 2525 825 toparchae

42 822 313 910 hagam,
386 822 451 894 id
517 824 909 911 postulanti,
968 824 1289 892 Edessam
1344 825 1576 892 missa.
1633 829 1918 893 Demum
1961 826 2046 892 ab
2091 826 2526 916 Evangelista

38 933 151 979 ¹uca
199 913 377 999 picta
426 927 549 981 est.
603 913 780 994 Quin
828 912 923 985 ab
980 912 1427 998 sei-osolymis
1475 934 1748 999 quoque
1803 914 2100 1002 Virginis
2153 915 2267 981 Dei
2320 915 2522 982 Geni-

37 999 165 1067 ricis
212 1001 438 1091 imago
476 1003 682 1070 missa
718 1014 840 1069 est.
895 1002 991 1069 Ob
1023 1023 1311 1086 eamque
1350 1023 1632 1069 causam
1684 1002 1916 1069 divina
1957 1025 2036 1069 ac
2087 1016 2525 1071 sacrosancta

38 1088 272 1157 Loncilia
308 1091 515 1159 variis
550 1091 998 1178 temporibus,
1038 1111 1116 1157 ac
1150 1088 1317 1157 locis
1349 1103 1604 1168 coacta,
1641 1111 1773 1158 non
1815 1102 1885 1159 ut
1916 1113 2033 1158 eae
2060 1091 2516 1172 calcarentur,

38 1176 101 1243 ed
136 1188 203 1244 ut
233 1181 705 1258 adorarentur,
761 1178 1143 1246 edixerunt.
1188 1178 1396 1246 Velim
1441 1179 1668 1266 itaque
1703 1179 1830 1247 hoc
1865 1180 2065 1258 scias,
2112 1185 2514 1268 Imperator,

37 1264 159 1348 guod
199 1271 251 1337 si
286 1271 603 1355 iniquum
643 1269 766 1335 hoc
802 1267 1049 1356 dogm-a
1091 1266 1499 1335 confirmare
1548 1279 1749 1353 atque
1788 1268 2230 1338 constabilire
2266 1269 2333 1336 in
2371 1269 2522 1337 ani-

37 1373 168 1421 num
205 1359 580 1436 induxeriS‚
637 1379 743 1425 me
774 1357 1075 1445 primum
1132 1355 1321 1423 nullo
1373 1355 1575 1424 modo
1615 1358 2096 1426 assentientem
2154 1358 2520 1428 habiturus

37 1463 89 1516 s,
135 1447 236 1515 sed
292 1461 686 1537 promptum
731 1468 809 1513 ac
846 1456 1184 1533 paratum,
1241 1445 1359 1530 qui
1412 1465 1534 1533 pro
1576 1445 1820 1514 Christi
1860 1446 2160 1535 imagine
2210 1447 2517 1514 animam

37 1552 198 1601 neam
251 1536 704 1626 profundam,
768 1556 888 1622 pro
942 1555 1076 1618 qua
1131 1533 1267 1608 ille,
1315 1545 1388 1601 ut
1441 1532 1814 1622 collapsam
1867 1547 2071 1620 atque
2115 1548 2521 1623 prostratam

40 1625 342 1712 maginem
399 1647 621 1693 meam
661 1624 1092 1700 instauraret,
1148 1643 1458 1689 cruorem
1514 1646 1718 1691 suum
1751 1623 2014 1690 effudit.
2070 1624 2520 1711 Perspicuum

38 1720 92 1774 ist
132 1715 299 1782 enim
332 1712 791 1800 ,ignominiam
843 1732 991 1777 eam
1027 1724 1091 1779 et
1124 1710 1612 1778 contumeliam
1650 1765 1664 1791 ,
1713 1733 1890 1797 quae
1931 1712 2178 1780 Christi
2234 1711 2521 1800 imagini

42 1795 285 1880 nsertur‚
317 1797 399 1871 ad
435 1800 785 1889 exemplar
810 1800 1037 1887 ipsum
1080 1798 1490 1867 redundare.
1521 1800 1852 1880 Quocirca
1896 1800 2095 1869 nobis
2128 1800 2521 1868 faciendum

38 1897 113 1958 ξεἰ,
170 1904 236 1958 ut
285 1904 638 1980 gratorum
678 1909 1028 1957 servorum
1072 1886 1294 1956 officio
1344 1887 1731 1977 fungenteS‚
1780 1910 1902 1977 pro
1946 1889 2215 1957 Domini
2267 1890 2524 1958 honore

38 1977 360 2047 iericulum
405 1979 760 2048 adeamus.
805 2000 839 2042 »

90 2064 228 2146 ξι.
282 2074 472 2137 Hanc
528 2068 809 2135 liberam
845 2064 1219 2132 orationem
1273 2086 1603 2152 arrogans
1655 2063 1770 2131 illa
1820 2066 2052 2134 anima
2090 2087 2172 2134 ne
2207 2066 2524 2134 extremis

38 2152 279 2234 widem,
327 2173 403 2226 ut
446 2159 537 2225 ita
569 2156 820 2234 dicam,
865 2153 1153 2221 auribus
1187 2166 1542 2221 attrectare
1577 2153 1948 2233 sustinens,
1991 2154 2242 2223 milites
2272 2153 2523 2244 gladiis

38 2242 313 2313 accinctos
374 2246 622 2317 mittit.
667 2243 787 2330 qui
846 2254 1162 2311 sanctum
1215 2242 1436 2310 virum
1495 2242 1990 2311 contumeliose
2049 2243 2387 2323 habitum,
2441 2263 2522 2309 ac

38 2322 205 2416 plagis
252 2331 881 2403 male'mulctatum
915 2385 929 2409 ,
987 2331 1229 2399 throno
1277 2329 1737 2398 exturbarent.
1793 2335 1948 2420 Ipse
2005 2332 2234 2420 itaque
2291 2331 2520 2399 statim

37 2412 92 2479 :td
136 2424 572 2493 monasticum
622 2436 683 2491 et
740 2422 1045 2506 quietum
1091 2420 1263 2488 vitae
1311 2441 1530 2509 genus
1580 2442 1650 2488 se
1697 2420 1989 2489 contulit
2033 2420 2088 2488 *.
2156 2427 2232 2491 At
2279 2434 2516 2489 contra

39 2505 342 2579 Ecclesiam
399 2512 648 2581 invasit
697 2510 809 2578 ille
858 2530 1009 2577 vere
1063 2523 1451 2597 persecutor
1498 2521 1561 2576 et
1611 2509 2178 2587 contumeliosus,
2232 2531 2522 2594 eamque

40 2591 305 2667 niserum
347 2601 413 2670 in
469 2600 751 2670 modum
805 2611 1224 2687 pervastanS‚
1270 2619 1350 2665 ac
1393 2618 1644 2684 magno
1679 2619 1984 2667 moerore
2018 2598 2336 2685 implens,
2387 2619 2520 2664 non

44 2682 187 2752 nodo
222 2688 302 2756 ob
349 2690 610 2778 egregii
663 2686 953 2757 Pastoris
1000 2686 1416 2773 ereptionem
1452 2738 1467 2767 ,
1523 2685 1637 2753 sed
1687 2685 1891 2754 etiam
1943 2686 2029 2754 ob
2078 2688 2270 2775 ejus,
2315 2707 2521 2772 quem

48 2786 75 2832 ss
105 2770 302 2859 ipsius
350 2778 580 2848 locum
632 2774 1050 2864 subrogavit.
1108 2774 1631 2842 immanitatem.
1687 2773 2050 2844 Confestim
2089 2776 2272 2843 enim
2313 2773 2522 2843 scele-

39 2866 163 2926 3tum
201 2867 653 2935 Patriarcham
683 2864 1032 2943 scelestuS,
1071 2863 1196 2932 hoc
1230 2875 1331 2932 est
1359 2862 1691 2947 ejusdem,
1726 2875 1799 2931 ut
1828 2862 1966 2932 dici
2009 2864 2201 2944 solet,
2243 2863 2524 2954 figlinae

40 2948 322 3021 iominem
369 2956 646 3035 sufficit,
705 2954 1033 3021 nimirum
1079 2951 1345 3020 laevum
1396 2950 1857 3029 Anastasium,
1902 2953 2023 3038 qui
2073 2953 2139 3021 in
2195 2953 2524 3021 omnibus

42 3032 190 3104 'ebus
241 3041 369 3129 ipsi
425 3042 809 3114 assentiens
845 3098 860 3122 ,
915 3063 992 3110 ac
1056 3040 1538 3129 turpissimum
1589 3039 1999 3126 obsequium
2070 3040 2514 3131 persolvens,

42 3130 189 3204 itque
233 3133 455 3201 omnia
507 3156 609 3212 ea,
666 3153 840 3219 quae
888 3130 974 3199 ab
1025 3130 1172 3217 ipso
1221 3132 1683 3217 gerebantur,
1740 3129 2053 3197 servilem
2105 3131 2174 3199 in
2238 3129 2519 3198 modum

46 3210 293 3297 andans
340 3222 499 3290 huic
548 3242 820 3309 quoque
870 3218 1252 3308 pernicioso
1293 3217 1595 3306 dogmati
1650 3231 2012 3307 patronum
2065 3241 2137 3287 se
2186 3217 2520 3307 adjunge-

42 3308 130 3363 )at.
164 3307 240 3370 Ac
274 3309 569 3393 primum
606 3315 672 3394 (o
708 3311 1076 3397 ingentem,
1132 3306 1413 3385 Christe,
1456 3305 1851 3394 patientiam
1889 3319 2074 3375 tuam
2107 3308 2157 3395 l)
2189 3307 2519 3376 adversus

42 3402 175 3452 ¹uam
219 3394 576 3483 imaginem
618 3397 1079 3466 audacissima
1113 3394 1227 3463 illa
1261 3395 1491 3461 anima
1542 3409 1916 3483 grassatur,
1977 3416 2290 3481 eamque,
2346 3416 2520 3480 quae

41 3488 201 3558 ³⁰9¹·ss
252 3500 506 3567 portam
566 3487 695 3554 fixa
745 3498 909 3565 erat,
967 3507 1044 3553 ac
1100 3483 1302 3571 vulgo
1336 3506 1537 3552 aerea
1586 3483 1988 3564 dicebatur,
2049 3484 2518 3552 theandricam

44 3577 179 3659 'ua-m
226 3568 504 3644 formam
558 3575 757 3663 dejici
821 3586 1023 3659 atque
1069 3571 1414 3641 obliterari
1469 3571 1690 3659 jubet.
1746 3578 1909 3640 Cum
1964 3585 2192 3642 autem
2249 3573 2334 3641 ad
2393 3572 2522 3641 hoc

48 3664 253 3724 acinus
310 3683 425 3748 per
477 3664 835 3733 eti-andum
909 3662 1162 3731 missus
1224 3660 1492 3729 satelles
1553 3661 1871 3749 imposita
1927 3660 2074 3747 jam
2128 3661 2311 3731 scala
2362 3684 2523 3730 con-

43 3742 355 3823 uenderet,
409 3688 641 3820 ‹livino
688 3752 829 3820 zelo
879 3750 1197 3819 incensae
1250 3750 1593 3828 muliereS,
1642 3749 2414 3837 praeclarissimumque
2447 3773 2527 3819 ac

43 3836 586 3910 tenerosissimum
656 3840 921 3908 virtutis
988 3839 1333 3927 specimen
1400 3837 1724 3919 edenteS,
1794 3853 2133 3928 arreptam
2202 3840 2526 3909 manibus

43 3912 242 4004 scalam
296 3925 356 3993 in
398 3941 639 3997 terram
693 3928 1046 4014 dejiciunt.
1103 3948 1379 4013 unaque
1426 3947 1611 4005 eum,
1659 3929 1780 4014 qui
1816 3927 1944 3997 hoc
1976 3927 2248 3996 facinus
2287 3950 2528 4016 aggre-

50 3992 326 4106 bebatur,
367 4018 799 4106 praecipitem
838 4028 1095 4105 agunt:
1137 4017 1254 4102 qui
1292 4015 1517 4083 statim
1555 4015 1734 4084 hanc
1772 4017 2070 4104 praestiti
2105 4016 2187 4085 ad
2233 4017 2360 4084 hoc
2405 4016 2528 4082 mi-

43 4100 253 4187 1¹¹Stern
312 4107 680 4174 mercedem
736 4105 932 4183 tulit,
989 4117 1063 4173 ut
1110 4106 1243 4172 vita
1299 4107 1681 4172 orbaretur.
1739 4110 2021 4172 Sanctae
2079 4118 2302 4173 autem
2369 4102 2526 4170 illae

46 4175 312 4253 ”mlieres
357 4192 439 4260 ob
488 4196 827 4263 Christum
867 4248 881 4273 ,
946 4194 1151 4279 cujus
1191 4192 1332 4260 zelo
1383 4193 1788 4281 flagrabant,
1829 4206 2212 4283 opportune
2259 4193 2527 4277 abjecto

46 4268 201 4343 :itque
224 4288 596 4372 contempto
628 4283 909 4372 pudore,
942 4304 1152 4352 cursu
1182 4282 1399 4351 effuso
1436 4282 1503 4348 in
1542 4280 1911 4350 Ecclesiam
1948 4281 2282 4359 feruntur,
2323 4292 2528 4366 atque

80 4382 97 4403 ⁴¹
123 4386 234 4431 Anno
266 4399 349 4438 τρε,
