2993 4837
545 289 672 354 736
1162 304 1239 349 nn
1289 304 1342 349 s.
1398 301 1722 349 srsrnANo
1770 298 2039 349 sumone
2085 301 2276 347 mar.
2651 283 2792 348 Nox:
2827 286 2885 347 28

458 390 664 459 situm
713 401 896 457 erat:
958 400 1107 476 post
1158 398 1387 456 autem
1442 387 1636 456 locus
1684 384 1801 454 ille
1840 385 2246 455 carnificina
2297 383 2512 453 factus
2556 368 2675 459 est,
2715 386 2888 475 templo
2931 398 2932 401 ’

458 477 716 549 scilicet
750 475 867 546 illo
897 499 937 545 a
969 488 1260 565 tyranno
1290 474 1604 544 funditus
1636 496 1892 555 everSO,
1924 486 1989 543 et
2029 473 2172 543 solo
2212 473 2609 560 adaequato,
2642 495 2709 541 ac
2735 478 2886 541 Maura
2931 494 2932 499 ¹

458 577 880 653 nuncupato.
934 568 1080 646 Quo
1127 565 1331 633 etiam
1381 564 1454 632 in
1506 564 1655 633 loco
1703 562 1974 632 foedera
2021 584 2177 632 cum
2230 562 2675 632 daemonibus
2712 560 2882 631 occulte
2931 586 2932 593 ¹

456 653 851 723 sanciebat:
928 653 1197 722 tametsi
1271 674 1405 721 non
1468 651 1554 721 ad
1604 664 1983 721 extremum
2053 672 2275 737 usque
2324 650 2550 720 scelus
2599 650 2878 738 hocipsius
2931 630 2932 673 ¹

457 742 831 812 obscurum
882 740 1111 812 fuerit.
1165 739 1472 810 Prodidit
1509 740 1691 809 enim
1727 740 1821 821 id,
1859 738 2041 828 quod
2091 739 2267 808 clam
2313 739 2399 808 ab
2436 761 2517 809 eo
2567 736 2881 828 perpetraba-

454 842 588 912 tur,
623 830 1012 919 Suphlamii
1041 828 1250 911 filius,
1278 829 1450 930 ipsis
1481 829 1803 899 sacrificii
1838 828 1985 898 loco
2018 828 2199 897 dono
2232 827 2474 898 datus:
2519 828 2602 898 de
2638 850 2749 915 quo
2767 847 2886 894 nunc
2931 852 2932 885 i

455 919 769 989 consulto
821 940 1202 990 sermonem
1263 917 1534 989 silentio
1582 918 2148 1007 comprimemus.

544 1010 579 1094 ξ
628 1012 784 1080 42.
839 1013 1004 1076 Cum
1043 1007 1254 1096 igitur
1300 1019 1614 1075 sanctum
1653 1006 1873 1075 virum
1912 1006 2112 1075 morti
2145 1003 2523 1073 addixisset
2553 1006 2608 1087 ⁴,
2635 1003 2897 1072 confestim

453 1095 754 1165 edietum
828 1095 1229 1184 hujusmodi
1280 1116 1399 1184 per
1446 1106 1653 1165 totam
1708 1093 1947 1163 urbem
2013 1092 2530 1184 promulgavit:
2584 1117 2617 1159 ε(
2665 1090 2898 1175 Quisquis

454 1184 783 1264 amicum,
843 1196 961 1252 aut
1008 1183 1307 1264 affinem,
1362 1196 1480 1253 aut
1528 1183 1812 1251 omnino
1877 1204 2125 1271 genere
2178 1183 2634 1252 con‘unctum
2706 1181 2893 1249 haben.

455 1293 753 1360 eumque
800 1272 1179 1353 occultare,
1225 1285 1343 1341 aut
1394 1273 1598 1341 etiam
1653 1270 1915 1361 pullam
1975 1284 2229 1342 vestem
2317 1293 2470 1340 erre
2527 1269 2895 1359 deprehensus

453 1360 680 1442 fuerit,
726 1360 837 1429 hic
888 1375 1038 1450 post
1088 1362 1272 1430 varia
1321 1371 1816 1429 tormentorum
1868 1381 2118 1449 genera
2164 1359 2405 1429 exsilio
2455 1358 2894 1429 mulctabitur*

457 1454 738 1519 Cernere
789 1448 998 1539 igitur
1027 1463 1171 1519 erat
1203 1448 1442 1518 urbem
1495 1449 1901 1538 gravissima
1950 1447 2342 1516 calamitate
2377 1448 2800 1518 laborantem.
2831 1449 2895 1511 Xe·

454 1559 588 1625 que
634 1538 814 1606 enim
867 1538 1134 1607 inimici
1182 1537 1536 1606 dumtaxat
1567 1537 1886 1606 inimicos
1916 1536 2100 1626 apud
2144 1541 2638 1625 Imperatorem
2670 1532 2896 1625 sacillimf

454 1626 892 1707 accusabant,
948 1626 1064 1695 sed
1114 1626 1316 1695 etiam
1378 1626 1585 1694 amici
1643 1625 1926 1704 amicOS,
1973 1638 2037 1694 et
2090 1624 2333 1694 fratres
2383 1625 2653 1704 fratres,
2698 1636 2754 1692 et
2794 1640 2898 1689 sem

454 1714 793 1785 dominos:
834 1726 1059 1802 atque,
1099 1727 1174 1784 ut
1207 1714 1393 1784 brevi
1434 1714 1875 1802 complectar,
1915 1714 1985 1781 in
2027 1713 2339 1803 graviore
2380 1713 2578 1783 luctu
2609 1734 2680 1782 ac
2709 1711 2898 1802 planctu

455 1815 589 1873 tota
629 1805 795 1873 urbs
847 1803 1265 1883 versabatur,
1302 1824 1510 1889 quam
1565 1825 1726 1871 cum
1773 1801 2098 1872 Julianus
2145 1816 2208 1871 et
2251 1801 2506 1873 Valens
2545 1800 2788 1891 imperii
2824 1802 2898 1865 Ro}-

455 1892 643 1960 mani
696 1891 967 1962 clavum
1017 1904 1340 1961 tenerent.
1403 1895 1477 1959 At
1520 1912 1674 1960 vero
1712 1889 2013 1959 carnifex
2064 1889 2200 1971 ille,
2262 1891 2381 1977 qui
2443 1891 2691 1961 missus
2731 1888 2896 1956 fuerat

452 1993 686 2050 sancto
735 1981 876 2048 viro
924 2003 963 2049 a
1029 1979 1369 2049 Praetorio
1424 1992 1804 2068 assumpto,
1868 1978 2181 2065 colloque
2240 1979 2475 2069 ipsius
2546 2002 2620 2049 ac
2668 1974 2898 2045 manibus

451 2068 639 2159 ligno
688 2068 1009 2158 alligatis,
1049 2067 1134 2137 ad
1186 2067 1462 2138 caedem
1519 2068 1945 2157 properabat.
2002 2073 2092 2136 Eo
2139 2081 2372 2138 autem
2428 2068 2545 2137 die
2592 2079 2896 2160 tyrannuse

452 2158 705 2226 Palatio
757 2179 1158 2247 progressus
1207 2157 1274 2225 in
1342 2155 1509 2225 Milli
1559 2157 1828 2245 porticu
1897 2156 2161 2226 stabat:
2238 2157 2361 2226 ubi
2436 2157 2630 2247 prius
2693 2148 2896 2223 serilla

449 2246 889 2315 oecumenica
936 2244 1232 2315 Concilia
1290 2245 1561 2334 depicta
1606 2259 1821 2324 erant,
1905 2258 2010 2315 ost
2057 2258 2283 2314 autern
2328 2245 2638 2315 crudelis
2681 2248 2898 2329 Impera·

451 2334 613 2404 toris
658 2334 860 2422 jussu
911 2334 1200 2404 inductu
1259 2333 1521 2403 albario
1577 2354 1781 2423 opere
1877 2333 2052 2402 eleta
2098 2332 2421 2413 fuerant,
2485 2346 2679 2422 atque
2729 2344 2894 2424 comm

447 2423 594 2494 loco
642 2425 868 2493 circus
914 2422 1053 2502 ille,
1092 2445 1296 2509 quem
1347 2422 1643 2502 amabat,
1682 2444 1762 2491 ac
1812 2422 2096 2512 plurimi
2145 2422 2468 2505 faciebat,
2511 2438 2694 2511 atque
2721 2433 2891 2502 auriga

450 2513 531 2595 is,
570 2533 772 2598 quem
810 2513 876 2579 in
922 2512 1188 2581 deliciis
1238 2510 1553 2590 habebat,
1595 2524 1800 2597 atque
1836 2511 2271 2591 Uraniacum,
2305 2512 2436 2582 hoc
2469 2526 2574 2582 est
2603 2507 2890 2581 coelestem,

444 2623 603 2669 cum
659 2622 740 2668 ne
781 2613 958 2669 terra
990 2600 1266 2687 quidem
1302 2599 1559 2690 dignus
1599 2612 1799 2681 esset,
1845 2598 2250 2689 appellarat,
2293 2601 2463 2690 picti
2508 2598 2887 2686 cernebantur.

450 2694 525 2758 In
580 2689 704 2757 hoc
759 2688 965 2779 igitur
1015 2688 1160 2759 loco
1225 2710 1384 2758 cum
1440 2688 1735 2777 superbe
1783 2700 2035 2768 staret,
2088 2710 2475 2776 omnesque
2529 2711 2676 2760 eum
2730 2683 2890 2776 faustls

449 2777 801 2847 ominibus
836 2790 1442 2866 prosequerentur:
1499 2799 1534 2843 <‹
1591 2776 1789 2846 Nulla
1847 2777 2038 2856 mihi,
2080 2777 2326 2863 inquit,
2378 2780 2650 2866 requies
2691 2786 2803 2842 cst:
2838 2781 2888 2832 ita

453 2866 987 2934 Immemorandi
1022 2866 1133 2936 isti
1163 2865 1444 2935 exitium
1498 2865 1670 2934 vitae
1703 2886 1891 2933 meae
1925 2866 2244 2936 afferunt.
2283 2889 2318 2931 »
2355 2868 2488 2937 Hic
2524 2888 2669 2934 vero
2697 2856 2887 2950 quidam

450 2954 670 3041 ipsius
720 2953 1078 3024 factionis:
1135 2977 1170 3021 «
1225 2959 1299 3022 Et
1349 2953 1634 3023 ubinam
1689 2952 1958 3022 tandem
2014 2953 2200 3024 ullus
2240 2977 2486 3023 eorum
2540 2952 2885 3044 delituitssul

452 3043 812 3130 vestigium
858 3043 1077 3113 ullum
1117 3043 1132 3111 i
1189 3064 1427 3112 sorum
1463 3043 1530 3111 in
1568 3042 1695 3110 hac
1729 3042 1896 3111 urbe
1931 3056 2073 3122 tua,
2109 3056 2228 3112 aut
2264 3043 2332 3110 in
2370 3043 2519 3113 ulla
2557 3043 2682 3112 alia
2711 3039 2886 3133 cin-tate

452 3130 550 3200 vel
628 3132 899 3221 regione
976 3153 1145 3201 occu
1181 3144 1393 3200 tatum
1463 3143 1610 3211 cst,
1668 3152 1830 3200 cum
1893 3141 2132 3201 omnes
2182 3130 2504 3201 funditus
2559 3128 2739 3200 deleti
2778 3117 2884 3191 sint!

451 3225 544 3287 En
582 3222 763 3289 enim
804 3221 1074 3308 imperii
1109 3241 1379 3306 quoque
1410 3219 1507 3289 tui
1549 3218 1834 3299 hostem,
1877 3219 2002 3288 hoc
2037 3232 2139 3289 est
2171 3222 2666 3290 Auxentianum
2696 3210 2890 3300 Stepha-

452 3330 643 3389 num,
689 3309 939 3377 abduci
994 3308 1191 3378 hodie
1244 3308 1401 3387 vidi,
1457 3320 1553 3387 ut,
1602 3330 1774 3394 quas
1831 3309 2116 3377 meritus
2166 3323 2287 3388 est,
2350 3330 2600 3398 poenas
2639 3305 2888 3375 subeam

448 3402 615 3465 Tum
670 3402 1089 3486 Imperator:
1137 3420 1172 3463 «
1237 3401 1312 3466 Et
1358 3396 1525 3483 quid
1566 3397 1953 3483 jucundius
2017 3397 2362 3485 Stephano
2402 3396 2699 3468 accidere
2731 3396 2881 3476 quem·

448 3507 655 3572 quam
692 3501 768 3554 ut
797 3485 1024 3575 gladio
1075 3486 1278 3555 vitam
1331 3485 1559 3554 finiat?
1595 3490 1837 3554 Verum
1876 3485 2088 3574 hujus
2121 3484 2448 3557 desiderii
2486 3484 2744 3555 minime
2766 3491 2886 3576 com·

455 3595 573 3660 pos
613 3573 887 3644 futurus
920 3587 1042 3644 est.
1087 3573 1292 3644 Multo
1339 3574 1524 3642 enim
1576 3574 1889 3664 graviore
1937 3574 2177 3643 mortis
2225 3596 2473 3663 genere
2519 3567 2881 3644 mulctabitur.

448 3667 642 3732 Nunc
706 3664 964 3752 quippe
1030 3663 1434 3751 Imperatrix
1484 3683 1619 3731 non
1673 3661 2107 3732 mediocriter
2139 3662 2508 3733 adversum
2562 3682 2675 3731 nos
2713 3668 2884 3750 storna-

450 3750 790 3830 chabitur‚
827 3751 886 3820 si
922 3751 1166 3820 festum
1220 3751 1440 3839 ipsius
1473 3750 1656 3818 diem
1709 3751 1779 3819 in
1837 3751 2043 3820 caede
2076 3751 2550 3821 conficiamus.
2588 3774 2621 3815 »
2650 3752 2882 3829 Quoctrffl

456 3860 673 3910 novus
714 3840 824 3908 hic
859 3839 1180 3920 Herodes,
1213 3853 1414 3926 atque
1447 3838 1681 3909 uxoris
1721 3840 2173 3930 mancipium,
2207 3840 2446 3911 reduci
2475 3831 2882 3926 quamprimum

452 3951 610 3998 eum
648 3929 717 3996 in
773 3929 1189 3999 Praetorium
1221 3928 1438 4016 jubet.
1481 3927 1674 4010 Quod
1716 3949 1877 3997 cum
1926 3929 2347 4018 contigisset,
2404 3949 2633 3998 rursus
2671 3938 2793 3990 cum
2827 3929 2882 4002 ΗΞ,

456 4018 792 4097 PatribuS,
845 4019 965 4104 qui
1016 4018 1082 4085 in
1127 4017 1420 4086 vinculis
1469 4027 1685 4096 erant,
1744 4017 2098 4087 Davidicos
2147 4018 2456 4087 Psalmos
2487 4013 2763 4086 canebat:
2800 4003 2876 4082 ΟΨ

457 4105 717 4176 habitat
750 4109 819 4174 in
849 4108 1185 4196 adjutorio
1213 4107 1549 4176 Alttssz'mi
1574 4107 1712 4196 (Ps.
1751 4106 1886 4194 90),
1925 4119 1989 4176 et
2015 4127 2192 4194 quae
2222 4106 2545 4196 deinceps
2574 4103 2871 4186 sequuntur·

543 4197 784 4350 5¹43.
838 4200 1198 4284 Tyrannus
1247 4208 1472 4264 autem
1527 4216 1683 4263 cum
1739 4216 2085 4284 vesperam
2152 4206 2356 4264 totam
2423 4196 2490 4264 in
2549 4190 2804 4284 tibiarum
2834 4183 2872 4238 ‘³‘

457 4280 547 4351 cit
602 4304 876 4352 ararum
924 4296 1132 4352 cantu
1173 4283 1638 4373 transegisset,
1678 4283 2003 4373 postridie
2051 4285 2388 4354 instructa
2435 4273 2868 4373 splendidffisuma

506 4405 531 4432 ⁴·
560 4408 706 4453 Anno,
724 4409 777 4446 ut
796 4408 1017 4457 aurarius
1040 4410 1218 4451 dictum
1237 4417 1323 4458 eat,
1346 4412 1422 4451 766
1443 4408 1647 4452 circiter.
