2993 4837
477 334 604 397 356
1072 347 1149 392 ΒΕ
1197 347 1252 394 s.
1306 344 1657 393 coneraioo
1705 347 1804 393 ne.
1856 345 2241 393 AMBIANENSI
2655 327 2815 393 Nutu
2861 332 2899 392 8

390 438 608 505 coma.
657 438 745 502 Ea
789 454 858 501 re
901 431 1211 521 permoti,
1252 430 1477 500 efferis
1520 430 1802 500 vocibus
1850 443 2363 520 percontantur,
2402 431 2607 517 cuius
2639 431 2905 500 auctori-

391 524 550 593 tatis
599 523 685 591 sit
733 521 1040 595 antistes,
1080 519 1197 605 qui
1249 519 1432 609 apud
1483 532 1747 587 exteros
1794 520 1927 589 tale
1965 520 2326 610 quippiam
2378 519 2739 609 designare
2783 541 2906 588 non

391 625 725 681 vereatur.
792 610 943 690 Ubi,
987 609 1146 695 quis
1191 619 1390 688 esset,
1430 607 1848 690 didicerunt,
1889 607 2154 680 videres
2202 610 2512 678 certatim
2573 607 2808 698 gladiis
2848 622 2911 676 et

389 701 632 771 cultris
663 700 842 788 (non
893 699 1075 768 enim
1128 696 1414 765 aderant
1459 696 1543 765 ad
1579 718 1864 767 manum
1902 696 2203 787 forfices)
2248 719 2366 767 eos
2405 698 2541 767 sibi
2572 708 2911 786 amputare

393 790 591 879 pilos,
658 787 964 857 infelices
1026 810 1103 856 ac
1155 786 1440 854 miseros
1488 798 1753 875 putare,
1815 786 1873 854 si
1925 799 2203 876 propter
2255 809 2515 866 comaS,
2573 786 2737 854 tanti
2793 786 2910 853 viri

394 877 865 947 benedictione
909 876 1362 964 privarentur.
1408 874 1575 960 Ejus
1623 873 1783 943 facti
1830 873 2016 944 fama
2051 898 2205 945 mox
2252 888 2391 945 tota
2431 874 2652 946 Gallia
2705 874 2911 943 incre-

389 968 563 1046 buit,
602 964 1046 1035 Godefridurn
1098 963 1513 1053 Episcopum
1548 963 1752 1032 etiam
1797 963 1867 1031 in
1901 963 2123 1033 aliena
2167 965 2424 1034 ditione
2477 965 2543 1033 in
2582 963 2912 1052 principes

389 1070 455 1124 et
487 1068 837 1146 magnates
876 1076 1122 1123 ausum
1175 1052 1410 1131 fuisse,
1449 1051 1632 1139 quod
1670 1050 1786 1120 alii
1828 1052 2167 1122 antistites
2214 1053 2418 1123 etiam
2462 1054 2528 1121 in
2571 1052 2714 1122 suis
2744 1051 2911 1119 sedi-

383 1146 524 1213 -bus
558 1157 675 1213 aut
727 1143 1098 1233 negligant,
1153 1154 1272 1210 aut
1321 1162 1454 1209 non
1506 1140 1738 1209 ausint
1783 1140 1989 1210 etiam
2048 1142 2118 1210 in
2153 1142 2476 1212 extremis
2523 1140 2914 1211 homuncio·

395 1234 625 1303 nibus.
694 1238 794 1301 Ma
853 1254 934 1299 na
984 1231 1044 1298 ei
1097 1252 1230 1299 non
1282 1228 1507 1298 solum
1575 1228 1761 1318 apud
1822 1229 2157 1318 reliquam
2211 1231 2751 1308 multitudinem,
2806 1228 2908 1298 sed

390 1322 592 1391 etiam
644 1343 784 1412 apu
883 1320 1207 1389 Comitem
1258 1318 1516 1407 ipsum,
1555 1317 1716 1387 hinc
1767 1320 2143 1388 reverentia
2191 1321 2502 1390 accessit.

480 1413 515 1496 ξ
562 1414 709 1481 8¹2.
763 1408 929 1478 Inde
990 1430 1145 1476 vero
1200 1407 1511 1475 omnium
1585 1406 1812 1476 favore
1872 1406 1955 1476 ad
2010 1408 2251 1477 urbem
2302 1432 2501 1479 suam
2556 1425 2909 1489 revertens,

393 1521 627 1568 secum
668 1498 862 1567 duxit
897 1497 1230 1566 Adamum
1272 1495 1421 1583 ejus
1456 1495 1751 1564 civitatis
1786 1497 2195 1585 principem.
2236 1502 2542 1585 Cumque
2571 1500 2718 1588 jam
2756 1501 2915 1570 [ines

392 1609 553 1656 suos
593 1586 889 1676 ingressi
923 1597 1171 1665 esseut,
1209 1583 1510 1653 Adamus
1539 1584 1622 1652 ad
1667 1584 1889 1653 virum
1928 1586 2064 1654 Dei:
2094 1608 2129 1652 «
2160 1586 2367 1667 Nosti,
2395 1588 2511 1668 ait,
2545 1588 2915 1658 venerande

396 1688 605 1764 pater,
633 1698 805 1762 quas
843 1674 1013 1743 mihi
1046 1672 1334 1742 insidias
1366 1675 1717 1760 comparet
1751 1674 2243 1744 Guermundus
2272 1675 2708 1764 Pinquiniaci
2741 1678 2914 1746 Vice-

393 1764 766 1833 dominus?
803 1770 955 1832 Jam
1011 1762 1247 1833 multis
1296 1762 1498 1830 annis
1548 1761 1725 1831 inter
1776 1784 1897 1833 nos
1946 1764 2133 1832 vario
2182 1777 2431 1834 eventu
2494 1765 2675 1835 bella
2732 1767 2914 1835 duci-

397 1875 575 1924 mus.
631 1851 824 1936 Quod
871 1852 928 1920 si
977 1850 1092 1919 ille
1134 1872 1241 1918 me
1291 1850 1912 1939 comprehenderit,
1951 1865 2180 1922 certus
2220 1874 2400 1933 sum,
2441 1865 2561 1923 aut
2600 1855 2913 1924 inauditis

398 1964 502 2010 me
536 1941 899 2032 suppliciis
930 1940 1421 2019 excruciatum,
1476 1950 1596 2008 aut
1642 1952 1822 2008 certe
1868 1940 2101 2030 gladio
2137 1954 2453 2012 necatum
2496 1944 2604 2011 iri.
2647 1945 2715 2013 Si
2766 1965 2912 2034 ergo

398 2029 616 2121 placet
665 2031 810 2109 tibi,
851 2029 1039 2098 aliud
1081 2052 1205 2118 ego
1254 2048 1609 2117 capessam
1654 2028 1800 2109 iter,
1846 2051 1929 2097 ne
1982 2030 2277 2099 militum
2332 2032 2675 2119 praesidio
2726 2032 2914 2102 desti·

393 2132 604 2201 tutus,
648 2118 950 2188 incidam
986 2118 1054 2186 in
1093 2138 1343 2186 manus
1373 2116 1550 2203 ejus,
1592 2139 1627 2182 »
1676 2120 1754 2186 At
1803 2116 1905 2187 vir
1943 2118 2183 2189 beatus
2233 2119 2667 2190 vehementer
2705 2122 2911 2190 admi-

394 2230 599 2289 rans;
661 2236 684 2271 (ι
740 2213 836 2277 Αη
889 2229 1048 2287 non,
1103 2205 1369 2292 inquit,
1418 2204 1533 2274 ille
1581 2227 1796 2292 aeque
1847 2229 2041 2277 meus
2087 2218 2227 2287 est,
2289 2230 2368 2277 ac
2435 2215 2564 2278 tu?
2624 2216 2719 2278 An
2790 2231 2909 2279 non

385 2296 805 2387 jampridem
860 2306 1092 2365 sancte
1150 2294 1343 2374 mihi,
1391 2306 1624 2384 utpote
1685 2293 1967 2365 domino
2024 2318 2175 2375 suc,
2229 2295 2511 2383 juravit,
2566 2320 2637 2367 se
2691 2318 2907 2388 pacem

395 2385 571 2456 bona
619 2386 753 2456 fide
785 2395 1376 2464 conservaturum,
1421 2383 1887 2471 honoremque
1943 2384 2114 2455 mihi
2154 2385 2609 2457 habiturum?
2649 2387 2912 2457 Confido

393 2476 710 2562 equidem
763 2477 832 2543 in
888 2474 1193 2554 Domin0‚
1231 2473 1496 2543 etiamsi
1539 2472 1725 2542 mille
1773 2485 2071 2543 armatas
2122 2474 2418 2545 militum
2469 2477 2782 2548 cohortes
2826 2499 2911 2545 se·

391 2587 552 2633 cum
602 2564 923 2643 adducat,
972 2585 1104 2631 non
1149 2583 1483 2630 ausurum
1538 2561 1737 2630 illum
1790 2562 1889 2632 vel
1924 2562 2172 2633 durius
2222 2576 2283 2633 te
2316 2565 2690 2654 appellare.
2736 2563 2907 2648 Quod

394 2652 476 2732 si,
518 2665 776 2723 mutato
811 2654 1065 2732 animo,
1104 2650 1461 2740 quippiam
1510 2650 1629 2718 tibi
1667 2650 1803 2719 irro
1856 2674 1971 2721 are
2003 2654 2380 2732 tentaverit,
2419 2665 2632 2724 testor
2663 2661 2907 2724 Jesum.

397 2761 504 2809 me
552 2754 613 2811 te
665 2751 1214 2829 prosecuturum,
1269 2760 1709 2826 quocumque
1760 2739 1802 2807 il
1838 2761 1874 2808 e
1911 2740 2116 2811 etiam
2169 2742 2478 2811 vinctum
2533 2757 2594 2812 te
2628 2744 2910 2813 abduxe-

395 2829 503 2897 rit.
549 2855 571 2890 ι»
613 2834 786 2898 Dum
823 2829 921 2899 sic
963 2828 1062 2897 illi
1099 2828 1274 2896 inter
1313 2849 1384 2896 se
1433 2827 1945 2914 colloquuntur,
1985 2851 2141 2899 ecce
2180 2830 2667 2902 vicedominus
2717 2831 2912 2901 multo

396 2917 688 3006 stipatus
735 2918 1066 3004 equitatu,
1124 2916 1419 2995 advenit,
1476 2915 1726 2986 salutat
1776 2919 2216 3008 Episcopum,
2260 2931 2323 2988 et
2372 2918 2459 2989 ad
2532 2921 2792 2990 laevam
2855 2940 2911 2987 se

396 3017 682 3087 vertens,
723 3005 1146 3076 furibundus
1175 3005 1546 3074 exclamat:
1593 3029 1629 3072 «
1681 3012 1868 3075 Tune
1917 3007 2029 3077 hic
2078 3029 2173 3087 eS,
2222 3007 2497 3089 Adame,
2541 3009 2715 3079 mihi
2750 3030 2907 3079 sem-

398 3116 516 3182 per
561 3094 1044 3165 infestissime?
1090 3099 1140 3165 Ο
1195 3108 1252 3163 te
1303 3093 1660 3175 miserum,
1698 3095 1854 3182 quis
1897 3108 1956 3164 te
2004 3096 2140 3165 huc
2180 3097 2496 3186 appulit?
2545 3099 2772 3168 Satius
2806 3095 2907 3164 tibi

394 3184 562 3252 foret
623 3185 827 3253 vitam
893 3205 1092 3273 agere
1151 3183 1480 3273 privatam
1540 3205 1619 3252 ac
1683 3195 1981 3265 tenuem,
2038 3207 2245 3272 quam
2300 3186 2629 3256 incidisse
2689 3188 2755 3255 in
2806 3186 2908 3254 lias

399 3295 665 3342 manus.
717 3298 750 3339 »
788 3279 1068 3360 Moxque
1102 3270 1292 3341 nulla
1343 3272 1510 3340 tanti
1563 3276 1610 3339 E
1665 3272 1880 3362 iscopi
1915 3272 2150 3343 habita
2185 3277 2468 3357 ratione,
2505 3276 2802 3346 Adamus
2837 3273 2907 3341 ab

391 3383 569 3449 equo
602 3362 1030 3441 deturbatur,
1084 3360 1414 3430 districtis
1460 3295 1745 3431 ensibus
1778 3362 2148 3453 appetitur.
2185 3367 2482 3434 Cernens
2541 3365 2604 3432 id
2662 3365 2906 3454 Episco-

399 3474 549 3537 pus,
590 3452 675 3520 ab
722 3474 898 3538 equo
947 3449 1196 3532 desilit,
1241 3462 1371 3519 toto
1403 3471 1689 3539 corpore
1735 3471 1944 3540 super
1973 3451 2305 3521 Adamum
2361 3453 2724 3532 incumbit,
2771 3472 2905 3541 por·

398 3539 553 3628 rigit
577 3540 931 3630 jugulum,
973 3538 1306 3608 exclamat
1339 3560 1499 3607 cum
1539 3538 1888 3624 lacrymis:
1923 3563 1959 3606 «
1994 3541 2172 3617 Quae
2208 3553 2269 3610 te
2296 3541 2541 3625 suriae,
2577 3563 2748 3630 quae
2776 3539 2901 3607 dira

283 3657 288 3662 ·
395 3632 712 3718 ErinnyS‚
746 3627 1211 3706 Guermunde,
1276 3627 1407 3696 buc
1463 3627 1854 3727 impellunt,
1899 3641 1977 3698 ut
2028 3650 2133 3698 me
2186 3645 2567 3718 praesente,
2606 3631 2719 3717 qui
2767 3648 2898 3716 sum

392 3717 721 3788 dominus
755 3729 938 3797 tuuS‚
980 3718 1156 3787 istuc
1208 3717 1396 3786 ausis
1437 3715 1855 3805 designare?
1902 3723 1997 3787 En
2050 3719 2384 3790 cervicem
2445 3742 2690 3798 meam,
2729 3718 2780 3785 si
2825 3716 2900 3782 ita

395 3806 637 3894 placet,
678 3806 900 3877 libens
935 3805 1310 3875 feriendam
1358 3805 1645 3894 objicio:
1702 3818 1966 3876 tantum
2022 3828 2106 3876 ne
2152 3808 2318 3893 quid
2354 3808 2661 3878 moliaris
2690 3807 2896 3875 adver-

392 3918 513 3963 sus
561 3895 897 3964 Adamum
942 3916 1196 3965 meum.
1241 3917 1275 3959 »
1313 3899 1491 3963 Haec
1529 3905 1601 3963 ut
1632 3894 1949 3964 viderunt
1983 3896 2269 3966 comites
2312 3898 2652 3988 Episcopi,
2690 3912 2895 3964 omnes

395 3984 838 4074 aufugerunt,
883 3983 1066 4071 quod
1118 3995 1436 4074 putarent
1475 4006 1633 4053 cum
1672 3983 1928 4053 Adamo
1979 3984 2176 4053 illum
2227 3986 2678 4057 interfectum.
2722 3988 2893 4051 Porro

394 4072 696 4142 Adamus
731 4074 800 4141 in
837 4095 1090 4159 equum
1142 4072 1547 4162 imponitur,
1591 4072 1994 4162 injectisque
2042 4074 2301 4144 catenis
2337 4075 2833 4164 l‘inquiniacum
2865 4067 2891 4096 ²*

398 4160 786 4230 abducitur.
825 4167 994 4231 Eum
1031 4183 1183 4230 vero
1218 4162 1460 4231 beatus
1501 4162 1881 4252 Episcopus
1907 4163 2080 4232 flens
2112 4176 2176 4232 et
2205 4164 2500 4251 ejulans,
2528 4174 2887 4254 comamque

400 4247 679 4328 vellens,
718 4250 906 4320 solus
956 4251 1283 4336 sequitur,
1332 4273 1403 4321 se
1435 4250 1583 4337 ejus
1619 4251 2060 4340 proditorem,
2115 4265 2479 4340 tantaeque
2527 4248 2884 4342 calamitatis

400 4348 746 4406 auctorem
796 4339 1180 4409 clamitans.
1230 4340 1355 4409 Ubi
1403 4340 1933 4427 Pinquiniacum
1987 4353 2264 4413 ventum
2314 4356 2457 4424 est,
2511 4342 2729 4428 beatus
2778 4352 2874 4406 vir,

451 4460 475 4487 ¹⁸
505 4460 624 4501 Gall.
657 4463 905 4514 Picquiyny.

2942 4493 2951 4596 l
