2993 4837
486 308 597 390 '44
1284 343 1356 387 oa
1407 342 1733 386 mammos
1783 340 2124 386 ultroncus
2692 321 2863 386 Nov.
2913 323 2942 383 2

428 428 649 497 ullum
703 439 820 495 aut
855 427 1151 494 fructum
1192 426 1618 493 habuerunt:
1661 448 1891 493 verum
1946 440 2011 493 et
2055 426 2208 503 vita,
2248 438 2312 494 et
2360 446 2696 502 sermone,
2742 437 2804 491 et
2835 425 2946 492 lide

432 538 714 606 prorsus
754 517 1185 592 aberrarunt,
1224 536 1368 593 nec,
1412 515 1639 603 pluvia
1670 513 1900 581 divina
1931 514 2219 582 coelitus
2250 515 2317 582 in
2370 535 2486 582 eos
2539 512 2712 593 fusa,
2748 512 2944 581 ullum

428 624 706 695 germen
746 604 1109 672 ediderunt
1154 603 1408 690 (neque
1454 603 1666 680 enim,
1724 603 1958 691 utJam
1997 625 2033 670 a
2090 625 2197 670 me
2227 602 2489 671 dictum
2535 614 2657 679 est,
2712 623 2949 669 semen·

428 709 555 762 tem
602 692 815 762 ullam
869 690 1247 779 fecerunt),
1315 713 1457 769 nec,
1516 704 1590 759 ut
1640 713 1922 779 prorsus
1972 691 2275 765 steriles,
2333 690 2653 760 illucente
2713 689 2978 775 gloriae*

428 782 577 851 Sole
613 795 1114 861 maturuerunt,
1172 780 1278 848 liis
1313 778 1611 869 profecto
1660 780 1849 847 nullo
1887 780 2089 849 modo
2145 780 2455 849 Christus
2516 780 2788 867 profuit,
2843 800 2946 845 nec

429 873 679 960 lapsoS,
723 883 797 937 ut
846 870 1113 957 opinor,
1154 890 1387 936 secum
1438 869 1773 949 excitavit,
1825 881 1902 936 ut
1932 868 2323 954 qui-salute
2382 868 2654 957 penitus
2696 867 2942 956 indigni

425 972 673 1028 essent.
713 959 889 1040 Quin
928 980 1008 1026 ne
1046 958 1110 1025 in
1164 958 1390 1045 ipsum
1425 958 1702 1043 quidem
1746 977 1861 1026 eos
1901 958 2274 1025 credidisse
2306 958 2645 1026 existimo.
2703 956 2947 1024 Primus

426 1048 672 1116 etenim
730 1047 843 1114 ille
889 1069 966 1114 ex
1018 1047 1338 1135 superbia
1378 1048 1444 1112 in
1496 1045 1809 1114 'tenebras
1844 1045 2080 1134 lapsus
2129 1045 2360 1121 draco,
2404 1066 2607 1131 quem
2662 1070 2698 1112 a
2753 1045 2948 1133 prima

428 1150 643 1205 aetate
681 1136 1064 1203 coluerunt.
1110 1150 1367 1202 mentes
1398 1156 1634 1202 eorum
1688 1156 1766 1201 ac
1816 1134 2209 1223 spirituales
2256 1135 2485 1203 cordis
2524 1135 2763 1203 oculos
2823 1156 2980 1217 cae-¹

428 1226 625 1303 cavit,
671 1238 747 1293 ut
790 1225 1090 1292 videntes
1143 1246 1274 1291 non
1331 1223 1656 1299 viderent.
1711 1223 2296 1307 quemadmodum
2344 1224 2680 1311 scriptum
2731 1236 2850 1297 est,
2898 1220 2980 1311 et}

431 1313 887 1403 intelligentes
935 1313 1218 1382 omnino
1255 1334 1385 1380 non
1428 1312 1904 1401 intelligerent.
1954 1312 2220 1397 Reliqui
2272 1327 2499 1381 autem
2535 1333 2799 1381 001nnes
2846 1311 2946 1395 qui

410 1408 658 1471 ‘semen
733 1413 1249 1490 susceperunt„
1292 1399 1536 1489 illapsa
1589 1400 1814 1488 pluvia
1877 1423 2154 1489 germen
2235 1400 2711 1489 protulerunt,
2778 1411 2952 1483 atque

428 1506 657 1560 exorto
707 1490 855 1558 Sole
913 1489 1368 1557 maturitatem
1429 1503 1936 1558 contraxerunt.
1977 1495 2070 1557 En
2122 1511 2260 1576 quo
2312 1511 2434 1558 nos
2474 1492 2693 1558 oratio
2747 1510 2952 1576 prove·

434 1581 627 1659 xerit,
686 1593 761 1646 ut
814 1602 951 1646 rem
1000 1600 1169 1677 pene
1217 1589 1521 1665 opertam
1574 1591 1638 1645 et
1684 1577 2051 1658 occultam,
2100 1580 2386 1666 juvante
2437 1583 2608 1656 Deo,
2680 1577 2952 1663 explica·

436 1691 689 1746 remus»,
744 1682 946 1752 atque
997 1666 1060 1733 td
1128 1689 1257 1734 non
1312 1666 1494 1734 velut
1535 1667 1949 1734 ‘sententiam
2008 1667 2381 1753 quamdam
2439 1668 2952 1753 pronunciantes

430 1758 686 1845 (neque
720 1758 901 1823 enim
959 1756 1020 1822 id
1079 1755 1331 1841 patitur
1383 1769 1607 1823 nostra
1661 1755 2114 1842 indignitas),
2172 1756 2284 1822 sed
2344 1756 2732 1824 rationibus
2779 1768 2952 1838 atque

430 1846 868 1932 conjecturis,
924 1858 998 1911 ut
1044 1844 1344 1913 charitas
1403 1842 1725 1933 postulat,
1797 1857 2089 1911 utentes.
2145 1845 2224 1911 Hi
2289 1857 2449 1911 sunt
2500 1844 2850 1921 videlicet,
2899 1852 2954 1906 ut

430 1934 706 2020 quidem
766 1955 914 2001 mea
962 1933 1089 2001 sert
1136 1933 1393 2022 opinio,
1450 1934 1709 2018 quibus
1745 1933 2051 2001 Christus
2105 1934 2170 1999 in
2225 1933 2490 2001 inferno
2539 1934 2826 2002 salutem
2875 1942 2982 1996 at*

336 2036 343 2045 '
434 2023 607 2090 tulit.

519 2116 554 2196 ξ
600 2115 676 2179 ⁸2.
733 2110 841 2177 Sic
884 2108 1094 2199 igitur
1134 2131 1168 2176 a
1217 2110 1435 2190 nobis,
1480 2110 1763 2197 juvante
1811 2110 2097 2185 Christo,
2140 2110 2688 2179 demonstratum
2741 2121 2860 2183 est,
2898 2106 2946 2171 in

435 2200 699 2267 inferno
732 2220 1008 2284 quoque
1055 2192 1555 2267 consessionem
1607 2199 1931 2267 extitisse.
1977 2204 2107 2267 Nec
2145 2220 2299 2266 vero
2349 2199 2516 2268 haec
2564 2221 2644 2267 eo
2678 2217 2952 2267 comme·

433 2288 760 2357 moranda
812 2286 1165 2362 duximus,
1221 2300 1293 2353 ut
1348 2287 1772 2376 prophetiam
1840 2290 2290 2376 evertamus(
2329 2288 2561 2376 procul
2620 2288 2751 2356 hoc
2809 2291 2951 2354 Deus

428 2376 734 2465 avertat),
792 2376 905 2443 sed
961 2388 1035 2444 ut
1070 2374 1348 2464 planum
1403 2376 1762 2454 l'aciamuS‚
1798 2375 1992 2445 illum
2049 2377 2347 2446 bonitate
2377 2378 2562 2446 omni
2622 2388 2984 2466 praestan·1

429 2468 665 2536 tiorem
726 2466 1085 2532 Dominum
1131 2464 1215 2531 ab
1246 2465 1669 2533 humanitate
1696 2488 1816 2534 sua
1860 2466 2361 2552 clementiaque
2396 2467 2612 2534 vinci:
2651 2460 2948 2552 quemad·
2983 2471 2984 2534 f

432 2554 707 2622 modum
750 2554 814 2619 in
860 2554 1105 2631 Ninive
1135 2555 1554 2622 subvertetur
1581 2556 1821 2641 (lonae
1870 2577 1965 2635 111,
2006 2554 2101 2642 4):
2140 2571 2204 2623 et
2254 2569 2478 2623 tamen
2521 2555 2846 2623 subversa
2892 2561 2984 2616 ac'

429 2643 649 2711 deleta
700 2663 833 2708 non
899 2654 1033 2720 est,
1096 2663 1326 2710 verum
1371 2643 1621 2729 judicii
1672 2645 2092 2711 severitatem
2150 2645 2541 2733 benignitas
2601 2640 2947 2732 superavit.

431 2737 506 2799 Et
557 2732 621 2797 in
678 2729 983 2808 Emonia,
1042 2732 1319 2821 De'spone
1386 2734 1619 2799 domui
1668 2743 1862 2811 tuae,
1916 2735 2222 2801 morieris
2274 2735 2448 2800 enim
2512 2743 2574 2800 et
2626 2755 2754 2801 non
2801 2730 2953 2796 vives

427 2825 521 2906 (4.
560 2826 720 2920 Req.
760 2819 907 2905 xx):
952 2840 1074 2886 nec
1124 2832 1347 2887 tamen
1408 2835 1622 2888 morte
1662 2822 1988 2908 abreptus
2030 2835 2153 2888 est.
2210 2826 2286 2888 Et
2337 2822 2401 2888 in
2457 2822 2685 2889 Achab
2714 2874 2728 2899 ‚
2777 2816 2954 2886 Indu·

328 2937 331 2940 ¹
429 2931 598 2988 cam,
656 2908 901 2993 inquit,
967 2912 1155 2976 mala
1198 2909 1309 2996 (3.
1352 2913 1507 2998 Περ.
1548 2909 1722 2996 xxt):
1781 2929 1898 2977 nec
1951 2923 2173 2977 tamen
2231 2910 2519 2987 induxit,
2579 2930 2812 2977 verum
2868 2904 2966 2970 his'

435 2997 657 3066 verbis
691 3019 864 3065 usus
898 3010 1020 3075 est,
1072 2998 1222 3064 Vide
1268 3020 1397 3086 quo
1424 3007 1619 3085 pacto
1663 3008 2093 3083 compunctus
2133 3009 2226 3067 est
2279 2999 2501 3066 Achab
2548 2997 2954 3088 quamobrem

433 3088 499 3153 in
533 3087 759 3154 diebus
800 3087 946 3174 ejus
979 3090 1167 3154 mala
1221 3108 1349 3154 non
1400 3087 1739 3154 inducam.
1789 3087 1910 3154 Hic
1958 3108 2233 3174 quoque
2297 3108 2536 3154 rursus
2589 3082 2955 3172 benignitas

434 3176 634 3242 latam
689 3174 1096 3241 sententiam
1151 3174 1331 3252 vicit,
1384 3174 1972 3261 quemadmodum
2025 3188 2088 3242 et
2142 3176 2205 3242 in
2267 3175 2610 3263 plerisque
2659 3175 2815 3244 aliis
2857 3170 2954 3257 ju-

429 3263 654 3343 diciis,
710 3284 1117 3348 semperque
1152 3284 1372 3348 usque
1420 3264 1503 3330 ad
1559 3276 1937 3332 extremum
1995 3264 2383 3332 referendae
2443 3265 2778 3333 mercedis
2814 3273 2955 3353 temf

432 3375 561 3440 pus
602 3351 976 3437 superabit.
1032 3356 1194 3424 Nam
1236 3366 1376 3419 tum
1433 3352 1786 3419 nundinae²
1827 3352 2197 3431 solventur,
2259 3377 2379 3420 nec
2431 3352 2688 3420 ferendi
2735 3347 2954 3419 auxilii

433 3456 704 3530 tempus
752 3443 918 3507 erit:
976 3439 1090 3507 sed
1141 3441 1626 3526 unusquisque
1674 3443 2016 3509 sarcinam
2069 3463 2263 3510 suam
2317 3442 2717 3531 gestandam
2774 3435 2955 3529 habe·

438 3531 550 3598 bit.
610 3535 801 3598 Nunc
833 3549 987 3597 vero
1007 3541 1071 3596 et
1116 3528 1268 3616 opis
1301 3528 1919 3613 ferendaetempus
1966 3544 2089 3608 est,
2135 3544 2198 3598 et
2227 3544 2499 3618 tempus
2549 3521 2948 3617 negotiandi.

429 3633 494 3687 et
544 3631 816 3707 tempus
841 3616 1316 3694 contrahendi,
1348 3631 1412 3684 et
1463 3632 1733 3707 tempus
1771 3620 2023 3685 laboris
2073 3632 2138 3686 et
2183 3640 2579 3686 aerumnae.
2619 3625 2703 3686 Ac
2741 3619 2956 3708 beatus

372 3775 379 3780 ,
429 3707 706 3792 quidem
765 3706 898 3784 ille,
955 3706 1069 3792 qui
1123 3727 1242 3794 spe
1293 3706 1578 3775 minime
1629 3707 1938 3774 titubarit
1987 3720 2188 3793 atque
2239 3707 2646 3797 elanguerit.
2722 3711 2956 3773 Boauor

430 3809 706 3875 autem,
761 3795 880 3881 qui
930 3808 994 3862 et
1042 3817 1165 3862 sua
1214 3807 1277 3862 et
1335 3795 1627 3884 proximi
1682 3817 1892 3864 causa
1945 3794 2290 3864 laborarit.
2354 3801 2517 3864 Nam
2597 3796 2726 3864 hoc
2769 3790 2950 3860 enan·

435 3882 944 3952 misericordem
1017 3883 1377 3951 Dominum
1443 3883 1827 3972 impensius
1900 3884 2188 3952 oblectat
2253 3898 2317 3953 et
2381 3883 2756 3960 exhilarat,
2810 3894 2949 3947 cunt

429 3974 724 4059 quisque
772 3971 855 4039 ad
917 3973 1303 4061 proximum
1350 3973 1737 4058 juvandum
1792 3972 2041 4041 celebri
2105 3996 2316 4041 cursu
2365 3972 2717 4042 contendit
2791 3971 2948 4036 Hoc,

432 4064 741 4147 inquam,
802 4061 1191 4129 misericors
1242 4059 1356 4129 ille
1406 4061 1572 4140 vult,
1641 4077 2053 4152 gratumque
2116 4063 2352 4140 habet,
2415 4075 2491 4130 ut
2542 4082 2663 4129 nos
2708 4071 2947 4146 omnes3

435 4164 575 4218 tum
632 4150 697 4217 in
762 4151 918 4229 vita,
979 4160 1121 4217 tum
1180 4162 1327 4236 post
1374 4149 1758 4220 confectum
1816 4152 1986 4219 vitae
2046 4150 2503 4226 curriculum,
2565 4162 2798 4219 mutuo
2849 4137 2950 4239 alu

429 4240 515 4308 ab
550 4237 1071 4323 aliisjuvemur.
1124 4242 1350 4325 Neque
1379 4239 1563 4307 enim
1602 4238 1857 4324 alioqui
1889 4261 2127 4308 ansam
2166 4239 2345 4308 lianc
2398 4239 2594 4308 nobis
2638 4248 2948 4326 porrexis-

430 4341 562 4407 set,
618 4339 961 4396 uteorum
1013 4326 1131 4412 qui
1182 4348 1219 4394 e
1270 4329 1401 4395 vita
1454 4329 1889 4418 migrassent,
1928 4329 1995 4396 in
2047 4329 2411 4397 incruento
2458 4326 2792 4396 sacrificio
2827 4334 2948 4385 me·

431 4416 919 4494 minissemuS,
984 4435 1205 4501 neque
1256 4429 1329 4484 ut
1379 4416 1574 4485 tertio
1621 4433 1686 4485 et
1746 4438 1946 4496 nono,
2000 4431 2065 4486 et
2123 4417 2657 4507 quadragesimo
2703 4413 2830 4487 die,
2878 4422 2945 4468 ac
