2993 4837
30 310 156 373 JOY.
201 310 234 371 Ξ
661 327 744 370 nn
793 325 880 371 ss.
933 324 1245 372 Acixnrao
1294 326 1365 370 ar
1413 326 1614 373 sucus
1668 328 1777 372 nn.
2325 314 2412 376 ὅθ

24 413 226 497 jussum
260 411 467 480 fuerat
507 422 585 478 ut
618 430 743 478 eos
772 408 1173 497 expelleret:
1207 409 1319 478 sed
1353 411 1608 499 egregii
1663 411 1757 479 illi
1808 413 1954 491 viri,
1995 412 2114 499 qui
2164 412 2249 480 ad
2289 412 2497 482 linem

27 520 187 585 usque
216 512 584 568 statuerant
632 499 947 567 resistere
985 511 1279 587 peccato,
1329 499 1453 568 hoc
1513 499 2033 579 nitiitsacientes
2101 500 2501 570 maluerunt

24 590 195 675 potius
249 588 409 657 mori
474 609 641 655 cum
709 587 994 656 Sanctis.
1055 592 1357 669 Quorum
1421 588 1890 658 constantiam
1940 612 2098 659 cum
2164 604 2501 679 tyrannus

20 698 208 746 rursus
252 674 710 754 intellexisset,
766 676 977 763 jussit
1042 697 1285 744 omnes
1354 675 1561 745 simul
1615 700 1770 746 cum
1844 681 2111 747 Sanctis
2168 679 2494 758 interfici,

16 788 144 833 suae
180 764 511 834 occidendi
578 764 898 833 homines
946 764 1345 853 cupiditatis
1397 778 1815 853 praetextum
1863 768 2210 856 accipiens
2258 790 2496 836 eorum

16 876 255 921 amorem
307 854 601 941 pietatis.
657 858 824 922 Cum
878 866 1104 921 autem
1157 855 1214 919 ei
1253 854 1761 943 suggessissent
1822 856 2103 941 quidam
2141 911 2155 935 ,
2201 878 2497 942 quorum

14 957 123 1010 erat
156 966 244 1012 rna
299 966 420 1012 nus
471 942 665 1011 zelus
717 944 780 1009 in
838 941 1230 1019 simulacra,
1284 944 1462 1027 quod
1519 942 1758 1012 suisset
1802 958 2080 1015 senatus
2135 967 2344 1015 causa
2379 946 2500 1013 ho-

16 1052 129 1099 rum
163 1055 255 1101 ma
283 1055 503 1111 orum,
532 1031 734 1117 jubet
777 1032 1047 1100 beatum
1092 1030 1345 1100 adduci
1398 1032 1964 1121 Elpidephorum‚
2007 1045 2080 1102 ut
2137 1034 2254 1121 qui
2312 1033 2497 1122 apud

13 1140 129 1189 euni
174 1118 351 1189 ferret
384 1121 650 1208 primos
702 1121 1016 1188 honores.
1051 1120 1172 1188 Ille
1199 1133 1423 1189 autem
1462 1143 1835 1190 conversus
1874 1122 1956 1190 ad
2006 1122 2290 1191 invictos
2324 1128 2497 1190 Mar-

14 1222 171 1295 tyreS,
217 1210 324 1296 qui
380 1209 693 1277 nondum
768 1222 962 1277 erant
1009 1210 1517 1278 consummati:
1573 1233 1607 1275 «
1641 1215 1914 1299 Rogate,
1949 1210 2141 1291 dixit,
2207 1232 2326 1300 pro
2394 1232 2499 1278 me

14 1311 190 1385 patres
218 1300 275 1368 in
310 1299 589 1387 spiritu,
647 1296 866 1366 duces
897 1319 1085 1366 meae
1121 1298 1186 1366 in
1226 1297 1568 1367 Christum
1631 1298 1812 1377 fidei,
1854 1313 1928 1368 ut
1966 1322 2090 1389 ego
2130 1321 2404 1386 quoque.
2455 1323 2493 1367 a

16 1402 185 1455 vestro
224 1401 404 1456 coetu
462 1409 598 1455 non
638 1387 1045 1455 excidam.»
1088 1388 1206 1456 Cui
1259 1387 1525 1455 Sancti:
1582 1410 1616 1453 «
1649 1393 1803 1457 Esto
1851 1388 2032 1456 bono
2080 1390 2334 1467 animo,
2394 1388 2501 1455 di-

14 1490 223 1555 xerunt,
255 1498 291 1545 o
330 1475 557 1554 frater,
619 1487 767 1544 esto
806 1476 985 1544 bono
1044 1476 1302 1554 anim0,
1363 1488 1426 1544 et
1485 1498 1569 1544 ne
1618 1477 1714 1544 sis
1764 1478 1995 1545 animo
2045 1478 2314 1545 anxius.
2369 1482 2499 1546 Nos

14 1565 151 1631 enim
196 1564 563 1653 praecedes,
609 1564 879 1654 primus
918 1564 1270 1633 sistendus
1317 1586 1544 1633 coram
1597 1566 1868 1634 coelesti
1916 1566 2221 1635 Domino.
2259 1589 2293 1630 »
2334 1571 2498 1634 Cum

14 1672 99 1720 eos
134 1674 270 1743 ergo
313 1666 484 1723 esset
535 1653 937 1741 amplexus,
990 1652 1372 1722 ducebatur
1429 1653 1514 1721 ad
1568 1666 1978 1743 tyrannum:
2044 1677 2200 1723 eum
2263 1667 2492 1723 autem

14 1754 116 1839 tres
152 1764 393 1841 quoque
425 1742 547 1812 alii
582 1743 1209 1829 consequebantur,
1258 1744 1376 1828 qui
1425 1756 1620 1811 erant
1668 1744 1974 1827 ejusdem
2017 1744 2231 1812 animi
2276 1756 2338 1812 et
2391 1744 2496 1811 in-

14 1839 201 1899 stituit.
2050 1858 2059 1869 ·

14 1900 17 2015 j
83 1920 109 2003 ξ
145 1925 260 1991 u.
310 1926 681 2009 Tyrannus
718 1932 987 1987 autem:
1030 1919 1267 2001 «Quid
1324 1920 1538 1999 vobis,
1581 1921 1827 2005 inquit,
1878 1920 2152 1999 accidit,
2191 1944 2230 1989 o
2280 1919 2495 2001 stulti,

14 2006 333 2159 {tdeorum
368 2008 660 2096 quidem
718 2007 1003 2097 patriam
1070 2008 1503 2077 dimitteretis
1564 2008 1988 2097 religionem,
2041 2009 2503 2078 adhaereretis

56 2114 141 2165 ero
168 2095 255 2166 his
302 2096 858 2188 impostoribus?
899 2096 1021 2165 Sed
1079 2098 1208 2167 nisi
1257 2098 1390 2167 cito
1440 2097 1943 2185 resipiscentes,
1982 2097 2062 2166 ad
2114 2099 2335 2186 priora
2399 2120 2499 2164 re-

14 2164 241 2265 ldieritis‚
281 2209 388 2257 vos
416 2187 721 2275 excipiet
757 2186 1046 2254 acerbus
1088 2186 1258 2255 vitae
1292 2185 1523 2254 linis.»
1575 2187 1689 2255 Cui
1752 2182 2254 2275 Elpidephorus
2292 2187 2500 2254 inter-

12 2269 553 2357 }ritoeteonstanti
596 2276 877 2344 animo:
941 2298 974 2339 «
1012 2279 1255 2343 Notum
1331 2275 1447 2344 tibi
1501 2275 1610 2356 sit,
1679 2275 1946 2361 inquit,
2009 2297 2048 2344 o
2103 2281 2260 2353 Rex,
2315 2274 2498 2360 quod

14 2358 287 2450 {deosqui
329 2388 460 2435 non
516 2376 713 2444 sunt,
760 2384 892 2433 non
960 2362 1295 2446 colimuS,
1362 2375 1427 2432 et
1477 2376 1590 2433 tuo
1638 2363 1942 2454 dogmati
2000 2385 2496 2454 repugnamus.

14 2449 125 2516 {Fac
154 2472 286 2542 crgo
332 2455 393 2524 id
445 2454 641 2542 quod
698 2452 814 2521 tibi
866 2451 1149 2521 videtur.
1192 2476 1393 2518 »-—-«
1430 2453 1764 2535 Quoniam
1829 2453 1954 2523 hoc
2015 2454 2201 2522 vobis
2259 2453 2499 2542 placet,

14 2534 188 2624 {inquit
224 2546 607 2630 TyrannuS,
650 2541 995 2628 sequendo
1033 2541 1155 2609 hos
1205 2542 1453 2631 impios
1486 2543 1789 2628 ejusdem
1828 2563 2101 2628 quoque
2139 2564 2288 2610 esse
2342 2539 2502 2609 finis

14 2631 213 2708 socios,
267 2653 473 2719 neque
528 2654 663 2700 nos
705 2652 819 2700 vos
871 2643 1087 2700 vestro
1136 2628 1628 2700 frustrabimur
1675 2630 2052 2700 desiderio:
2113 2630 2226 2699 sed
2285 2644 2501 2698 vestra

14 2709 188 2812 leapita
223 2719 414 2804 jubeo
448 2719 699 2810 gladio
732 2720 1101 2808 amputari.
1129 2743 1163 2784 »
1201 2724 1362 2788 Cum
1418 2732 1642 2788 autem
1700 2721 1925 2789 Sancti
1965 2720 2140 2789 hanc
2191 2720 2499 2787 audivis-

14 2811 575 2886 5sentsententiam‚
617 2807 906 2893 laetique
940 2822 1004 2876 et
1034 2806 1415 2877 exultantes
1449 2809 1866 2877 ducerentur
1913 2808 1995 2877 ad
2037 2822 2347 2889 mortem,
2390 2830 2505 2876 eos

14 2896 838 2996 gquoqaeconsequenttbus
888 2896 1247 2976 militibus,
1303 2898 1416 2983 qui
1461 2910 1655 2965 erant
1716 2919 2001 2967 numero
2051 2898 2323 2966 circiter
2373 2910 2504 2966 tre-

14 2979 299 3084 'cembqui
342 3011 507 3056 cum
556 2986 821 3063 divino,
864 2986 1172 3070 inquam,
1213 2984 1566 3073 Acindyno
1615 3001 1676 3054 et
1710 2986 1859 3074 ejus
1905 2987 2109 3055 sociis
2154 2987 2320 3055 mori
2357 3009 2501 3054 ma-

14 3059 338 3164 duerimus-t
389 3077 491 3144 sic
537 3076 767 3143 venire
820 3074 901 3142 ad
941 3074 1310 3154 Christum,
1363 3075 1567 3164 cujus
1622 3075 2087 3143 misericordia
2150 3088 2251 3142 est
2291 3097 2504 3164 supra

20 3167 163 3236 vitas,
209 3178 481 3233 mortem
541 3163 775 3251 gladio
826 3163 1208 3250 accipiunt,
1266 3184 1586 3253 magnam
1659 3162 1876 3231 animi
1934 3162 2352 3232 alacritatem
2405 3165 2502 3231 eis

14 3241 265 3416 ffieoente
328 3252 735 3341 Acindyno,
798 3263 862 3319 et
928 3253 1302 3330 excitante,
1352 3252 1759 3338 animosque
1817 3251 2109 3321 addente
2178 3252 2262 3318 ad
2323 3275 2504 3320 mar-

96 3357 241 3403 inin.

14 3417 17 3512 ’ζ
76 3425 264 3506 ξίὸ.
312 3435 465 3498 Jam
524 3441 753 3498 autem
816 3427 1186 3497 interfectis
1242 3427 1578 3496 militibus
1626 3440 1691 3496 et
1744 3428 2202 3507 senatoribus,
2269 3450 2506 3513 quain·

14 3511 257 3664 primum
299 3518 592 3587 accersit
640 3532 975 3606 tyrannus
1013 3517 1285 3585 beatum
1355 3515 1815 3605 Acindynum‚
1883 3520 2380 3607 Pegasiumque
2444 3528 2506 3584 et

48 3605 548 3692 nempodistum.
594 3605 845 3674 Deinde
898 3604 1175 3694 vulpina
1233 3604 1406 3693 pelle
1456 3605 1766 3680 indutus,
1819 3605 2398 3690 clementiamque
2443 3619 2508 3673 et

14 3671 559 3763 hiansuetndinem
604 3693 946 3762 simulans
1000 3693 1552 3782 perversissime:
1597 3717 1630 3758 «
1668 3700 2013 3776 Quaenam
2049 3708 2171 3772 est,
2208 3693 2500 3770 dicebat,

14 3773 127 3846 tutis
156 3794 354 3851 vestra
404 3783 823 3862 constantin,
879 3795 955 3850 ut
1005 3784 1177 3850 vitae
1240 3783 1617 3869 praesentis
1675 3783 1823 3851 sitis
1875 3784 2179 3885 prodigi,
2237 3795 2302 3850 et
2349 3805 2500 3850 eam

14 3869 182 3934 morte
217 3873 701 3940 commutetis?
747 3872 960 3939 Testis
1012 3872 1098 3939 sit
1149 3870 1315 3938 mihi
1380 3871 1505 3948 sol,
1560 3871 1676 3957 qui
1727 3884 1828 3940 est
1868 3873 2230 3959 Jucundus
2281 3871 2508 3940 omni—

14 3943 127 4050 ὼῑιξ,
171 3960 339 4043 quod
398 3973 680 4049 propter
740 3973 1024 4028 vestram
1084 3972 1366 4027 mortem
1432 3960 1601 4028 mihi
1665 3961 2079 4029 scinduntur
2132 3961 2384 4028 viscera
2445 3971 2510 4029 et

14 4051 215 4136 anima.
278 4051 600 4117 Misereor
646 4048 829 4116 enim
885 4061 1143 4118 vestrae
1193 4048 1431 4117 aetatis
1500 4061 1563 4116 et
1602 4048 2028 4136 juventutis,
2085 4062 2148 4116 et
2198 4051 2510 4138 corporis

52 4149 231 4216 noque
277 4136 817 4224 pulcritudiniS,
892 4137 1095 4225 cujus
1148 4135 1247 4204 vel
1329 4137 1766 4204 misereretur
1813 4135 2026 4204 bestia
2065 4190 2079 4214 ,
2132 4138 2293 4205 etei
2353 4161 2509 4225 par-

24 4232 169 4287 ceret.
220 4225 476 4293 Credite
514 4247 679 4312 ergo
716 4224 904 4304 mihi,
944 4227 1060 4311 qui
1118 4225 1317 4292 vestri
1354 4246 1672 4313 magnam
1724 4245 1962 4292 curam
2008 4246 2192 4311 gero.
2249 4237 2312 4292 et
2346 4239 2511 4294 con-

28 4303 130 4373 ffulo
167 4332 327 4396 quae
376 4329 545 4383 sunt
600 4310 820 4380 utilia.
867 4313 1120 4382 Videtis
1168 4313 1391 4390 enim,
1445 4311 1795 4397 quomodo
1856 4307 2028 4380 nulli
2091 4314 2513 4401 pepercerim

36 4400 298 4482 senatori,
355 4424 482 4470 nec
561 4398 789 4468 militi.
841 4402 1049 4472 Vestri
1104 4412 1330 4468 autem
1379 4413 1656 4487 paterne
1719 4421 1959 4468 curam
2026 4420 2225 4488 gem,
2279 4412 2345 4466 et
2401 4421 2517 4468 vos
