2993 4837
452 282 577 346 524
1048 298 1125 343 ne
1173 298 1228 344 s.
1266 297 1563 344 Enuunno
1611 298 1710 344 ar.
1763 296 2227 344 cmwltmmssl
2373 320 2387 335 ·
2572 281 2722 346 NOV.
2763 283 2822 346 lss

365 384 734 473 patientur.
796 405 832 449 »
888 382 1010 451 His
1073 381 1295 450 verbis
1348 381 1640 451 mirifice
1703 380 2124 451 exhilaratus
2184 381 2619 462 Edmundus,
2664 395 2824 453 totum

362 494 688 541 curarum
732 471 1027 561 ponduS,
1068 470 1251 558 quod
1304 493 1343 539 a
1398 470 1750 541 sororibus
1805 471 1867 539 ei
1937 471 2371 552 incubuerat,
2413 472 2479 539 in
2527 473 2829 542 Priorissae

367 582 615 629 manus
681 559 1048 649 deposuit,
1106 581 1371 629 sorores
1420 582 1583 629 suas
1635 559 1734 627 illi
1798 559 2341 629 commendans:
2396 573 2593 647 atque
2634 562 2711 629 ita
2744 561 2835 630 do·

363 648 666 719 mesticis
722 649 1082 719 absolutus
1146 649 1358 728 curis,
1422 648 1717 718 Parisios
1766 648 1989 728 rediit,
2054 648 2446 718 liberalium
2495 650 2836 738 discipliua-

361 760 514 807 rum
575 758 858 806 cursum
914 736 1376 806 confecturus.
1422 737 1545 807 Ubi
1596 758 1760 806 sane
1800 737 2330 826 diligentissime
2381 739 2450 807 in
2500 738 2728 807 litteras
2753 739 2834 806 in·

360 826 625 906 cubuit,
669 839 732 895 et
784 848 1101 916 magnam
1139 848 1217 894 ex
1256 826 1356 894 eis
1390 826 1792 895 suavitatem
1854 826 2198 915 percepit:
2253 826 2559 896 discendi
2607 827 2832 913 quidem

365 914 809 1004 percupidus,
850 915 966 984 sed
1006 915 1169 984 recti
1220 914 1486 983 vivendi
1539 914 1883 1004 cupidior,
1931 916 2021 984 ita
2057 915 2374 984 studebat
2409 915 2679 996 discere,
2714 929 2846 984 tam·

361 1026 568 1089 quam
622 1025 893 1093 semper
943 1004 1284 1072 victurus:
1342 1003 1431 1071 ita
1483 1004 1724 1076 vivere.
1765 1016 2112 1091 tamquam
2164 1025 2318 1074 cras
2360 1005 2732 1074 moriturus.
2771 1009 2845 1072 lta

364 1093 592 1170 fiebat,
631 1106 705 1161 ut
750 1106 815 1161 et
848 1093 1077 1161 studio
1129 1092 1296 1160 bene
1343 1092 1657 1161 discendi
1690 1114 1935 1162 sensus
1967 1116 2008 1162 a
2044 1092 2249 1162 rebus
2285 1092 2545 1162 frivolis
2581 1108 2640 1162 et
2672 1094 2851 1162 noxiis

364 1194 702 1260 avocatos,
741 1181 1014 1250 facilius
1048 1180 1132 1249 ad
1167 1181 1338 1250 bene
1373 1181 1741 1250 vivendum
1783 1180 2337 1266 accommodaret
2368 1195 2434 1251 et
2468 1183 2846 1271 disponeret:
2918 1235 2920 1246 Α

363 1283 427 1339 et
456 1292 536 1339 ex
567 1283 742 1339 recte
774 1269 1042 1338 vivendi
1075 1269 1573 1338 consuetudine
1615 1284 1910 1339 mentem
1953 1270 2265 1339 coelestis
2303 1270 2480 1340 lucis
2515 1271 2852 1359 fulgoribus

363 1371 769 1437 serenatam,
807 1359 890 1427 ad
945 1360 1116 1429 bene
1167 1357 1494 1427 discenda
1550 1359 1830 1427 subtilia
1885 1359 2129 1446 purius
2182 1372 2248 1429 et
2300 1362 2544 1429 tersius
2590 1360 2852 1449 applica·

364 1460 484 1517 ret.
539 1452 744 1516 Acute
781 1448 963 1517 enim
1015 1446 1516 1536 cognoscendis
1562 1460 1629 1515 et
1669 1448 2169 1536 perspiciendis
2227 1470 2457 1518 rerum
2517 1450 2734 1518 causis
2782 1449 2850 1518 sie

363 1537 675 1605 animum
729 1535 1098 1604 adhibebat
1140 1559 1370 1614 suum,
1409 1536 1477 1604 in
1513 1557 1728 1622 eoque
1778 1549 1914 1606 tam
1966 1536 2234 1606 fervens
2274 1551 2339 1606 et
2388 1538 2702 1608 assiduus
2733 1536 2849 1610 suit,

362 1638 438 1693 ut
485 1625 672 1694 brevi
722 1624 1165 1693 admirabiles
1221 1626 1286 1692 in
1346 1625 1654 1695 doctrina
1709 1626 2226 1714 progressiones
2293 1627 2591 1706 haberet,
2646 1640 2706 1695 et
2753 1625 2852 1694 non

363 1713 690 1783 studiosis
740 1714 965 1794 mod0,
1002 1713 1117 1782 sed
1167 1714 1371 1783 etiam
1440 1713 1790 1804 magistris
1840 1728 1906 1783 et
1957 1715 2520 1804 praeceptoribus
2582 1714 2853 1784 miraculi
2919 1751 2920 1765 κ

365 1816 580 1870 instar
617 1814 817 1870 esset.

450 1894 485 1977 ξ
531 1895 606 1961 ἵ.
670 1891 896 1961 Hostis
944 1903 1170 1960 autem
1225 1889 1599 1980 malignuS,
1662 1891 2054 1960 teterrimus
2109 1892 2445 1970 daemon,
2513 1913 2663 1962 cum
2735 1913 2852 1960 eum

360 1991 668 2048 cerneret
712 1980 1006 2049 castitati
1056 2001 1403 2048 summam
1456 1979 1853 2069 impendere
1902 2002 2207 2081 operam,
2260 1982 2482 2070 magis
2529 1982 2725 2050 etiam
2771 2001 2854 2069 pe·

361 2069 567 2137 ctoris
614 2070 764 2157 ejus
814 2068 1377 2154 tranquillitatem
1446 2071 1847 2156 perturbare
1899 2073 2263 2139 nitebatur.
2307 2074 2544 2157 Itaque
2598 2068 2852 2159 puellam

362 2156 738 2242 quandam,
793 2158 1104 2247 hospitae
1144 2158 1292 2243 ejus
1342 2155 1582 2239 filiam,
1625 2157 1813 2227 illius
1860 2180 2093 2227 amore
2145 2159 2620 2236 inflammavit,
2673 2162 2754 2226 ita
2806 2169 2854 2223 ut

365 2245 481 2314 illa
534 2246 906 2336 impudicis
942 2247 1010 2315 in
1060 2268 1217 2314 eum
1254 2246 1583 2334 conjectis
1622 2247 1868 2324 oculis,
1908 2247 2210 2334 itemque
2258 2248 2482 2336 signis
2521 2258 2583 2316 et
2621 2246 2854 2316 nutibus

361 2356 517 2402 eum
556 2334 638 2402 ad
693 2348 964 2436 turpem
1017 2334 1462 2404 concubitum
1516 2357 1880 2425 provocare
1925 2349 2314 2406 conaretur.
2373 2336 2500 2404 Sed
2560 2358 2714 2405 cum
2760 2335 2850 2403 hae

362 2425 621 2493 ratione
678 2425 849 2493 nihil
910 2424 1289 2513 proficeret,
1350 2425 1606 2514 apertis
1651 2446 1811 2494 cum
1877 2446 1957 2494 eo
2012 2426 2235 2495 verbis
2280 2447 2401 2495 coe
2458 2427 2506 2494 it
2552 2446 2763 2514 agere,
2807 2435 2851 2489 et

365 2512 600 2582 multis
639 2513 860 2581 modis
890 2512 975 2582 ad
1015 2513 1307 2583 nefarios
1346 2513 1706 2603 amplexus
1738 2514 2047 2583 invitare.
2086 2514 2210 2583 Ille
2244 2515 2383 2584 hau
2467 2536 2662 2584 secus
2693 2525 2850 2598 atque

366 2616 619 2689 pestem
656 2601 1003 2687 quandam
1058 2601 1245 2671 illam
1283 2601 1580 2691 fugiens,
1626 2624 1829 2691 saepe
1870 2603 2285 2690 objurgabat
2330 2616 2394 2672 et
2448 2604 2667 2672 verbis
2697 2600 2851 2670 casti·

362 2691 565 2778 gabat
612 2712 789 2758 eam.
851 2690 975 2759 Sed
1049 2713 1207 2760 cum
1285 2713 1506 2778 neque
1562 2692 1660 2760 sic
1712 2691 1908 2760 vellet
1955 2692 2042 2761 ab
2095 2692 2211 2761 illo
2278 2692 2588 2780 improbo
2650 2701 2849 2760 conatu

364 2800 680 2846 revocare
719 2800 888 2858 sese,
929 2778 1042 2847 sed
1099 2793 1406 2869 pergeret
1444 2801 1593 2848 esse
1634 2780 2054 2868 importuna,
2097 2782 2371 2851 tandem
2409 2781 2593 2870 apud
2631 2802 2698 2848 se
2725 2774 2849 2845 deli-

360 2866 634 2946 berans,
671 2889 805 2953 qua
840 2868 955 2937 illa
992 2881 1217 2957 posset
1255 2870 1358 2937 via
1411 2868 1645 2938 reduci
1694 2869 1775 2936 ad
1814 2870 2202 2950 sanitatem,
2239 2884 2512 2960 tempus
2542 2870 2599 2939 ei
2633 2880 2845 2937 certum

364 2956 697 3043 praefigit,
746 2956 829 3024 ad
882 2957 1064 3043 quod
1117 2955 1356 3027 adesse
1395 2957 1660 3026 debeat.
1702 2957 1827 3026 Illa
1877 2980 1947 3026 se
2004 2981 2291 3048 sperans
2340 2960 2473 3027 voti
2513 2968 2846 3045 compotem

359 3043 523 3124 fore,
572 3057 824 3114 statuto
875 3059 1003 3114 tem
1061 3067 1176 3114 ore
1225 3045 1650 3115 confidenter
1700 3047 1901 3116 venit.
1940 3051 2303 3134 Postquam
2358 3061 2583 3117 autem
2618 3046 2693 3115 ad
2726 3064 2844 3110 eum

362 3134 668 3223 ingressa
711 3146 834 3216 est,
873 3147 935 3203 et
990 3135 1005 3203 i
1043 3137 1104 3203 lo
1143 3135 1432 3221 jubente
1466 3135 1945 3225 superioribus
1979 3135 2282 3206 vestibus
2337 3136 2613 3215 nudata,
2650 3150 2846 3222 appre-

363 3224 645 3291 hensam
688 3224 897 3314 virgis
930 3224 1200 3313 egregie
1250 3224 1319 3292 in
1366 3237 1553 3313 tergo
1587 3224 1984 3304 verberavit,
2023 3239 2098 3293 ut
2131 3225 2517 3304 stultitiam,
2555 3243 2718 3312 quae
2741 3229 2847 3286 erat

360 3311 681 3401 colligata
742 3312 807 3380 in
860 3313 1064 3381 corde
1111 3312 1286 3399 ejuS,
1335 3314 1525 3414 virga
1565 3312 1975 3404 disciplinae
2024 3312 2308 3403 fugaret.
2365 3320 2534 3384 Tum
2585 3312 2693 3380 illa
2743 3321 2841 3375 tam

360 3401 539 3469 male
572 3414 635 3469 et
683 3400 948 3469 duriter
996 3413 1295 3488 accepta,
1336 3401 1513 3558 fugit
1550 3423 1735 3482 eum,
1788 3423 1992 3489 quem
2036 3415 2233 3471 antea
2286 3418 2419 3472 tam
2469 3402 2711 3491 perdite
2737 3404 2842 3463 erat

363 3503 762 3577 persecuta:
819 3503 1222 3590 tantumque
1269 3512 1409 3578 apu
1507 3513 1655 3560 eam
1697 3490 1793 3559 illi
1834 3493 2182 3580 virgarum
2228 3492 2406 3560 ictus
2441 3490 2836 3579 profecerunt.

360 3591 458 3656 ω’
497 3578 1082 3663 quemadmodum
1125 3600 1271 3666 ipsa
1324 3591 1553 3669 postea
1592 3578 1773 3650 fassa
1804 3593 1927 3659 est,
1968 3580 2292 3668 deinceps
2327 3600 2669 3667 nunquam
2702 3571 2838 3659 ejus·
2911 3662 2912 3665 Ἴ

361 3666 545 3734 modi
590 3668 957 3736 tentatione
995 3666 1263 3755 pulsata
1298 3669 1406 3736 sit.
1445 3674 1741 3737 Cernens
1774 3683 2002 3738 autem
2057 3669 2574 3758 impurissimus
2601 3667 2832 3733 daemon

360 3776 431 3822 sc
486 3770 615 3824 tam
654 3770 884 3846 aperta
940 3756 1103 3825 mali
1145 3757 1371 3843 specie
1399 3778 1556 3826 eum
1601 3772 1897 3826 evertere
1934 3779 2063 3825 non
2107 3779 2326 3847 posse,
2368 3779 2489 3847 per
2519 3764 2832 3850 matronam

358 3843 706 3930 quandam
761 3845 947 3924 satiS,
994 3858 1071 3914 ut
1111 3844 1492 3925 videbatur,
1549 3846 1931 3926 honestam,
1985 3867 2141 3914 eum
2194 3846 2262 3914 in
2316 3844 2735 3936 turpitudinis
2766 3832 2828 3899 so·

359 3954 548 4002 veam
592 3934 979 4022 pertrahere
1028 3946 1316 4003 conatus
1363 3947 1483 4002 est.
1528 3938 1618 4002 Ea
1651 3935 1836 4003 enim
1876 3934 2006 4005 sub
2039 3933 2246 4004 officii
2298 3947 2634 4022 praetextu
2675 3940 2828 4013 quae·

357 4021 514 4089 dam
568 4023 625 4089 ei
681 4044 968 4092 munera
1016 4022 1286 4102 obtulit,
1323 4036 1400 4092 ut
1448 4022 1532 4090 iis
1564 4045 1723 4092 eum
1778 4023 2062 4093 illiceret
2116 4036 2181 4093 et
2225 4022 2563 4092 emolliret
2596 4017 2665 4088 ad
2706 4029 2826 4080 con-

360 4110 791 4179 sentiendum
832 4133 994 4181 suae
1032 4111 1254 4180 malae
1290 4110 1646 4181 voluntati.
1692 4112 1884 4194 Quod
1937 4135 2096 4181 cum
2149 4111 2265 4180 ille
2304 4106 2817 4180 animadverteret

362 4199 763 4287 perquisivit
809 4221 889 4269 ex
927 4222 1028 4280 ea,
1072 4223 1236 4269 num
1280 4200 1559 4269 conscio
1611 4200 1855 4269 marito
1895 4202 2022 4293 suo
2054 4201 2161 4269 his
2210 4201 2442 4289 ipsum
2496 4186 2820 4266 muneribus

358 4287 678 4354 afficeret.
741 4289 1113 4376 Respondit
1165 4288 1325 4358 illa:
1381 4312 1417 4355 «
1492 4289 1670 4358 Nihil
1737 4289 1947 4379 hujus
2000 4290 2182 4359 novit
2230 4290 2331 4356 vir
2397 4288 2812 4365 meu5,que¹1¹

358 4372 571 4441 nolim
633 4374 804 4440 scire
855 4378 1038 4444 hunc
1095 4399 1201 4444 me
1256 4378 1373 4447 tibi
1430 4391 1865 4467 peramanter
1913 4378 2165 4446 habere
2220 4377 2569 4447 honorem.
2617 4396 2645 4435 »
2691 4368 2810 4431 Tssffl
2907 4464 2908 4467 Ἴ
