<?xml version="1.0" encoding="UTF-8"?>
<!DOCTYPE html PUBLIC "-//W3C//DTD XHTML 1.0 Transitional//EN"
    "http://www.w3.org/TR/xhtml1/DTD/xhtml1-transitional.dtd">
<html xmlns="http://www.w3.org/1999/xhtml" xml:lang="en" lang="en">
 <head>
  <title>
</title>
<meta http-equiv="Content-Type" content="text/html;charset=utf-8" />
  <meta name='ocr-system' content='tesseract 3.04.00' />
  <meta name='ocr-capabilities' content='ocr_page ocr_carea ocr_par ocr_line ocrx_word'/>
</head>
<body>
  <div class='ocr_page' id='page_1' title='image "./historiaeseuvit05lippgoog_0040.png"; bbox 0 0 2993 4837; ppageno 0'>
   <div class='ocr_carea' id='block_1_1' title="bbox 559 276 2932 349">
    <p class='ocr_par' dir='ltr' id='par_1_1' title="bbox 559 276 2932 349">
     <span class='ocr_line' id='line_1_1' title="bbox 559 276 2932 349; baseline 0.002 -4"><span class='ocrx_word' id='word_1_1' title='bbox 559 281 646 345; x_wconf 90' lang='lat'>30</span> <span class='ocrx_word' id='word_1_2' title='bbox 1199 300 1279 345; x_wconf 73' lang='lat' dir='ltr'>nn</span> <span class='ocrx_word' id='word_1_3' title='bbox 1324 299 1381 345; x_wconf 91' lang='lat' dir='ltr'>s.</span> <span class='ocrx_word' id='word_1_4' title='bbox 1434 295 1763 346; x_wconf 66' lang='lat' dir='ltr'>macuto</span> <span class='ocrx_word' id='word_1_5' title='bbox 1811 301 1909 346; x_wconf 77' lang='lat' dir='ltr'>ar.</span> <span class='ocrx_word' id='word_1_6' title='bbox 1965 276 2327 348; x_wconf 45' lang='lat' dir='ltr'>ramsunvss</span> <span class='ocrx_word' id='word_1_7' title='bbox 2723 283 2874 349; x_wconf 83' lang='lat' dir='ltr'>NOV.</span> <span class='ocrx_word' id='word_1_8' title='bbox 2915 288 2932 349; x_wconf 83' lang='lat' dir='ltr'>l</span> 
     </span>
    </p>
   </div>
   <div class='ocr_carea' id='block_1_2' title="bbox 445 382 2963 4471">
    <p class='ocr_par' dir='ltr' id='par_1_2' title="bbox 461 382 2956 1629">
     <span class='ocr_line' id='line_1_2' title="bbox 471 382 2942 475; baseline 0.002 -24"><span class='ocrx_word' id='word_1_9' title='bbox 471 382 713 472; x_wconf 86' lang='lat' dir='ltr'>lingua</span> <span class='ocrx_word' id='word_1_10' title='bbox 762 394 1023 453; x_wconf 89' lang='lat' dir='ltr'>rotante</span> <span class='ocrx_word' id='word_1_11' title='bbox 1087 383 1405 473; x_wconf 87' lang='lat' dir='ltr'>disponi:</span> <span class='ocrx_word' id='word_1_12' title='bbox 1459 383 1578 453; x_wconf 89' lang='lat' dir='ltr'>sed</span> <span class='ocrx_word' id='word_1_13' title='bbox 1632 395 1847 454; x_wconf 87' lang='lat' dir='ltr'>toturn</span> <span class='ocrx_word' id='word_1_14' title='bbox 1908 384 2092 472; x_wconf 90' lang='lat' dir='ltr'>quod</span> <span class='ocrx_word' id='word_1_15' title='bbox 2162 384 2581 475; x_wconf 79' lang='lat' dir='ltr'>perdiderat,</span> <span class='ocrx_word' id='word_1_16' title='bbox 2631 406 2737 455; x_wconf 88' lang='lat' dir='ltr'>ore</span> <span class='ocrx_word' id='word_1_17' title='bbox 2797 400 2942 457; x_wconf 85' lang='lat' dir='ltr'>muto</span> 
     </span>
     <span class='ocr_line' id='line_1_3' title="bbox 470 471 2938 565; baseline 0 -25"><span class='ocrx_word' id='word_1_18' title='bbox 470 471 824 561; x_wconf 79' lang='lat' dir='ltr'>prodebat.</span> <span class='ocrx_word' id='word_1_19' title='bbox 878 478 1066 543; x_wconf 90' lang='lat' dir='ltr'>Tunc</span> <span class='ocrx_word' id='word_1_20' title='bbox 1115 474 1357 543; x_wconf 87' lang='lat' dir='ltr'>beatus</span> <span class='ocrx_word' id='word_1_21' title='bbox 1408 472 1768 542; x_wconf 83' lang='lat' dir='ltr'>Marcellus</span> <span class='ocrx_word' id='word_1_22' title='bbox 1819 473 1928 542; x_wconf 89' lang='lat' dir='ltr'>his</span> <span class='ocrx_word' id='word_1_23' title='bbox 1978 473 2201 544; x_wconf 90' lang='lat' dir='ltr'>verbis</span> <span class='ocrx_word' id='word_1_24' title='bbox 2252 475 2550 565; x_wconf 90' lang='lat' dir='ltr'>appellat</span> <span class='ocrx_word' id='word_1_25' title='bbox 2580 475 2938 563; x_wconf 81' lang='lat' dir='ltr'>pontificem:</span> 
     </span>
     <span class='ocr_line' id='line_1_4' title="bbox 470 560 2940 663; baseline 0.002 -34"><span class='ocrx_word' id='word_1_26' title='bbox 470 561 652 630; x_wconf 82' lang='lat' dir='ltr'>Licet</span> <span class='ocrx_word' id='word_1_27' title='bbox 700 560 1105 652; x_wconf 79' lang='lat' dir='ltr'>intelligam,</span> <span class='ocrx_word' id='word_1_28' title='bbox 1160 573 1390 663; x_wconf 89' lang='lat' dir='ltr'>pastor</span> <span class='ocrx_word' id='word_1_29' title='bbox 1430 561 1629 634; x_wconf 90' lang='lat' dir='ltr'>bone.</span> <span class='ocrx_word' id='word_1_30' title='bbox 1686 562 1806 631; x_wconf 88' lang='lat' dir='ltr'>tibi</span> <span class='ocrx_word' id='word_1_31' title='bbox 1844 562 2046 631; x_wconf 88' lang='lat' dir='ltr'>talem</span> <span class='ocrx_word' id='word_1_32' title='bbox 2089 584 2328 632; x_wconf 88' lang='lat' dir='ltr'>casum</span> <span class='ocrx_word' id='word_1_33' title='bbox 2365 563 2450 633; x_wconf 91' lang='lat' dir='ltr'>de</span> <span class='ocrx_word' id='word_1_34' title='bbox 2487 563 2695 653; x_wconf 85' lang='lat' dir='ltr'>&#39;culpa</span> <span class='ocrx_word' id='word_1_35' title='bbox 2740 566 2940 645; x_wconf 83' lang='lat' dir='ltr'>venire,</span> 
     </span>
     <span class='ocr_line' id='line_1_5' title="bbox 470 650 2956 748; baseline 0.002 -29"><span class='ocrx_word' id='word_1_36' title='bbox 470 662 694 719; x_wconf 87' lang='lat' dir='ltr'>tamen</span> <span class='ocrx_word' id='word_1_37' title='bbox 747 650 1078 748; x_wconf 85' lang='lat' dir='ltr'>quicquid</span> <span class='ocrx_word' id='word_1_38' title='bbox 1122 674 1243 730; x_wconf 80' lang='lat' dir='ltr'>vis,</span> <span class='ocrx_word' id='word_1_39' title='bbox 1300 650 1366 718; x_wconf 87' lang='lat' dir='ltr'>in</span> <span class='ocrx_word' id='word_1_40' title='bbox 1404 650 1687 720; x_wconf 80' lang='lat' dir='ltr'>nornine</span> <span class='ocrx_word' id='word_1_41' title='bbox 1741 651 2006 719; x_wconf 88' lang='lat' dir='ltr'>Domini</span> <span class='ocrx_word' id='word_1_42' title='bbox 2057 673 2374 721; x_wconf 76' lang='lat' dir='ltr'>sermone</span> <span class='ocrx_word' id='word_1_43' title='bbox 2430 674 2803 743; x_wconf 82' lang='lat' dir='ltr'>prorumpe.</span> <span class='ocrx_word' id='word_1_44' title='bbox 2856 654 2956 723; x_wconf 82' lang='lat' dir='ltr'>His·</span> 
     </span>
     <span class='ocr_line' id='line_1_6' title="bbox 467 737 2941 828; baseline 0.002 -22"><span class='ocrx_word' id='word_1_45' title='bbox 467 738 695 819; x_wconf 90' lang='lat' dir='ltr'>dictis,</span> <span class='ocrx_word' id='word_1_46' title='bbox 739 739 967 808; x_wconf 90' lang='lat' dir='ltr'>adhuc</span> <span class='ocrx_word' id='word_1_47' title='bbox 1017 739 1197 809; x_wconf 90' lang='lat' dir='ltr'>beati</span> <span class='ocrx_word' id='word_1_48' title='bbox 1228 737 1529 809; x_wconf 78' lang='lat' dir='ltr'>Marcelli</span> <span class='ocrx_word' id='word_1_49' title='bbox 1571 760 1794 809; x_wconf 87' lang='lat' dir='ltr'>sermo</span> <span class='ocrx_word' id='word_1_50' title='bbox 1831 739 2226 809; x_wconf 76' lang='lat' dir='ltr'>volvebatur</span> <span class='ocrx_word' id='word_1_51' title='bbox 2263 741 2332 809; x_wconf 92' lang='lat' dir='ltr'>in</span> <span class='ocrx_word' id='word_1_52' title='bbox 2370 763 2509 822; x_wconf 91' lang='lat' dir='ltr'>ore,</span> <span class='ocrx_word' id='word_1_53' title='bbox 2554 741 2769 828; x_wconf 85' lang='lat' dir='ltr'>etjam</span> <span class='ocrx_word' id='word_1_54' title='bbox 2807 741 2941 827; x_wconf 79' lang='lat' dir='ltr'>quod</span> 
     </span>
     <span class='ocr_line' id='line_1_7' title="bbox 466 827 2943 919; baseline 0.001 -24"><span class='ocrx_word' id='word_1_55' title='bbox 466 827 947 915; x_wconf 89' lang='lat' dir='ltr'>imperaverat,</span> <span class='ocrx_word' id='word_1_56' title='bbox 987 828 1369 897; x_wconf 88' lang='lat' dir='ltr'>obediebat.</span> <span class='ocrx_word' id='word_1_57' title='bbox 1427 827 1680 897; x_wconf 87' lang='lat' dir='ltr'>Deinde</span> <span class='ocrx_word' id='word_1_58' title='bbox 1726 841 2092 915; x_wconf 88' lang='lat' dir='ltr'>antequam</span> <span class='ocrx_word' id='word_1_59' title='bbox 2146 829 2273 900; x_wconf 90' lang='lat' dir='ltr'>iste</span> <span class='ocrx_word' id='word_1_60' title='bbox 2320 830 2702 919; x_wconf 84' lang='lat' dir='ltr'>explicaret,</span> <span class='ocrx_word' id='word_1_61' title='bbox 2753 830 2849 899; x_wconf 89' lang='lat' dir='ltr'>ille</span> <span class='ocrx_word' id='word_1_62' title='bbox 2879 850 2943 897; x_wconf 75' lang='lat' dir='ltr'>re</span> 
     </span>
     <span class='ocr_line' id='line_1_8' title="bbox 466 915 2945 1007; baseline 0.001 -23"><span class='ocrx_word' id='word_1_63' title='bbox 466 915 768 1004; x_wconf 83' lang='lat' dir='ltr'>spondit,</span> <span class='ocrx_word' id='word_1_64' title='bbox 820 917 1099 986; x_wconf 88' lang='lat' dir='ltr'>dicens:</span> <span class='ocrx_word' id='word_1_65' title='bbox 1139 940 1173 983; x_wconf 91' lang='lat'>«</span> <span class='ocrx_word' id='word_1_66' title='bbox 1207 922 1336 985; x_wconf 86' lang='lat' dir='ltr'>Vos</span> <span class='ocrx_word' id='word_1_67' title='bbox 1388 916 1557 985; x_wconf 91' lang='lat' dir='ltr'>mihi</span> <span class='ocrx_word' id='word_1_68' title='bbox 1606 916 1886 996; x_wconf 83' lang='lat' dir='ltr'>fecistiS,</span> <span class='ocrx_word' id='word_1_69' title='bbox 1926 939 2223 1003; x_wconf 90' lang='lat' dir='ltr'>quorum</span> <span class='ocrx_word' id='word_1_70' title='bbox 2266 919 2494 1007; x_wconf 79' lang='lat' dir='ltr'>Jussio</span> <span class='ocrx_word' id='word_1_71' title='bbox 2533 918 2679 1000; x_wconf 87' lang='lat' dir='ltr'>fuit,</span> <span class='ocrx_word' id='word_1_72' title='bbox 2718 931 2782 988; x_wconf 86' lang='lat' dir='ltr'>ut</span> <span class='ocrx_word' id='word_1_73' title='bbox 2823 917 2945 987; x_wconf 83' lang='lat' dir='ltr'>alter</span> 
     </span>
     <span class='ocr_line' id='line_1_9' title="bbox 463 1006 2944 1097; baseline 0 -23"><span class='ocrx_word' id='word_1_74' title='bbox 463 1016 792 1086; x_wconf 88' lang='lat' dir='ltr'>cantaret,</span> <span class='ocrx_word' id='word_1_75' title='bbox 828 1027 1036 1091; x_wconf 90' lang='lat' dir='ltr'>quam</span> <span class='ocrx_word' id='word_1_76' title='bbox 1088 1027 1213 1095; x_wconf 88' lang='lat' dir='ltr'>ego</span> <span class='ocrx_word' id='word_1_77' title='bbox 1246 1027 1798 1097; x_wconf 77' lang='lat' dir='ltr'>praeceperam.»</span> <span class='ocrx_word' id='word_1_78' title='bbox 1835 1010 1911 1075; x_wconf 91' lang='lat' dir='ltr'>Et</span> <span class='ocrx_word' id='word_1_79' title='bbox 1942 1006 2110 1075; x_wconf 92' lang='lat' dir='ltr'>dum</span> <span class='ocrx_word' id='word_1_80' title='bbox 2165 1006 2290 1075; x_wconf 90' lang='lat' dir='ltr'>ista</span> <span class='ocrx_word' id='word_1_81' title='bbox 2339 1007 2662 1095; x_wconf 91' lang='lat' dir='ltr'>loquitur,</span> <span class='ocrx_word' id='word_1_82' title='bbox 2713 1008 2944 1076; x_wconf 81' lang='lat' dir='ltr'>amissae</span> 
     </span>
     <span class='ocr_line' id='line_1_10' title="bbox 465 1093 2946 1183; baseline 0.002 -25"><span class='ocrx_word' id='word_1_83' title='bbox 465 1093 652 1163; x_wconf 87' lang='lat' dir='ltr'>vocis</span> <span class='ocrx_word' id='word_1_84' title='bbox 699 1095 917 1183; x_wconf 86' lang='lat' dir='ltr'>gratia</span> <span class='ocrx_word' id='word_1_85' title='bbox 967 1093 1398 1164; x_wconf 84' lang='lat' dir='ltr'>reformatur.</span> <span class='ocrx_word' id='word_1_86' title='bbox 1438 1099 1488 1164; x_wconf 93' lang='grc' dir='ltr'><strong>Ο</strong></span> <span class='ocrx_word' id='word_1_87' title='bbox 1526 1094 1846 1163; x_wconf 91' lang='lat' dir='ltr'>meritum</span> <span class='ocrx_word' id='word_1_88' title='bbox 1900 1095 2332 1175; x_wconf 85' lang='lat' dir='ltr'>subdiaconi,</span> <span class='ocrx_word' id='word_1_89' title='bbox 2371 1098 2492 1183; x_wconf 89' lang='lat' dir='ltr'>qui</span> <span class='ocrx_word' id='word_1_90' title='bbox 2525 1118 2747 1165; x_wconf 88' lang='lat' dir='ltr'>vocem</span> <span class='ocrx_word' id='word_1_91' title='bbox 2805 1096 2946 1165; x_wconf 86' lang='lat' dir='ltr'>resti·</span> 
     </span>
     <span class='ocr_line' id='line_1_11' title="bbox 467 1182 2941 1271; baseline -0.001 -21"><span class='ocrx_word' id='word_1_92' title='bbox 467 1183 598 1251; x_wconf 90' lang='lat' dir='ltr'>tuit</span> <span class='ocrx_word' id='word_1_93' title='bbox 632 1182 989 1263; x_wconf 89' lang='lat' dir='ltr'>sacerdoti,</span> <span class='ocrx_word' id='word_1_94' title='bbox 1027 1197 1092 1253; x_wconf 89' lang='lat' dir='ltr'>et</span> <span class='ocrx_word' id='word_1_95' title='bbox 1125 1205 1316 1252; x_wconf 90' lang='lat' dir='ltr'>versa</span> <span class='ocrx_word' id='word_1_96' title='bbox 1365 1183 1529 1263; x_wconf 87' lang='lat' dir='ltr'>vice,</span> <span class='ocrx_word' id='word_1_97' title='bbox 1585 1182 1768 1269; x_wconf 91' lang='lat' dir='ltr'>quod</span> <span class='ocrx_word' id='word_1_98' title='bbox 1820 1183 2132 1271; x_wconf 88' lang='lat' dir='ltr'>accipere</span> <span class='ocrx_word' id='word_1_99' title='bbox 2185 1184 2446 1265; x_wconf 81' lang='lat' dir='ltr'>debuit,</span> <span class='ocrx_word' id='word_1_100' title='bbox 2503 1185 2631 1254; x_wconf 86' lang='lat' dir='ltr'>hoc</span> <span class='ocrx_word' id='word_1_101' title='bbox 2679 1184 2941 1254; x_wconf 83' lang='lat' dir='ltr'>indulsit:</span> 
     </span>
     <span class='ocr_line' id='line_1_12' title="bbox 467 1270 2946 1358; baseline 0 -19"><span class='ocrx_word' id='word_1_102' title='bbox 467 1271 600 1353; x_wconf 85' lang='lat' dir='ltr'>Qui</span> <span class='ocrx_word' id='word_1_103' title='bbox 647 1272 908 1343; x_wconf 86' lang='lat' dir='ltr'>debiles</span> <span class='ocrx_word' id='word_1_104' title='bbox 942 1271 1176 1342; x_wconf 81' lang='lat' dir='ltr'>fauces</span> <span class='ocrx_word' id='word_1_105' title='bbox 1206 1272 1495 1340; x_wconf 86' lang='lat' dir='ltr'>armavit</span> <span class='ocrx_word' id='word_1_106' title='bbox 1542 1270 1836 1358; x_wconf 88' lang='lat' dir='ltr'>eloqui0‚</span> <span class='ocrx_word' id='word_1_107' title='bbox 1868 1284 1934 1340; x_wconf 89' lang='lat' dir='ltr'>et</span> <span class='ocrx_word' id='word_1_108' title='bbox 1982 1273 2049 1341; x_wconf 93' lang='lat' dir='ltr'>in</span> <span class='ocrx_word' id='word_1_109' title='bbox 2100 1294 2216 1341; x_wconf 89' lang='lat' dir='ltr'>ore</span> <span class='ocrx_word' id='word_1_110' title='bbox 2254 1272 2537 1344; x_wconf 87' lang='lat' dir='ltr'>alterius</span> <span class='ocrx_word' id='word_1_111' title='bbox 2588 1274 2756 1343; x_wconf 89' lang='lat' dir='ltr'>fudit</span> <span class='ocrx_word' id='word_1_112' title='bbox 2798 1273 2946 1342; x_wconf 83' lang='lat' dir='ltr'>verba</span> 
     </span>
     <span class='ocr_line' id='line_1_13' title="bbox 464 1358 2944 1452; baseline -0 -23"><span class='ocrx_word' id='word_1_113' title='bbox 464 1383 587 1450; x_wconf 92' lang='lat' dir='ltr'>per</span> <span class='ocrx_word' id='word_1_114' title='bbox 619 1361 928 1429; x_wconf 88' lang='lat' dir='ltr'>verbum.</span> <span class='ocrx_word' id='word_1_115' title='bbox 981 1360 1157 1443; x_wconf 86' lang='lat' dir='ltr'>Quid</span> <span class='ocrx_word' id='word_1_116' title='bbox 1208 1358 1471 1429; x_wconf 89' lang='lat' dir='ltr'>diutius</span> <span class='ocrx_word' id='word_1_117' title='bbox 1521 1361 1961 1449; x_wconf 76' lang='lat' dir='ltr'>protraham?</span> <span class='ocrx_word' id='word_1_118' title='bbox 2016 1365 2299 1450; x_wconf 86' lang='lat' dir='ltr'>Semper</span> <span class='ocrx_word' id='word_1_119' title='bbox 2361 1363 2686 1433; x_wconf 84' lang='lat' dir='ltr'>tacuisset</span> <span class='ocrx_word' id='word_1_120' title='bbox 2731 1363 2944 1452; x_wconf 83' lang='lat' dir='ltr'>Episco-</span> 
     </span>
     <span class='ocr_line' id='line_1_14' title="bbox 464 1447 2946 1541; baseline -0 -23"><span class='ocrx_word' id='word_1_121' title='bbox 464 1471 621 1539; x_wconf 71' lang='grc' dir='ltr'>ρης,</span> <span class='ocrx_word' id='word_1_122' title='bbox 664 1449 721 1518; x_wconf 90' lang='lat' dir='ltr'>si</span> <span class='ocrx_word' id='word_1_123' title='bbox 774 1471 1129 1536; x_wconf 89' lang='lat' dir='ltr'>nunquam</span> <span class='ocrx_word' id='word_1_124' title='bbox 1184 1449 1578 1535; x_wconf 87' lang='lat' dir='ltr'>requisisset</span> <span class='ocrx_word' id='word_1_125' title='bbox 1627 1447 2006 1518; x_wconf 87' lang='lat' dir='ltr'>Marcellus.</span> <span class='ocrx_word' id='word_1_126' title='bbox 2061 1455 2223 1518; x_wconf 83' lang='lat' dir='ltr'>Vere</span> <span class='ocrx_word' id='word_1_127' title='bbox 2284 1449 2540 1541; x_wconf 86' lang='lat' dir='ltr'>dignus</span> <span class='ocrx_word' id='word_1_128' title='bbox 2600 1452 2770 1520; x_wconf 86' lang='lat' dir='ltr'>beati</span> <span class='ocrx_word' id='word_1_129' title='bbox 2822 1456 2946 1518; x_wconf 82' lang='lat' dir='ltr'>Mar·</span> 
     </span>
     <span class='ocr_line' id='line_1_15' title="bbox 461 1538 2942 1629; baseline -0.001 -22"><span class='ocrx_word' id='word_1_130' title='bbox 461 1538 616 1607; x_wconf 91' lang='lat' dir='ltr'>celli</span> <span class='ocrx_word' id='word_1_131' title='bbox 650 1560 898 1619; x_wconf 86' lang='lat' dir='ltr'>sermo,</span> <span class='ocrx_word' id='word_1_132' title='bbox 936 1552 1011 1607; x_wconf 91' lang='lat' dir='ltr'>ut</span> <span class='ocrx_word' id='word_1_133' title='bbox 1043 1560 1318 1628; x_wconf 84' lang='lat' dir='ltr'>gregem</span> <span class='ocrx_word' id='word_1_134' title='bbox 1364 1538 1633 1606; x_wconf 90' lang='lat' dir='ltr'>Domini</span> <span class='ocrx_word' id='word_1_135' title='bbox 1683 1550 1968 1627; x_wconf 89' lang='lat' dir='ltr'>regeret,</span> <span class='ocrx_word' id='word_1_136' title='bbox 2013 1540 2128 1624; x_wconf 88' lang='lat' dir='ltr'>qui</span> <span class='ocrx_word' id='word_1_137' title='bbox 2167 1538 2354 1609; x_wconf 89' lang='lat' dir='ltr'>dedit</span> <span class='ocrx_word' id='word_1_138' title='bbox 2398 1542 2649 1629; x_wconf 91' lang='lat' dir='ltr'>pastori</span> <span class='ocrx_word' id='word_1_139' title='bbox 2684 1540 2942 1609; x_wconf 86' lang='lat' dir='ltr'>salutem.</span> 
     </span>
    </p>

    <p class='ocr_par' dir='ltr' id='par_1_3' title="bbox 454 1625 2963 3225">
     <span class='ocr_line' id='line_1_16' title="bbox 553 1625 2942 1717; baseline 0.002 -20"><span class='ocrx_word' id='word_1_140' title='bbox 553 1633 591 1706; x_wconf 73' lang='grc' dir='ltr'><strong>ἓ</strong></span> <span class='ocrx_word' id='word_1_141' title='bbox 640 1631 733 1697; x_wconf 73' lang='grc'>6.</span> <span class='ocrx_word' id='word_1_142' title='bbox 787 1630 1044 1714; x_wconf 87' lang='lat' dir='ltr'>Operae</span> <span class='ocrx_word' id='word_1_143' title='bbox 1090 1627 1381 1716; x_wconf 88' lang='lat' dir='ltr'>pretium</span> <span class='ocrx_word' id='word_1_144' title='bbox 1432 1625 1783 1697; x_wconf 87' lang='lat' dir='ltr'>credimus</span> <span class='ocrx_word' id='word_1_145' title='bbox 1830 1626 2034 1695; x_wconf 85' lang='lat' dir='ltr'>etiam</span> <span class='ocrx_word' id='word_1_146' title='bbox 2072 1628 2138 1695; x_wconf 90' lang='lat' dir='ltr'>in</span> <span class='ocrx_word' id='word_1_147' title='bbox 2198 1629 2470 1717; x_wconf 83' lang='lat' dir='ltr'>paginis</span> <span class='ocrx_word' id='word_1_148' title='bbox 2529 1629 2695 1698; x_wconf 90' lang='lat' dir='ltr'>haec</span> <span class='ocrx_word' id='word_1_149' title='bbox 2744 1643 2942 1701; x_wconf 81' lang='lat' dir='ltr'>texere.</span> 
     </span>
     <span class='ocr_line' id='line_1_17' title="bbox 466 1715 2946 1801; baseline 0 -19"><span class='ocrx_word' id='word_1_150' title='bbox 466 1736 644 1801; x_wconf 90' lang='lat' dir='ltr'>quae</span> <span class='ocrx_word' id='word_1_151' title='bbox 679 1715 918 1785; x_wconf 86' lang='lat' dir='ltr'>multis</span> <span class='ocrx_word' id='word_1_152' title='bbox 950 1731 1112 1784; x_wconf 90' lang='lat' dir='ltr'>sunt</span> <span class='ocrx_word' id='word_1_153' title='bbox 1153 1715 1358 1784; x_wconf 83' lang='lat' dir='ltr'>infixa</span> <span class='ocrx_word' id='word_1_154' title='bbox 1405 1715 1537 1784; x_wconf 91' lang='lat' dir='ltr'>sub</span> <span class='ocrx_word' id='word_1_155' title='bbox 1570 1715 1796 1784; x_wconf 89' lang='lat' dir='ltr'>corde.</span> <span class='ocrx_word' id='word_1_156' title='bbox 1851 1716 2022 1796; x_wconf 87' lang='lat' dir='ltr'>Quia</span> <span class='ocrx_word' id='word_1_157' title='bbox 2071 1716 2195 1784; x_wconf 85' lang='lat' dir='ltr'>etsi</span> <span class='ocrx_word' id='word_1_158' title='bbox 2228 1716 2312 1784; x_wconf 93' lang='lat' dir='ltr'>de</span> <span class='ocrx_word' id='word_1_159' title='bbox 2364 1739 2432 1785; x_wconf 91' lang='lat' dir='ltr'>re</span> <span class='ocrx_word' id='word_1_160' title='bbox 2476 1717 2760 1787; x_wconf 85' lang='lat' dir='ltr'>terribili</span> <span class='ocrx_word' id='word_1_161' title='bbox 2793 1718 2849 1786; x_wconf 90' lang='lat' dir='ltr'>in</span> <span class='ocrx_word' id='word_1_162' title='bbox 2885 1737 2946 1783; x_wconf 84' lang='lat' dir='ltr'>re·</span> 
     </span>
     <span class='ocr_line' id='line_1_18' title="bbox 463 1802 2946 1884; baseline 0 -14"><span class='ocrx_word' id='word_1_163' title='bbox 463 1802 719 1872; x_wconf 92' lang='lat' dir='ltr'>latione</span> <span class='ocrx_word' id='word_1_164' title='bbox 752 1817 972 1873; x_wconf 89' lang='lat' dir='ltr'>metus</span> <span class='ocrx_word' id='word_1_165' title='bbox 1010 1818 1134 1884; x_wconf 89' lang='lat' dir='ltr'>est,</span> <span class='ocrx_word' id='word_1_166' title='bbox 1179 1804 1248 1872; x_wconf 93' lang='lat' dir='ltr'>in</span> <span class='ocrx_word' id='word_1_167' title='bbox 1305 1804 1782 1873; x_wconf 82' lang='lat' dir='ltr'>aedificatione</span> <span class='ocrx_word' id='word_1_168' title='bbox 1831 1804 1909 1872; x_wconf 80' lang='lat' dir='ltr'>lit</span> <span class='ocrx_word' id='word_1_169' title='bbox 1949 1804 2237 1874; x_wconf 82' lang='lat' dir='ltr'>fructus.</span> <span class='ocrx_word' id='word_1_170' title='bbox 2309 1810 2512 1875; x_wconf 90' lang='lat' dir='ltr'>Porro</span> <span class='ocrx_word' id='word_1_171' title='bbox 2570 1821 2789 1876; x_wconf 88' lang='lat' dir='ltr'>autem</span> <span class='ocrx_word' id='word_1_172' title='bbox 2833 1826 2946 1873; x_wconf 85' lang='lat' dir='ltr'>cum</span> 
     </span>
     <span class='ocr_line' id='line_1_19' title="bbox 463 1891 2949 1985; baseline -0.001 -24"><span class='ocrx_word' id='word_1_173' title='bbox 463 1892 707 1963; x_wconf 90' lang='lat' dir='ltr'>beatus</span> <span class='ocrx_word' id='word_1_174' title='bbox 759 1893 1137 1975; x_wconf 87' lang='lat' dir='ltr'>Marcellus,</span> <span class='ocrx_word' id='word_1_175' title='bbox 1190 1892 1374 1978; x_wconf 90' lang='lat' dir='ltr'>quod</span> <span class='ocrx_word' id='word_1_176' title='bbox 1425 1915 1698 1983; x_wconf 87' lang='lat' dir='ltr'>semper</span> <span class='ocrx_word' id='word_1_177' title='bbox 1746 1892 2043 1981; x_wconf 87' lang='lat' dir='ltr'>possedit</span> <span class='ocrx_word' id='word_1_178' title='bbox 2099 1894 2431 1975; x_wconf 83' lang='lat' dir='ltr'>moribuS,</span> <span class='ocrx_word' id='word_1_179' title='bbox 2477 1910 2657 1965; x_wconf 90' lang='lat' dir='ltr'>esset</span> <span class='ocrx_word' id='word_1_180' title='bbox 2714 1891 2949 1985; x_wconf 76' lang='lat' dir='ltr'>pontifex</span> 
     </span>
     <span class='ocr_line' id='line_1_20' title="bbox 462 1981 2946 2072; baseline -0 -23"><span class='ocrx_word' id='word_1_181' title='bbox 462 1981 849 2061; x_wconf 80' lang='lat' dir='ltr'>ordinatuS,</span> <span class='ocrx_word' id='word_1_182' title='bbox 893 2004 1099 2069; x_wconf 86' lang='lat' dir='ltr'>quarn</span> <span class='ocrx_word' id='word_1_183' title='bbox 1152 1981 1555 2071; x_wconf 77' lang='lat' dir='ltr'>dignitatem</span> <span class='ocrx_word' id='word_1_184' title='bbox 1615 1981 1748 2050; x_wconf 89' lang='lat' dir='ltr'>sibi</span> <span class='ocrx_word' id='word_1_185' title='bbox 1800 1981 2158 2070; x_wconf 89' lang='lat' dir='ltr'>reputabat</span> <span class='ocrx_word' id='word_1_186' title='bbox 2208 1983 2429 2072; x_wconf 87' lang='lat' dir='ltr'>magis</span> <span class='ocrx_word' id='word_1_187' title='bbox 2476 1986 2742 2063; x_wconf 81' lang='lat' dir='ltr'>oneriS‚</span> <span class='ocrx_word' id='word_1_188' title='bbox 2791 2002 2946 2068; x_wconf 87' lang='lat' dir='ltr'>quam</span> 
     </span>
     <span class='ocr_line' id='line_1_21' title="bbox 464 2069 2948 2160; baseline -0 -22"><span class='ocrx_word' id='word_1_189' title='bbox 464 2069 785 2139; x_wconf 87' lang='lat' dir='ltr'>honoris:</span> <span class='ocrx_word' id='word_1_190' title='bbox 832 2083 994 2139; x_wconf 89' lang='lat' dir='ltr'>tunc</span> <span class='ocrx_word' id='word_1_191' title='bbox 1051 2070 1333 2156; x_wconf 88' lang='lat' dir='ltr'>quidam</span> <span class='ocrx_word' id='word_1_192' title='bbox 1389 2070 1473 2139; x_wconf 90' lang='lat' dir='ltr'>de</span> <span class='ocrx_word' id='word_1_193' title='bbox 1525 2069 1781 2160; x_wconf 89' lang='lat' dir='ltr'>populo</span> <span class='ocrx_word' id='word_1_194' title='bbox 1828 2070 1993 2139; x_wconf 85' lang='lat' dir='ltr'>dum</span> <span class='ocrx_word' id='word_1_195' title='bbox 2052 2069 2246 2139; x_wconf 88' lang='lat' dir='ltr'>vellet</span> <span class='ocrx_word' id='word_1_196' title='bbox 2304 2072 2386 2140; x_wconf 89' lang='lat' dir='ltr'>ad</span> <span class='ocrx_word' id='word_1_197' title='bbox 2447 2072 2948 2141; x_wconf 84' lang='lat' dir='ltr'>communionem</span> 
     </span>
     <span class='ocr_line' id='line_1_22' title="bbox 464 2159 2946 2250; baseline -0.001 -23"><span class='ocrx_word' id='word_1_198' title='bbox 464 2159 809 2239; x_wconf 86' lang='lat' dir='ltr'>accedere,</span> <span class='ocrx_word' id='word_1_199' title='bbox 852 2159 1176 2228; x_wconf 90' lang='lat' dir='ltr'>manibus</span> <span class='ocrx_word' id='word_1_200' title='bbox 1212 2171 1387 2228; x_wconf 89' lang='lat' dir='ltr'>retro</span> <span class='ocrx_word' id='word_1_201' title='bbox 1429 2160 1660 2248; x_wconf 85' lang='lat' dir='ltr'>ligatis</span> <span class='ocrx_word' id='word_1_202' title='bbox 1709 2179 1844 2227; x_wconf 92' lang='lat' dir='ltr'>non</span> <span class='ocrx_word' id='word_1_203' title='bbox 1901 2171 2158 2247; x_wconf 89' lang='lat' dir='ltr'>poterat</span> <span class='ocrx_word' id='word_1_204' title='bbox 2195 2159 2279 2228; x_wconf 87' lang='lat' dir='ltr'>ad</span> <span class='ocrx_word' id='word_1_205' title='bbox 2317 2160 2530 2231; x_wconf 86' lang='lat' dir='ltr'>altare</span> <span class='ocrx_word' id='word_1_206' title='bbox 2585 2163 2946 2250; x_wconf 82' lang='lat' dir='ltr'>pertingere:</span> 
     </span>
     <span class='ocr_line' id='line_1_23' title="bbox 463 2247 2951 2338; baseline -0.001 -20"><span class='ocrx_word' id='word_1_207' title='bbox 463 2247 580 2318; x_wconf 91' lang='lat' dir='ltr'>sed</span> <span class='ocrx_word' id='word_1_208' title='bbox 618 2270 777 2318; x_wconf 89' lang='lat' dir='ltr'>cum</span> <span class='ocrx_word' id='word_1_209' title='bbox 830 2270 1071 2318; x_wconf 91' lang='lat' dir='ltr'>omnes</span> <span class='ocrx_word' id='word_1_210' title='bbox 1114 2248 1504 2330; x_wconf 88' lang='lat' dir='ltr'>transirent,</span> <span class='ocrx_word' id='word_1_211' title='bbox 1558 2248 1758 2335; x_wconf 84' lang='lat' dir='ltr'>quasi</span> <span class='ocrx_word' id='word_1_212' title='bbox 1812 2259 1986 2316; x_wconf 85' lang='lat' dir='ltr'>meta</span> <span class='ocrx_word' id='word_1_213' title='bbox 2027 2249 2250 2338; x_wconf 90' lang='lat' dir='ltr'>coepit</span> <span class='ocrx_word' id='word_1_214' title='bbox 2298 2262 2500 2319; x_wconf 90' lang='lat' dir='ltr'>stare:</span> <span class='ocrx_word' id='word_1_215' title='bbox 2540 2264 2617 2321; x_wconf 89' lang='lat' dir='ltr'>ut</span> <span class='ocrx_word' id='word_1_216' title='bbox 2671 2250 2951 2319; x_wconf 86' lang='lat' dir='ltr'>videretur</span> 
     </span>
     <span class='ocr_line' id='line_1_24' title="bbox 463 2335 2952 2429; baseline -0.002 -25"><span class='ocrx_word' id='word_1_217' title='bbox 463 2358 599 2405; x_wconf 91' lang='lat' dir='ltr'>non</span> <span class='ocrx_word' id='word_1_218' title='bbox 652 2336 737 2405; x_wconf 91' lang='lat' dir='ltr'>ad</span> <span class='ocrx_word' id='word_1_219' title='bbox 788 2336 1500 2413; x_wconf 67' lang='lat' dir='ltr'>communicandum,</span> <span class='ocrx_word' id='word_1_220' title='bbox 1537 2337 1655 2405; x_wconf 92' lang='lat' dir='ltr'>sed</span> <span class='ocrx_word' id='word_1_221' title='bbox 1715 2335 1801 2405; x_wconf 88' lang='lat' dir='ltr'>ad</span> <span class='ocrx_word' id='word_1_222' title='bbox 1855 2337 2363 2406; x_wconf 81' lang='lat' dir='ltr'>numerandum</span> <span class='ocrx_word' id='word_1_223' title='bbox 2426 2339 2758 2429; x_wconf 89' lang='lat' dir='ltr'>populum</span> <span class='ocrx_word' id='word_1_224' title='bbox 2806 2337 2952 2406; x_wconf 80' lang='lat' dir='ltr'>adve-</span> 
     </span>
     <span class='ocr_line' id='line_1_25' title="bbox 461 2425 2953 2515; baseline -0.001 -22"><span class='ocrx_word' id='word_1_225' title='bbox 461 2425 671 2496; x_wconf 87' lang='lat' dir='ltr'>nisse.</span> <span class='ocrx_word' id='word_1_226' title='bbox 726 2431 941 2508; x_wconf 88' lang='lat' dir='ltr'>Quem</span> <span class='ocrx_word' id='word_1_227' title='bbox 994 2425 1432 2515; x_wconf 86' lang='lat' dir='ltr'>conspiciens</span> <span class='ocrx_word' id='word_1_228' title='bbox 1480 2425 1804 2515; x_wconf 83' lang='lat' dir='ltr'>pontifex,</span> <span class='ocrx_word' id='word_1_229' title='bbox 1865 2426 2304 2515; x_wconf 88' lang='lat' dir='ltr'>interrogavit</span> <span class='ocrx_word' id='word_1_230' title='bbox 2350 2428 2516 2514; x_wconf 87' lang='lat' dir='ltr'>quid</span> <span class='ocrx_word' id='word_1_231' title='bbox 2572 2429 2818 2498; x_wconf 88' lang='lat' dir='ltr'>fecerit.</span> <span class='ocrx_word' id='word_1_232' title='bbox 2870 2431 2953 2493; x_wconf 85' lang='lat' dir='ltr'>Re·</span> 
     </span>
     <span class='ocr_line' id='line_1_26' title="bbox 462 2513 2950 2605; baseline -0.002 -22"><span class='ocrx_word' id='word_1_233' title='bbox 462 2513 743 2604; x_wconf 85' lang='lat' dir='ltr'>spondit</span> <span class='ocrx_word' id='word_1_234' title='bbox 810 2538 880 2583; x_wconf 92' lang='lat' dir='ltr'>se</span> <span class='ocrx_word' id='word_1_235' title='bbox 954 2535 1294 2603; x_wconf 88' lang='lat' dir='ltr'>peccasse.</span> <span class='ocrx_word' id='word_1_236' title='bbox 1349 2515 1554 2602; x_wconf 83' lang='lat' dir='ltr'>Cujus</span> <span class='ocrx_word' id='word_1_237' title='bbox 1623 2513 2123 2584; x_wconf 88' lang='lat' dir='ltr'>confessionem</span> <span class='ocrx_word' id='word_1_238' title='bbox 2203 2538 2624 2605; x_wconf 81' lang='lat' dir='ltr'>agnoscens,</span> <span class='ocrx_word' id='word_1_239' title='bbox 2679 2518 2839 2586; x_wconf 85' lang='lat' dir='ltr'>dixit</span> <span class='ocrx_word' id='word_1_240' title='bbox 2874 2513 2950 2580; x_wconf 85' lang='lat' dir='ltr'>ei:</span> 
     </span>
     <span class='ocr_line' id='line_1_27' title="bbox 460 2602 2951 2693; baseline 0.002 -25"><span class='ocrx_word' id='word_1_241' title='bbox 460 2626 496 2668; x_wconf 82' lang='lat'>«</span> <span class='ocrx_word' id='word_1_242' title='bbox 533 2603 723 2681; x_wconf 90' lang='lat' dir='ltr'>Veni,</span> <span class='ocrx_word' id='word_1_243' title='bbox 777 2603 1046 2683; x_wconf 91' lang='lat' dir='ltr'>accede,</span> <span class='ocrx_word' id='word_1_244' title='bbox 1099 2615 1164 2671; x_wconf 90' lang='lat' dir='ltr'>et</span> <span class='ocrx_word' id='word_1_245' title='bbox 1212 2602 1391 2672; x_wconf 89' lang='lat' dir='ltr'>ultra</span> <span class='ocrx_word' id='word_1_246' title='bbox 1445 2625 1578 2673; x_wconf 91' lang='lat' dir='ltr'>non</span> <span class='ocrx_word' id='word_1_247' title='bbox 1657 2625 1988 2692; x_wconf 87' lang='lat' dir='ltr'>pecces.»</span> <span class='ocrx_word' id='word_1_248' title='bbox 2039 2609 2185 2686; x_wconf 86' lang='lat' dir='ltr'>Qua</span> <span class='ocrx_word' id='word_1_249' title='bbox 2239 2605 2554 2693; x_wconf 82' lang='lat' dir='ltr'>jussione</span> <span class='ocrx_word' id='word_1_250' title='bbox 2602 2605 2951 2676; x_wconf 72' lang='lat' dir='ltr'>absolutus.</span> 
     </span>
     <span class='ocr_line' id='line_1_28' title="bbox 458 2690 2953 2782; baseline -0.001 -23"><span class='ocrx_word' id='word_1_251' title='bbox 458 2690 544 2759; x_wconf 94' lang='lat' dir='ltr'>ad</span> <span class='ocrx_word' id='word_1_252' title='bbox 595 2693 1154 2761; x_wconf 85' lang='lat' dir='ltr'>communionem</span> <span class='ocrx_word' id='word_1_253' title='bbox 1207 2692 1517 2772; x_wconf 87' lang='lat' dir='ltr'>accessit,</span> <span class='ocrx_word' id='word_1_254' title='bbox 1554 2691 1820 2780; x_wconf 90' lang='lat' dir='ltr'>duplici</span> <span class='ocrx_word' id='word_1_255' title='bbox 1844 2693 2176 2761; x_wconf 81' lang='lat' dir='ltr'>beneficio</span> <span class='ocrx_word' id='word_1_256' title='bbox 2228 2709 2657 2775; x_wconf 88' lang='lat' dir='ltr'>muneratus,</span> <span class='ocrx_word' id='word_1_257' title='bbox 2691 2695 2776 2764; x_wconf 91' lang='lat' dir='ltr'>de</span> <span class='ocrx_word' id='word_1_258' title='bbox 2809 2711 2953 2782; x_wconf 84' lang='lat' dir='ltr'>prae-</span> 
     </span>
     <span class='ocr_line' id='line_1_29' title="bbox 460 2779 2952 2870; baseline -0.002 -21"><span class='ocrx_word' id='word_1_259' title='bbox 460 2780 652 2850; x_wconf 89' lang='lat' dir='ltr'>terita</span> <span class='ocrx_word' id='word_1_260' title='bbox 703 2779 907 2870; x_wconf 89' lang='lat' dir='ltr'>culpa</span> <span class='ocrx_word' id='word_1_261' title='bbox 950 2780 1217 2849; x_wconf 88' lang='lat' dir='ltr'>veniam</span> <span class='ocrx_word' id='word_1_262' title='bbox 1254 2795 1690 2862; x_wconf 90' lang='lat' dir='ltr'>consecutus,</span> <span class='ocrx_word' id='word_1_263' title='bbox 1745 2780 1829 2849; x_wconf 91' lang='lat' dir='ltr'>de</span> <span class='ocrx_word' id='word_1_264' title='bbox 1878 2780 2108 2850; x_wconf 89' lang='lat' dir='ltr'>futura</span> <span class='ocrx_word' id='word_1_265' title='bbox 2144 2781 2277 2849; x_wconf 86' lang='lat' dir='ltr'>vita</span> <span class='ocrx_word' id='word_1_266' title='bbox 2323 2799 2700 2853; x_wconf 81' lang='lat' dir='ltr'>correctus.</span> <span class='ocrx_word' id='word_1_267' title='bbox 2738 2789 2952 2867; x_wconf 81' lang='lat' dir='ltr'>Quanta</span> 
     </span>
     <span class='ocr_line' id='line_1_30' title="bbox 456 2868 2959 2958; baseline -0.001 -20"><span class='ocrx_word' id='word_1_268' title='bbox 456 2868 621 2938; x_wconf 86' lang='lat' dir='ltr'>huic</span> <span class='ocrx_word' id='word_1_269' title='bbox 672 2881 817 2940; x_wconf 88' lang='lat' dir='ltr'>erat</span> <span class='ocrx_word' id='word_1_270' title='bbox 877 2871 944 2937; x_wconf 92' lang='lat' dir='ltr'>in</span> <span class='ocrx_word' id='word_1_271' title='bbox 996 2882 1273 2939; x_wconf 88' lang='lat' dir='ltr'>sanctae</span> <span class='ocrx_word' id='word_1_272' title='bbox 1320 2869 1670 2939; x_wconf 87' lang='lat' dir='ltr'>Trinitatis</span> <span class='ocrx_word' id='word_1_273' title='bbox 1718 2869 2128 2956; x_wconf 85' lang='lat' dir='ltr'>aequalitate</span> <span class='ocrx_word' id='word_1_274' title='bbox 2179 2870 2477 2952; x_wconf 86' lang='lat' dir='ltr'>fiducia,</span> <span class='ocrx_word' id='word_1_275' title='bbox 2547 2872 2750 2958; x_wconf 86' lang='lat' dir='ltr'>cujus</span> <span class='ocrx_word' id='word_1_276' title='bbox 2811 2887 2959 2939; x_wconf 79' lang='lat' dir='ltr'>inens</span> 
     </span>
     <span class='ocr_line' id='line_1_31' title="bbox 458 2955 2959 3048; baseline -0.002 -21"><span class='ocrx_word' id='word_1_277' title='bbox 458 2959 555 3028; x_wconf 89' lang='lat' dir='ltr'>sic</span> <span class='ocrx_word' id='word_1_278' title='bbox 607 2958 844 3037; x_wconf 87' lang='lat' dir='ltr'>libera,</span> <span class='ocrx_word' id='word_1_279' title='bbox 902 2978 1022 3047; x_wconf 88' lang='lat' dir='ltr'>per</span> <span class='ocrx_word' id='word_1_280' title='bbox 1063 2958 1341 3048; x_wconf 87' lang='lat' dir='ltr'>singula</span> <span class='ocrx_word' id='word_1_281' title='bbox 1390 2958 1590 3028; x_wconf 90' lang='lat' dir='ltr'>verba</span> <span class='ocrx_word' id='word_1_282' title='bbox 1637 2957 2018 3046; x_wconf 87' lang='lat' dir='ltr'>proferebat</span> <span class='ocrx_word' id='word_1_283' title='bbox 2051 2959 2429 3029; x_wconf 77' lang='lat' dir='ltr'>miracula?</span> <span class='ocrx_word' id='word_1_284' title='bbox 2461 2961 2584 3031; x_wconf 88' lang='lat' dir='ltr'>Sed</span> <span class='ocrx_word' id='word_1_285' title='bbox 2642 2961 2799 3031; x_wconf 90' lang='lat' dir='ltr'>licet</span> <span class='ocrx_word' id='word_1_286' title='bbox 2834 2955 2959 3027; x_wconf 83' lang='lat' dir='ltr'>satis</span> 
     </span>
     <span class='ocr_line' id='line_1_32' title="bbox 456 3045 2963 3139; baseline -0 -24"><span class='ocrx_word' id='word_1_287' title='bbox 456 3045 683 3128; x_wconf 88' lang='lat' dir='ltr'>fuerit,</span> <span class='ocrx_word' id='word_1_288' title='bbox 739 3046 1005 3136; x_wconf 87' lang='lat' dir='ltr'>religati</span> <span class='ocrx_word' id='word_1_289' title='bbox 1040 3060 1314 3117; x_wconf 89' lang='lat' dir='ltr'>catenas</span> <span class='ocrx_word' id='word_1_290' title='bbox 1365 3068 1683 3116; x_wconf 90' lang='lat' dir='ltr'>sermone</span> <span class='ocrx_word' id='word_1_291' title='bbox 1729 3047 2144 3127; x_wconf 86' lang='lat' dir='ltr'>dissolvere,</span> <span class='ocrx_word' id='word_1_292' title='bbox 2209 3060 2434 3118; x_wconf 89' lang='lat' dir='ltr'>tamen</span> <span class='ocrx_word' id='word_1_293' title='bbox 2490 3049 2648 3139; x_wconf 91' lang='lat' dir='ltr'>plus</span> <span class='ocrx_word' id='word_1_294' title='bbox 2697 3063 2796 3121; x_wconf 90' lang='lat' dir='ltr'>est</span> <span class='ocrx_word' id='word_1_295' title='bbox 2847 3046 2963 3116; x_wconf 52' lang='lat' dir='ltr'>lau*</span> 
     </span>
     <span class='ocr_line' id='line_1_33' title="bbox 454 3135 2640 3225; baseline 0.001 -20"><span class='ocrx_word' id='word_1_296' title='bbox 454 3136 706 3216; x_wconf 88' lang='lat' dir='ltr'>dabile,</span> <span class='ocrx_word' id='word_1_297' title='bbox 761 3135 943 3222; x_wconf 89' lang='lat' dir='ltr'>quod</span> <span class='ocrx_word' id='word_1_298' title='bbox 997 3136 1063 3204; x_wconf 89' lang='lat' dir='ltr'>in</span> <span class='ocrx_word' id='word_1_299' title='bbox 1115 3135 1358 3205; x_wconf 87' lang='lat' dir='ltr'>Christi</span> <span class='ocrx_word' id='word_1_300' title='bbox 1390 3157 1625 3205; x_wconf 88' lang='lat' dir='ltr'>amore</span> <span class='ocrx_word' id='word_1_301' title='bbox 1667 3137 1855 3206; x_wconf 89' lang='lat' dir='ltr'>visus</span> <span class='ocrx_word' id='word_1_302' title='bbox 1901 3151 2003 3206; x_wconf 90' lang='lat' dir='ltr'>est</span> <span class='ocrx_word' id='word_1_303' title='bbox 2049 3149 2325 3225; x_wconf 88' lang='lat' dir='ltr'>peccata</span> <span class='ocrx_word' id='word_1_304' title='bbox 2359 3138 2640 3207; x_wconf 89' lang='lat' dir='ltr'>donare.</span> 
     </span>
    </p>

    <p class='ocr_par' dir='ltr' id='par_1_4' title="bbox 445 3222 2963 4471">
     <span class='ocr_line' id='line_1_34' title="bbox 543 3222 2963 3377; baseline -0.001 -82"><span class='ocrx_word' id='word_1_305' title='bbox 543 3232 582 3305; x_wconf 74' lang='grc'>5</span> <span class='ocrx_word' id='word_1_306' title='bbox 629 3228 705 3295; x_wconf 66' lang='grc'>’7.</span> <span class='ocrx_word' id='word_1_307' title='bbox 760 3229 1194 3309; x_wconf 83' lang='lat' dir='ltr'>Exequamur</span> <span class='ocrx_word' id='word_1_308' title='bbox 1225 3235 1289 3292; x_wconf 91' lang='lat' dir='ltr'>et</span> <span class='ocrx_word' id='word_1_309' title='bbox 1328 3224 1504 3295; x_wconf 91' lang='lat' dir='ltr'>illud</span> <span class='ocrx_word' id='word_1_310' title='bbox 1544 3224 1964 3315; x_wconf 90' lang='lat' dir='ltr'>triumphale</span> <span class='ocrx_word' id='word_1_311' title='bbox 1997 3227 2429 3312; x_wconf 82' lang='lat' dir='ltr'>mysterium,</span> <span class='ocrx_word' id='word_1_312' title='bbox 2484 3227 2670 3315; x_wconf 91' lang='lat' dir='ltr'>quod</span> <span class='ocrx_word' id='word_1_313' title='bbox 2714 3246 2863 3297; x_wconf 88' lang='lat' dir='ltr'>cum</span> <span class='ocrx_word' id='word_1_314' title='bbox 2899 3222 2963 3377; x_wconf 48' lang='lat' dir='ltr'>{i}</span> 
     </span>
     <span class='ocr_line' id='line_1_35' title="bbox 452 3312 2906 3413; baseline 0 -33"><span class='ocrx_word' id='word_1_315' title='bbox 452 3312 775 3382; x_wconf 88' lang='lat' dir='ltr'>ultimum</span> <span class='ocrx_word' id='word_1_316' title='bbox 829 3312 1094 3392; x_wconf 88' lang='lat' dir='ltr'>ordine,</span> <span class='ocrx_word' id='word_1_317' title='bbox 1148 3314 1590 3404; x_wconf 86' lang='lat' dir='ltr'>anteponitur</span> <span class='ocrx_word' id='word_1_318' title='bbox 1637 3314 1707 3383; x_wconf 91' lang='lat' dir='ltr'>in</span> <span class='ocrx_word' id='word_1_319' title='bbox 1744 3315 2010 3384; x_wconf 90' lang='lat' dir='ltr'>virtute.</span> <span class='ocrx_word' id='word_1_320' title='bbox 2059 3319 2360 3384; x_wconf 88' lang='lat' dir='ltr'>Matrona</span> <span class='ocrx_word' id='word_1_321' title='bbox 2409 3316 2780 3401; x_wconf 87' lang='lat' dir='ltr'>quaedam,</span> <span class='ocrx_word' id='word_1_322' title='bbox 2837 3335 2906 3413; x_wconf 87' lang='lat' dir='ltr'>pr</span> 
     </span>
     <span class='ocr_line' id='line_1_36' title="bbox 452 3401 2963 3493; baseline 0.001 -22"><span class='ocrx_word' id='word_1_323' title='bbox 452 3401 648 3493; x_wconf 90' lang='lat' dir='ltr'>sapia</span> <span class='ocrx_word' id='word_1_324' title='bbox 693 3401 971 3489; x_wconf 89' lang='lat' dir='ltr'>quidem</span> <span class='ocrx_word' id='word_1_325' title='bbox 1048 3401 1337 3482; x_wconf 90' lang='lat' dir='ltr'>nobilis,</span> <span class='ocrx_word' id='word_1_326' title='bbox 1391 3402 1720 3492; x_wconf 88' lang='lat' dir='ltr'>opinione</span> <span class='ocrx_word' id='word_1_327' title='bbox 1769 3402 1958 3483; x_wconf 77' lang='lat' dir='ltr'>vilia,</span> <span class='ocrx_word' id='word_1_328' title='bbox 2016 3403 2195 3472; x_wconf 88' lang='lat' dir='ltr'>malo</span> <span class='ocrx_word' id='word_1_329' title='bbox 2247 3403 2605 3475; x_wconf 86' lang='lat' dir='ltr'>maculans</span> <span class='ocrx_word' id='word_1_330' title='bbox 2653 3405 2963 3475; x_wconf 76' lang='lat' dir='ltr'>crimme.</span> 
     </span>
     <span class='ocr_line' id='line_1_37' title="bbox 445 3490 2963 3582; baseline -0.003 -22"><span class='ocrx_word' id='word_1_331' title='bbox 445 3491 629 3577; x_wconf 90' lang='lat' dir='ltr'>quod</span> <span class='ocrx_word' id='word_1_332' title='bbox 680 3490 987 3581; x_wconf 83' lang='lat' dir='ltr'>fulgebat</span> <span class='ocrx_word' id='word_1_333' title='bbox 1032 3513 1111 3560; x_wconf 80' lang='lat' dir='ltr'>ex</span> <span class='ocrx_word' id='word_1_334' title='bbox 1136 3512 1421 3581; x_wconf 84' lang='lat' dir='ltr'>genere:</span> <span class='ocrx_word' id='word_1_335' title='bbox 1473 3505 1832 3580; x_wconf 87' lang='lat' dir='ltr'>postquam</span> <span class='ocrx_word' id='word_1_336' title='bbox 1864 3491 2012 3562; x_wconf 88' lang='lat' dir='ltr'>dies</span> <span class='ocrx_word' id='word_1_337' title='bbox 2039 3491 2364 3578; x_wconf 83' lang='lat' dir='ltr'>fugitivae</span> <span class='ocrx_word' id='word_1_338' title='bbox 2399 3492 2574 3562; x_wconf 89' lang='lat' dir='ltr'>vitae</span> <span class='ocrx_word' id='word_1_339' title='bbox 2610 3508 2806 3582; x_wconf 89' lang='lat' dir='ltr'>rapta</span> <span class='ocrx_word' id='word_1_340' title='bbox 2840 3491 2963 3559; x_wconf 84' lang='lat' dir='ltr'>luce</span> 
     </span>
     <span class='ocr_line' id='line_1_38' title="bbox 449 3579 2958 3671; baseline 0.001 -23"><span class='ocrx_word' id='word_1_341' title='bbox 449 3579 812 3660; x_wconf 87' lang='lat' dir='ltr'>conclusit,</span> <span class='ocrx_word' id='word_1_342' title='bbox 865 3579 948 3647; x_wconf 91' lang='lat' dir='ltr'>ad</span> <span class='ocrx_word' id='word_1_343' title='bbox 1005 3580 1350 3649; x_wconf 88' lang='lat' dir='ltr'>tumulum</span> <span class='ocrx_word' id='word_1_344' title='bbox 1421 3602 1671 3669; x_wconf 91' lang='lat' dir='ltr'>pompa</span> <span class='ocrx_word' id='word_1_345' title='bbox 1733 3581 2143 3661; x_wconf 86' lang='lat' dir='ltr'>comitante,</span> <span class='ocrx_word' id='word_1_346' title='bbox 2197 3580 2314 3649; x_wconf 91' lang='lat' dir='ltr'>sed</span> <span class='ocrx_word' id='word_1_347' title='bbox 2383 3601 2516 3650; x_wconf 92' lang='lat' dir='ltr'>non</span> <span class='ocrx_word' id='word_1_348' title='bbox 2585 3582 2958 3671; x_wconf 82' lang='lat' dir='ltr'>profutura.</span> 
     </span>
     <span class='ocr_line' id='line_1_39' title="bbox 451 3665 2963 3761; baseline -0.002 -24"><span class='ocrx_word' id='word_1_349' title='bbox 451 3669 807 3756; x_wconf 89' lang='lat' dir='ltr'>processit.</span> <span class='ocrx_word' id='word_1_350' title='bbox 854 3674 1002 3751; x_wconf 86' lang='lat' dir='ltr'>Quo</span> <span class='ocrx_word' id='word_1_351' title='bbox 1050 3669 1349 3748; x_wconf 88' lang='lat' dir='ltr'>condita,</span> <span class='ocrx_word' id='word_1_352' title='bbox 1395 3669 1717 3739; x_wconf 88' lang='lat' dir='ltr'>horresco</span> <span class='ocrx_word' id='word_1_353' title='bbox 1766 3667 2065 3739; x_wconf 88' lang='lat' dir='ltr'>reserens</span> <span class='ocrx_word' id='word_1_354' title='bbox 2101 3669 2228 3738; x_wconf 88' lang='lat' dir='ltr'>hoc</span> <span class='ocrx_word' id='word_1_355' title='bbox 2276 3670 2651 3760; x_wconf 84' lang='lat' dir='ltr'>contigisse</span> <span class='ocrx_word' id='word_1_356' title='bbox 2696 3682 2842 3761; x_wconf 89' lang='lat' dir='ltr'>post</span> <span class='ocrx_word' id='word_1_357' title='bbox 2884 3665 2963 3732; x_wconf 71' lang='lat' dir='ltr'>fu·</span> 
     </span>
     <span class='ocr_line' id='line_1_40' title="bbox 448 3756 2963 3849; baseline -0.002 -25"><span class='ocrx_word' id='word_1_358' title='bbox 448 3778 639 3838; x_wconf 90' lang='lat' dir='ltr'>nera,</span> <span class='ocrx_word' id='word_1_359' title='bbox 693 3758 859 3845; x_wconf 88' lang='lat' dir='ltr'>quia</span> <span class='ocrx_word' id='word_1_360' title='bbox 906 3756 1158 3847; x_wconf 80' lang='lat' dir='ltr'>duplex</span> <span class='ocrx_word' id='word_1_361' title='bbox 1196 3757 1500 3828; x_wconf 89' lang='lat' dir='ltr'>nascitur</span> <span class='ocrx_word' id='word_1_362' title='bbox 1538 3758 1934 3832; x_wconf 85' lang='lat' dir='ltr'>lamentatio</span> <span class='ocrx_word' id='word_1_363' title='bbox 1967 3758 2051 3828; x_wconf 93' lang='lat' dir='ltr'>de</span> <span class='ocrx_word' id='word_1_364' title='bbox 2099 3756 2444 3828; x_wconf 87' lang='lat' dir='ltr'>defuncta.</span> <span class='ocrx_word' id='word_1_365' title='bbox 2485 3764 2659 3849; x_wconf 87' lang='lat' dir='ltr'>Ergo</span> <span class='ocrx_word' id='word_1_366' title='bbox 2707 3757 2790 3827; x_wconf 93' lang='lat' dir='ltr'>ad</span> <span class='ocrx_word' id='word_1_367' title='bbox 2836 3773 2963 3824; x_wconf 84' lang='lat' dir='ltr'>con-</span> 
     </span>
     <span class='ocr_line' id='line_1_41' title="bbox 447 3845 2963 3935; baseline -0.002 -21"><span class='ocrx_word' id='word_1_368' title='bbox 447 3847 865 3917; x_wconf 91' lang='lat' dir='ltr'>sumendum</span> <span class='ocrx_word' id='word_1_369' title='bbox 916 3847 1071 3933; x_wconf 89' lang='lat' dir='ltr'>ejus</span> <span class='ocrx_word' id='word_1_370' title='bbox 1123 3845 1413 3916; x_wconf 85' lang='lat' dir='ltr'>cadaver</span> <span class='ocrx_word' id='word_1_371' title='bbox 1457 3847 1681 3934; x_wconf 91' lang='lat' dir='ltr'>coepit</span> <span class='ocrx_word' id='word_1_372' title='bbox 1729 3869 2012 3935; x_wconf 90' lang='lat' dir='ltr'>serpens</span> <span class='ocrx_word' id='word_1_373' title='bbox 2071 3847 2629 3918; x_wconf 85' lang='lat' dir='ltr'>immanissimus</span> <span class='ocrx_word' id='word_1_374' title='bbox 2678 3848 2963 3933; x_wconf 49' lang='lat' dir='ltr'>frequen*</span> 
     </span>
     <span class='ocr_line' id='line_1_42' title="bbox 447 3934 2963 4037; baseline -0.003 -34"><span class='ocrx_word' id='word_1_375' title='bbox 447 3947 613 4016; x_wconf 89' lang='lat' dir='ltr'>tare,</span> <span class='ocrx_word' id='word_1_376' title='bbox 645 3935 715 4005; x_wconf 77' lang='lat' dir='ltr'>&#39;et</span> <span class='ocrx_word' id='word_1_377' title='bbox 748 3949 824 4007; x_wconf 90' lang='lat' dir='ltr'>ut</span> <span class='ocrx_word' id='word_1_378' title='bbox 857 3935 1084 4004; x_wconf 87' lang='lat' dir='ltr'>dicam</span> <span class='ocrx_word' id='word_1_379' title='bbox 1113 3935 1393 4016; x_wconf 89' lang='lat' dir='ltr'>clarius,</span> <span class='ocrx_word' id='word_1_380' title='bbox 1428 3935 1730 4016; x_wconf 86' lang='lat' dir='ltr'>mulieri,</span> <span class='ocrx_word' id='word_1_381' title='bbox 1759 3939 1965 4037; x_wconf 84' lang='lat' dir='ltr'>cujus</span> <span class='ocrx_word' id='word_1_382' title='bbox 1996 3937 2306 4006; x_wconf 88' lang='lat' dir='ltr'>membra</span> <span class='ocrx_word' id='word_1_383' title='bbox 2339 3937 2558 4007; x_wconf 89' lang='lat' dir='ltr'>bestia</span> <span class='ocrx_word' id='word_1_384' title='bbox 2603 3934 2963 4026; x_wconf 63' lang='lat' dir='ltr'>devorabat,</span> 
     </span>
     <span class='ocr_line' id='line_1_43' title="bbox 445 4023 2963 4115; baseline -0.003 -24"><span class='ocrx_word' id='word_1_385' title='bbox 445 4024 596 4112; x_wconf 92' lang='lat' dir='ltr'>ipse</span> <span class='ocrx_word' id='word_1_386' title='bbox 644 4023 852 4096; x_wconf 87' lang='lat' dir='ltr'>draco</span> <span class='ocrx_word' id='word_1_387' title='bbox 897 4024 1120 4094; x_wconf 88' lang='lat' dir='ltr'>factus</span> <span class='ocrx_word' id='word_1_388' title='bbox 1144 4037 1245 4094; x_wconf 88' lang='lat' dir='ltr'>est</span> <span class='ocrx_word' id='word_1_389' title='bbox 1271 4024 1651 4114; x_wconf 88' lang='lat' dir='ltr'>sepultura.</span> <span class='ocrx_word' id='word_1_390' title='bbox 1707 4025 1816 4094; x_wconf 89' lang='lat' dir='ltr'>Sic</span> <span class='ocrx_word' id='word_1_391' title='bbox 1848 4024 2154 4097; x_wconf 77' lang='lat' dir='ltr'>infelices</span> <span class='ocrx_word' id='word_1_392' title='bbox 2194 4027 2521 4112; x_wconf 86' lang='lat' dir='ltr'>exequias</span> <span class='ocrx_word' id='word_1_393' title='bbox 2556 4024 2963 4115; x_wconf 74' lang='lat' dir='ltr'>serpentinus</span> 
     </span>
     <span class='ocr_line' id='line_1_44' title="bbox 445 4110 2963 4206; baseline -0.002 -24"><span class='ocrx_word' id='word_1_394' title='bbox 445 4110 730 4200; x_wconf 86' lang='lat' dir='ltr'>bajulus</span> <span class='ocrx_word' id='word_1_395' title='bbox 804 4114 1289 4203; x_wconf 89' lang='lat' dir='ltr'>impendebat,</span> <span class='ocrx_word' id='word_1_396' title='bbox 1345 4127 1419 4183; x_wconf 90' lang='lat' dir='ltr'>ut</span> <span class='ocrx_word' id='word_1_397' title='bbox 1493 4126 1644 4202; x_wconf 89' lang='lat' dir='ltr'>post</span> <span class='ocrx_word' id='word_1_398' title='bbox 1693 4127 1979 4184; x_wconf 90' lang='lat' dir='ltr'>mortem</span> <span class='ocrx_word' id='word_1_399' title='bbox 2049 4115 2403 4201; x_wconf 88' lang='lat' dir='ltr'>quiescere</span> <span class='ocrx_word' id='word_1_400' title='bbox 2477 4113 2794 4184; x_wconf 86' lang='lat' dir='ltr'>cadaveri</span> <span class='ocrx_word' id='word_1_401' title='bbox 2859 4123 2963 4206; x_wconf 80' lang='lat' dir='ltr'>non</span> 
     </span>
     <span class='ocr_line' id='line_1_45' title="bbox 446 4202 2963 4293; baseline -0.002 -22"><span class='ocrx_word' id='word_1_402' title='bbox 446 4202 724 4272; x_wconf 90' lang='lat' dir='ltr'>liceret:</span> <span class='ocrx_word' id='word_1_403' title='bbox 764 4214 828 4271; x_wconf 90' lang='lat' dir='ltr'>et</span> <span class='ocrx_word' id='word_1_404' title='bbox 875 4203 991 4272; x_wconf 89' lang='lat' dir='ltr'>cui</span> <span class='ocrx_word' id='word_1_405' title='bbox 1044 4203 1216 4273; x_wconf 87' lang='lat' dir='ltr'>vitae</span> <span class='ocrx_word' id='word_1_406' title='bbox 1262 4203 1425 4273; x_wconf 86' lang='lat' dir='ltr'>finis</span> <span class='ocrx_word' id='word_1_407' title='bbox 1475 4203 1544 4272; x_wconf 90' lang='lat' dir='ltr'>in</span> <span class='ocrx_word' id='word_1_408' title='bbox 1581 4225 1722 4274; x_wconf 91' lang='lat' dir='ltr'>uno</span> <span class='ocrx_word' id='word_1_409' title='bbox 1771 4202 1917 4273; x_wconf 93' lang='lat' dir='ltr'>loco</span> <span class='ocrx_word' id='word_1_410' title='bbox 1956 4203 2188 4293; x_wconf 81' lang='lat' dir='ltr'>jacere</span> <span class='ocrx_word' id='word_1_411' title='bbox 2219 4217 2677 4286; x_wconf 86' lang='lat' dir='ltr'>concesserat,</span> <span class='ocrx_word' id='word_1_412' title='bbox 2731 4211 2963 4286; x_wconf 66' lang='lat' dir='ltr'>sempe!</span> 
     </span>
     <span class='ocr_line' id='line_1_46' title="bbox 448 4277 2963 4380; baseline -0.003 -21"><span class='ocrx_word' id='word_1_413' title='bbox 448 4290 849 4361; x_wconf 90' lang='lat' dir='ltr'>mutabatur</span> <span class='ocrx_word' id='word_1_414' title='bbox 894 4292 961 4359; x_wconf 87' lang='lat' dir='ltr'>in</span> <span class='ocrx_word' id='word_1_415' title='bbox 1015 4314 1257 4380; x_wconf 90' lang='lat' dir='ltr'>poena.</span> <span class='ocrx_word' id='word_1_416' title='bbox 1312 4296 1362 4362; x_wconf 92' lang='grc' dir='ltr'>Ο</span> <span class='ocrx_word' id='word_1_417' title='bbox 1411 4314 1650 4362; x_wconf 87' lang='lat' dir='ltr'>casum</span> <span class='ocrx_word' id='word_1_418' title='bbox 1703 4291 2181 4373; x_wconf 84' lang='lat' dir='ltr'>execrabilem,</span> <span class='ocrx_word' id='word_1_419' title='bbox 2233 4308 2298 4362; x_wconf 89' lang='lat' dir='ltr'>et</span> <span class='ocrx_word' id='word_1_420' title='bbox 2334 4292 2529 4363; x_wconf 89' lang='lat' dir='ltr'>valde</span> <span class='ocrx_word' id='word_1_421' title='bbox 2582 4277 2963 4370; x_wconf 67' lang='lat' dir='ltr'>timendum!</span> 
     </span>
     <span class='ocr_line' id='line_1_47' title="bbox 445 4379 2963 4471; baseline -0.002 -22"><span class='ocrx_word' id='word_1_422' title='bbox 445 4379 707 4462; x_wconf 83' lang='lat' dir='ltr'>Mulier,</span> <span class='ocrx_word' id='word_1_423' title='bbox 748 4402 926 4468; x_wconf 90' lang='lat' dir='ltr'>quae</span> <span class='ocrx_word' id='word_1_424' title='bbox 953 4381 1259 4471; x_wconf 87' lang='lat' dir='ltr'>conjugii</span> <span class='ocrx_word' id='word_1_425' title='bbox 1290 4380 1750 4470; x_wconf 84' lang='lat' dir='ltr'>integritatem</span> <span class='ocrx_word' id='word_1_426' title='bbox 1787 4403 1920 4451; x_wconf 88' lang='lat' dir='ltr'>non</span> <span class='ocrx_word' id='word_1_427' title='bbox 1958 4383 2249 4452; x_wconf 91' lang='lat' dir='ltr'>servavit</span> <span class='ocrx_word' id='word_1_428' title='bbox 2282 4383 2352 4451; x_wconf 94' lang='lat' dir='ltr'>in</span> <span class='ocrx_word' id='word_1_429' title='bbox 2405 4382 2694 4464; x_wconf 81' lang='lat' dir='ltr'>munde,</span> <span class='ocrx_word' id='word_1_430' title='bbox 2733 4379 2963 4464; x_wconf 62' lang='lat' dir='ltr'>integra</span> 
     </span>
    </p>
   </div>
   <div class='ocr_carea' id='block_1_3' title="bbox 2957 102 2966 648">
    <p class='ocr_par' dir='ltr' id='par_1_5' title="bbox 2957 102 2966 648">
     <span class='ocr_line' id='line_1_48' title="bbox 2957 102 2966 648; baseline 0 0"><span class='ocrx_word' id='word_1_431' title='bbox 2957 102 2966 648; x_wconf 95' lang='lat' dir='ltr'> </span> 
     </span>
    </p>
   </div>
   <div class='ocr_carea' id='block_1_4' title="bbox 2937 1181 2986 4100">
    <p class='ocr_par' dir='ltr' id='par_1_6' title="bbox 2937 1181 2986 4100">
     <span class='ocr_line' id='line_1_49' title="bbox 2937 1181 2986 4100; baseline 0 0"><span class='ocrx_word' id='word_1_432' title='bbox 2937 1181 2986 4100; x_wconf 95' lang='lat' dir='ltr'> </span> 
     </span>
    </p>
   </div>
  </div>
 </body>
</html>
