2993 4837
493 278 622 342 2²02
1249 297 1328 342 ne
1376 297 1432 342 s.
1488 293 1729 343 emoto
1779 295 2111 343 noanon-:o
2667 278 2831 345 Nov.
2879 284 2907 345 t

403 378 1002 459 administrando,
1062 393 1134 448 ut
1182 378 1299 448 tali
1352 394 1653 470 tempore
1716 380 2029 461 solebat,
2084 402 2224 450 una
2284 403 2445 450 cum
2506 380 2767 450 Paleoto
2805 381 2916 451 fuit

403 482 802 558 occupatus.
857 473 1162 555 Cumque
1208 469 1466 537 clerum
1522 470 1730 539 totius
1776 469 2109 539 dioecesis
2155 469 2239 538 ad
2289 491 2443 538 eam
2482 469 2664 539 diem
2701 491 2920 541 convo·

404 572 666 638 casset,
722 570 960 644 quarta
1025 570 1089 625 et
1150 556 1423 628 duabus
1489 559 1940 646 sequentibus
2008 557 2202 629 feriis
2269 558 2612 647 synodum
2665 559 2915 637 habuit,

402 647 947 733 concionesque,
1004 658 1078 714 ut
1123 661 1570 716 consueverat
1630 647 1714 715 ad
1765 647 2054 716 clerum.
2110 646 2536 716 cardinalem
2599 647 2918 718 Paleotum

406 736 664 803 interea
714 736 905 803 urbis
943 735 1290 814 ecclesiaS,
1327 757 1705 822 earumque
1736 757 1968 805 sacras
2010 756 2116 805 res
2153 737 2260 824 pie
2295 736 2651 817 visentem,
2695 738 2920 836 passim

405 824 881 901 audiebatnu5‚
929 822 1141 892 Caroli
1195 824 1617 914 singularem
1660 824 1928 914 pietatis
1955 820 2295 904 ardorem,
2352 824 2926 912 intolerabilesque

409 913 675 982 labores
708 913 1068 981 continuos
1126 934 1399 981 summa
1446 935 1604 982 cum
1660 913 2184 982 admirationem
2238 912 2699 994 extollentem,
2750 927 2928 1000 atque

405 1002 1025 1089 obstupescentem.
1068 1003 1460 1090 impetravit
1496 1002 1584 1071 ab
1625 1002 1752 1071 hoc
1785 1003 2043 1092 optimo
2077 1002 2396 1071 Praesule
2427 1002 2734 1079 Carolus,
2772 1014 2840 1071 ut
2871 1003 2922 1071 in

409 1091 714 1180 proxima
765 1089 1028 1179 synodo
1079 1091 1224 1179 ipse
1256 1112 1533 1178 quoque
1570 1092 1996 1169 concionem,
2033 1111 2324 1177 eamque
2359 1091 2572 1160 latino
2611 1113 2922 1169 sermone,

405 1178 587 1266 quod
634 1177 729 1247 illi
783 1178 1102 1268 perfacile
1148 1193 1270 1258 est,
1306 1180 1389 1246 ad
1427 1180 1687 1248 clerum
1723 1180 2044 1259 haberet;
2097 1180 2300 1269 cujus
2337 1181 2697 1250 concionis
2729 1179 2952 1249 locum-¹

411 1270 477 1336 in
531 1269 838 1354 sequenti
890 1267 1155 1355 synodo
1204 1268 1349 1355 ipsa
1412 1291 1532 1355 pro
1582 1290 1707 1338 sua
1745 1268 2087 1358 singulari
2137 1268 2514 1349 modestia,
2560 1268 2650 1337 ad
2694 1267 2952 1337 clerum=

411 1357 476 1424 in
531 1357 856 1425 concione
906 1356 1153 1435 attulit,
1208 1357 1676 1442 divinitusque
1716 1358 2069 1436 tractavit;
2125 1357 2183 1425 is
2211 1371 2438 1426 autem
2489 1371 2640 1426 erat
2695 1356 2779 1425 de
2819 1378 2952 1453 eo,3

406 1444 588 1532 quod
646 1445 1063 1515 Israeliticus
1117 1444 1456 1533 populun,
1518 1446 1684 1513 dum
1751 1460 1901 1535 post
1937 1468 2015 1515 ca
2072 1446 2396 1515 tivitatem
2462 1446 2924 1535 Babylonicum

414 1534 743 1622 templum
800 1535 1254 1611 instauraret,
1328 1536 1507 1602 varie
1556 1535 1926 1603 sentiebat:
1979 1556 2017 1603 a
2052 1536 2096 1602 ii
2165 1556 2463 1621 namque
2528 1548 2928 1624 praesentem

407 1623 949 1691 aedificationem
1007 1623 1346 1701 videntes,
1402 1623 1659 1692 flebant
1709 1622 2171 1692 recordatione
2236 1622 2439 1713 longe
2507 1621 2928 1713 pulcherrimi

412 1712 651 1781 veteris
686 1710 916 1799 templi
953 1733 968 1789 ;
1003 1710 1119 1779 alii
1159 1712 1589 1780 veliementer
1636 1710 2051 1800 gaudebant,
2107 1712 2680 1782 instaurationem
2733 1734 2810 1781 ex
2843 1732 2934 1779 sn·

411 1800 795 1890 perioribus
846 1799 1067 1867 ruinis
1123 1800 1710 1890 contemplantes:
1767 1822 1943 1887 quae
2002 1822 2104 1869 res
2165 1800 2251 1868 ad
2306 1822 2637 1890 praesens
2691 1815 2864 1890 temp

404 1902 551 1957 erat
597 1888 793 1957 valde
857 1888 1411 1958 accommodata:
1465 1903 1610 1958 erat
1670 1890 1901 1969 enim,
1956 1890 2016 1957 si
2069 1890 2462 1979 praeteritas
2529 1889 2868 1979 corruptel

406 1978 563 2065 quis
610 1976 1097 2057 consideraret,
1136 1977 1329 2046 valde
1362 1976 1836 2068 gaudendum,
1873 1978 1960 2047 ob
1992 2000 2093 2058 ea,
2129 1999 2306 2064 quae
2348 1978 2415 2046 in
2459 1977 2702 2046 divino
2737 1977 2902 2047 cultu

406 2066 1003 2153 ecclesiasticaque
1066 2066 1433 2155 disciplina
1499 2066 1809 2136 restituta
1854 2079 2095 2147 erant;
2149 2066 2264 2135 sed
2318 2065 2704 2136 dolendum
2754 2067 2870 2136 etia

410 2157 727 2236 maxime,
780 2154 960 2242 quod
999 2155 1225 2225 omnis
1261 2156 1669 2225 instauratio
1701 2178 1738 2225 a
1775 2169 1991 2225 vetere
2024 2155 2239 2234 cultu,
2277 2154 2796 2244 disciplinaque
2824 2155 2908 2223 lon

408 2244 692 2344 gissime
753 2244 981 2312 adhuc
1039 2244 1328 2314 abesset.
1396 2249 1551 2313 Post
1611 2266 1687 2313 ea
1736 2262 1915 2331 quae
1983 2245 2736 2325 commemoravimus,
2799 2266 2873 2312 cu

410 2346 657 2402 iterum
710 2333 990 2402 Carolus
1038 2333 1411 2401 Taurinum
1470 2346 1691 2423 petere
1750 2345 2075 2423 cuperet,
2126 2347 2192 2402 et
2240 2348 2755 2403 sacrosanctam
2805 2331 2859 2401 S‘

410 2422 656 2492 donem
712 2423 962 2501 visere,
1016 2421 1266 2512 delegit
1327 2436 1599 2511 tempus
1667 2422 1880 2501 illud,
1935 2437 2011 2492 ut
2070 2445 2227 2492 cum
2292 2423 2560 2492 Paleoto
2613 2422 2886 2508 Cardine

408 2534 545 2580 una
601 2511 1215 2600 proficiscerentur.
1270 2517 1355 2579 Ea
1410 2532 1479 2579 re
1531 2512 1818 2581 laetatus
1868 2524 1971 2581 est
2020 2515 2160 2580 Dux
2204 2512 2669 2593 vehementer,
2708 2524 2776 2581 et
2802 2532 2865 2580 sa

407 2599 795 2669 ctissimum
849 2599 1092 2669 Christi
1144 2621 1396 2690 corpus
1444 2599 1583 2687 jam
1635 2614 1802 2670 tunc
1848 2622 1888 2669 a
1948 2598 2183 2669 Carolo
2231 2622 2503 2670 sumere
2551 2598 2920 2674 constituit-

414 2689 476 2755 in
543 2688 850 2776 proximo
898 2687 1051 2775 ejus
1110 2687 1401 2757 solemni
1450 2688 1642 2759 festo.
1698 2694 1830 2758 Iter
1890 2688 2020 2758 fuit
2072 2689 2337 2779 piarum
2389 2688 2873 2759 exercitationu

413 2776 734 2865 plenum;
790 2776 854 2844 in
911 2775 1079 2844 locis
1126 2778 1242 2847 ubi
1300 2778 1718 2846 manendum
1770 2791 1969 2857 esset,
2025 2777 2248 2867 primo
2296 2777 2704 2847 Cardinales
2735 2776 2930 2846 adeo·

407 2864 686 2934 clesiam
744 2864 1136 2945 veniebant,
1192 2867 1451 2953 ubique
1502 2866 1809 2935 litaniam
1862 2889 2020 2936 cum
2077 2867 2500 2937 invocatione
2555 2881 2932 2936 sanctorum

406 2976 487 3023 ex
535 2953 994 3023 ecclesiastico
1031 2955 1164 3024 ritu
1200 2955 1584 3035 habebant;
1641 2976 1840 3024 mane
1891 2966 2043 3044 post
2075 2976 2348 3024 sacrum
2392 2956 2458 3024 in
2506 2955 2692 3024 viam
2737 2976 2807 3024 se
2840 2952 2932 3020 da·

410 3042 620 3123 bant;
674 3042 740 3110 in
787 3043 1026 3112 itinere
1073 3043 1159 3112 de
1209 3044 1415 3112 rebus
1458 3043 1879 3114 salutaribus
1919 3065 2315 3122 sermones,
2371 3013 2949 3134 cogitationesque-¹

404 3133 720 3202 omnium
770 3144 1009 3210 erant;
1062 3131 1360 3232 singulis
1407 3133 1590 3201 enim
1642 3133 1966 3203 curribus
2016 3133 2334 3202 sacerdos
2365 3146 2508 3202 erat
2546 3132 2920 3226 praefectus.

407 3223 523 3308 qui
558 3233 741 3289 certa
788 3221 1009 3310 capita
1060 3223 1266 3290 sociis
1311 3244 1391 3290 ex
1439 3220 1795 3311 evangelio
1852 3219 2167 3301 traderet,
2234 3221 2400 3291 dum
2445 3222 2688 3302 iretur,
2747 3217 2924 3289 medi·

409 3309 637 3379 tanda.
695 3310 1039 3389 Novariae,
1096 3310 1552 3397 Vercellisque
1597 3309 2073 3387 concionibus,
2128 3311 2478 3397 sacrisque
2537 3309 2702 3381 aliis
2748 3308 2924 3378 actio-

410 3398 623 3500 nibus·
645 3399 1056 3499 populorum
1088 3401 1408 3555 rpietatem
1442 3398 1897 3487 adjuvarunt:
1931 3400 2052 3485 qui
2078 3398 2357 3484 quidem
2394 3399 2548 3468 licet
2578 3397 2916 3468 Antistites

1118 3510 1131 3555 t

412 3501 481 3556 ut
525 3510 872 3577 principes
920 3508 1082 3576 amp
1142 3489 1390 3557 ssimos
1431 3487 1885 3566 honorarent,
1931 3501 2007 3556 ut
2060 3509 2289 3557 servos
2333 3489 2491 3568 Dei,
2545 3499 2920 3583 sanctosque

413 3577 590 3646 viros
638 3577 840 3645 etiam
905 3577 1361 3645 observabant
1407 3591 1473 3645 et
1520 3575 2067 3660 venerabantur3
2121 3577 2414 3655 armati,
2486 3578 2604 3663 qui
2658 3599 2735 3645 ex
2793 3590 2922 3640 vicis

412 3665 690 3734 honoris
727 3667 973 3733 caussa
1014 3664 1098 3733 de
1147 3686 1336 3734 more
1374 3665 1644 3734 obviam
1702 3664 2089 3753 prodibant,
2147 3686 2316 3734 nova
2368 3665 2667 3734 militum
2705 3661 2918 3759 specie.

412 3755 602 3823 humi
643 3753 880 3844 positis
958 3754 1204 3823 enibus
1238 3755 1616 3831 tormentis,
1673 3766 1745 3822 ut
1795 3768 2200 3823 consuetum
2251 3768 2375 3833 est,
2411 3775 2659 3822 sonum
2711 3750 2920 3820 efficie-

413 3844 614 3922 bant;
670 3844 845 3911 mira
941 3842 1361 3920 electatione,
1416 3843 1809 3931 gaudioque
1860 3842 2149 3932 pulpita,
2203 3842 2367 3912 dum
2425 3841 2776 3912 Praesules
2804 3858 2942 3924 arn-3

414 3931 702 4021 plissimi
754 3933 1350 4011 concionarentur,
1404 3932 1669 4001 insueta
1726 3953 2034 4032 purpura
2080 3930 2516 4009 collucentia‚
2575 3931 2667 4020 pii
2715 3943 2918 3997 omnes

409 4019 1077 4108 contemplabantur,
1114 4035 1178 4089 et
1221 4035 1601 4109 temporum
1636 4019 2025 4089 felicitatem
2073 4020 2371 4090 vicissim
2405 4019 2911 4110 gratulabantur.

412 4113 595 4189 Quae
643 4110 946 4189 Taurini,
993 4109 1461 4179 multitudinis
1492 4108 1804 4178 infinitae
1841 4131 2213 4189 concursu,
2251 4108 2453 4177 etiam
2489 4130 2566 4177 ex
2593 4114 2916 4197 corruptae

413 4196 569 4264 fidei
621 4196 810 4276 locis,
854 4199 961 4286 pie
1010 4211 1374 4285 sancteque
1423 4212 1573 4268 acta
1606 4198 1783 4277 sint,
1840 4198 1905 4266 in
1960 4198 2397 4267 sanctissima
2431 4195 2724 4266 Sindone
2767 4207 2916 4290 aspi·

412 4284 679 4363 cienda,
736 4285 1008 4372 publice
1056 4287 1475 4355 ostendenda
1524 4286 1935 4375 publiceque
1995 4286 2346 4356 adoranda
2380 4339 2395 4364 ,
2447 4286 2518 4353 in
2570 4294 2940 4379 preca-tione,

412 4373 873 4461 quadraginta
901 4374 1253 4453 horarum,
1284 4375 1370 4443 ab
1400 4376 1739 4444 universis
1765 4376 2059 4445 civitatis
2089 4374 2455 4445 ordinibus
2486 4395 2602 4464 per
2632 4383 2909 4443 stationes
