2993 4837
31 286 162 351 [ΟΥ.
224 287 311 348 -17
759 299 841 347 na
891 303 948 348 s.
1000 301 1311 348 caesonio
1360 300 1828 348 rnaunaruaco
2350 289 2476 351 555

31 410 55 457 a
87 387 541 456 hodiernum
584 408 805 472 usque
840 385 1018 454 diem
1058 400 1418 454 servantur
1452 387 1685 455 beatae
1715 386 1904 456 illius
1939 409 2186 456 manus
2221 388 2570 456 characte-

31 499 108 546 εε.
146 483 252 544 An
294 498 449 543 non
498 475 662 543 haec
702 498 859 543 cum
905 474 1043 543 illis
1078 474 1332 543 tabulis
1366 498 1402 543 a
1438 480 1570 544 Deo
1619 475 1970 545 fabricatis
2001 489 2264 544 certant
2312 478 2569 566 gratiae

31 565 551 653 aagnitudine?
586 564 746 633 Illas
787 576 1016 632 autem
1050 564 1204 632 dico
1241 564 1533 645 tabulas,
1566 565 1633 632 in
1671 566 1927 650 quibus
1960 564 2233 633 divinae
2268 565 2571 634 volunta-

31 652 69 721 is
102 656 482 739 impressa
529 669 630 721 est
668 652 1027 741 legislatio.
1074 652 1429 734 Quomodo
1462 653 1645 721 enim
1682 660 1931 724 Mosem
1977 654 2145 722 dicit
2185 655 2560 744 Scriptura,

32 764 144 811 um
181 742 455 811 fuisset
489 755 674 809 extra
716 742 810 822 id,
865 741 1047 828 quod
1084 753 1390 829 apparet,
1430 755 1492 809 et
1535 742 1712 809 intra
1761 765 1862 822 ea,
1908 764 2083 828 quae
2121 743 2343 811 oculis
2376 743 2567 812 cerni

32 844 374 917 requeunt,
422 831 632 919 adyta
666 831 898 898 anima
936 832 1354 919 pervenisset
1385 830 1546 918 (hoc
1580 831 1764 899 enim
1816 831 2163 919 significat
2191 832 2467 921 caligo),
2501 844 2568 900 et

31 920 225 988 livina
275 920 627 1008 mysteria
658 920 1007 999 didicisse,
1053 931 1116 987 et
1158 940 1275 1007 per
1317 940 1387 987 se
1429 931 1642 988 totum
1683 920 2017 1009 populum
2065 920 2130 987 in
2175 922 2567 1010 cognitione
2655 970 2662 971 κ

32 1010 103 1076 lei
150 1009 598 1078 instituisse:
675 1009 742 1076 in
780 1008 908 1077 hoc
947 1030 1221 1094 quoque
1281 1030 1533 1097 magno
1571 1009 1711 1076 viro
1761 1008 1917 1077 licet
1972 1007 2281 1076 eamdem
2337 1009 2564 1079 videre

31 1098 523 1166 economiain:
564 1097 678 1165 cui
711 1119 909 1165 mons
939 1096 1217 1183 quidem
1244 1111 1410 1176 erat,
1454 1118 1588 1164 non
1625 1097 1936 1166 tumulus
1970 1097 2221 1184 aliquis
2255 1099 2555 1182 sensiliS,

32 1187 111 1254 ied
171 1185 491 1255 altitudo
548 1208 857 1254 verorum
919 1186 1321 1274 dogmatum
1381 1185 1821 1273 cupiditatis;
1887 1184 2107 1275 caligo
2169 1198 2394 1254 autem
2463 1187 2560 1267 id,

32 1275 175 1361 {uod
208 1276 334 1344 alii
374 1297 632 1363 capere
662 1297 794 1342 non
837 1286 1144 1363 possunt,
1201 1274 1714 1361 spectaculum3
1771 1274 2002 1343 tabula
2055 1296 2231 1353 vero,
2274 1275 2556 1360 anima;

38 1363 258 1433 itterae
292 1378 540 1433 autem
579 1385 754 1449 quae
786 1375 979 1431 erant
1014 1363 1081 1430 in
1119 1362 1395 1441 tabuliS‚
1437 1385 1558 1430 vox
1596 1363 1769 1450 eJUS‚
1809 1364 1926 1449 qui
1965 1362 2091 1431 suit
2129 1364 2215 1431 ab
2249 1386 2328 1432 eo
2349 1364 2558 1432 visus.

34 1456 126 1519 Per
149 1475 328 1539 quae
354 1454 605 1521 omnia
628 1466 690 1520 et
713 1452 866 1531 sibi,
891 1452 1078 1531 eliis,
1111 1451 1330 1537 quiab
1358 1452 1504 1538 ipso
1532 1452 2090 1531 instituebantur,
2113 1451 2567 1520 fuitdeclara-

42 1562 146 1609 um
183 1543 632 1631 mysterium.
664 1547 1027 1626 Postquam
1050 1562 1212 1629 ergo
1233 1540 1487 1608 fiducia
1509 1539 1807 1625 quadam
1834 1540 2208 1609 etaudacia
2245 1542 2564 1629 perhanc

34 1629 335 1717 inpletus
376 1644 488 1699 est
526 1630 881 1710 visionem,
940 1652 1071 1698 non
1112 1650 1312 1697 secus
1342 1652 1419 1696 ac
1461 1628 1714 1696 athleta
1762 1630 2137 1717 quispiam,
2182 1630 2296 1715 qui
2341 1652 2562 1716 quan·

38 1726 156 1784 tum
195 1720 362 1787 satis
399 1731 509 1787 est
542 1719 997 1807 experientiae
1036 1731 1099 1786 et
1127 1718 1373 1785 virium
1402 1740 1441 1784 a
1468 1739 1866 1805 puerorum,
1902 1720 2019 1804 qui
2044 1719 2559 1798 exercebantur,

36 1826 121 1873 ma
176 1808 340 1876 istro
388 1820 642 1875 nactus
675 1808 756 1874 ad
802 1808 1201 1881 certamina,
1242 1806 1475 1874 fidenti
1519 1818 1584 1873 et
1614 1807 1856 1874 audaci
1903 1808 2135 1875 animo
2169 1828 2238 1875 se
2265 1809 2451 1876 exuit
2481 1807 2566 1876 ad

39 1904 119 1961 sta
174 1896 343 1976 ium,
401 1909 472 1965 et
509 1897 576 1964 in
616 1896 893 1985 pulvere
924 1895 1223 1964 decertat
1256 1909 1488 1963 contra
1544 1894 2006 1975 adversarios;
2071 1896 2305 1964 eodem
2363 1896 2566 1966 modo

39 1995 91 2047 et
122 2006 238 2053 suo
269 1986 536 2063 studiO,
572 1998 637 2052 et
668 1985 842 2072 ejuS‚
882 2006 1057 2071 quae
1108 1984 1241 2051 sibi
1282 1984 1629 2071 apparuit,
1699 1984 1957 2070 gratiae
1997 1984 2276 2063 auxilio,
2331 1986 2564 2053 animo

42 2072 187 2139 satis
215 2073 636 2153 instructUS,
678 2074 1049 2142 certamina
1093 2073 1190 2142 sic
1231 2072 1652 2161 aggreditur.
1708 2077 1850 2141 Non
1900 2086 2162 2161 oportet
2209 2072 2390 2140 enim
2445 2074 2568 2140 ali-

45 2159 186 2242 quid
220 2161 402 2231 aliud
445 2184 711 2241 vocare,
754 2184 959 2248 quam
999 2162 1374 2230 certamina
1401 2174 1464 2229 et
1494 2163 1988 2242 contentiones,
2016 2183 2288 2229 omnem
2333 2162 2563 2241 vitam,

50 2265 229 2343 quam
261 2250 405 2336 ipse
458 2251 600 2338 egit
636 2252 702 2318 in
739 2249 1141 2327 sacerdotio,
1189 2250 1256 2317 in
1307 2272 1445 2336 quo
1488 2272 1607 2339 per
1647 2250 1851 2318 fidem
1916 2249 2277 2339 prostravit
2326 2272 2567 2319 omnes

56 2353 207 2404 vires
235 2338 635 2409 adversarii.
688 2344 852 2407 Nam
890 2360 1046 2406 cum
1091 2339 1319 2407 statim
1358 2360 1426 2408 se
1466 2361 1506 2407 a
1541 2338 1914 2408 solitudine
1966 2340 2310 2417 movisset,
2368 2353 2432 2406 et
2480 2338 2563 2407 ad

52 2423 257 2521 urbem
314 2429 785 2508 contenderet,
833 2429 899 2496 in
943 2450 1081 2515 qua
1136 2429 1491 2516 oportebat
1520 2451 1677 2497 eum
1743 2433 1872 2497 Deo
1902 2441 2300 2498 construere
2332 2429 2567 2497 Eccle-

50 2532 223 2592 siam,
259 2540 419 2587 cum
460 2519 894 2607 cognovisset
928 2531 1139 2586 totum
1180 2516 1404 2586 locum
1440 2540 1478 2584 a
1520 2517 1761 2586 fraude
1786 2518 2202 2587 daemonum
2241 2518 2565 2598 obtineri,

48 2613 102 2665 et
137 2606 256 2672 veri
299 2608 586 2692 quidem
631 2608 737 2675 Dei
793 2606 1122 2694 templum
1191 2627 1533 2692 nusquam
1590 2628 1739 2674 esse
1794 2619 2293 2699 constructum,
2361 2619 2565 2675 totam

51 2703 245 2759 autem
277 2697 651 2774 civitatem,
693 2709 756 2764 et
787 2717 961 2780 quae
995 2695 1446 2762 circumcirca
1489 2694 1618 2764 sita
1648 2707 1770 2773 est,
1819 2696 2165 2784 regionem
2220 2716 2367 2763 esse
2419 2695 2563 2782 ple·

52 2793 184 2846 nam
235 2783 599 2862 altaribus,
662 2784 971 2852 delubris
1004 2795 1067 2851 et
1100 2783 1519 2861 simulacri5‚
1586 2784 1907 2852 universo
1943 2785 2196 2874 populo
2234 2806 2436 2853 suum
2493 2783 2562 2851 in

48 2861 157 2964 hoc
190 2886 481 2956 ponente
515 2873 847 2952 studium,
889 2884 963 2939 ut
1003 2884 1241 2940 ornata
1275 2883 1502 2940 essent
1544 2892 1824 2940 nemora
1857 2885 1922 2940 et
1950 2896 2143 2942 sacra
2189 2872 2557 2952 idolorum,

52 2965 102 3018 et
130 2976 403 3029 insanus
455 2961 989 3030 simulacrorum
1041 2960 1272 3028 cultus
1330 2973 1634 3028 maneret
1691 2961 1875 3049 apud
1921 2961 2259 3039 homineS,
2306 2962 2560 3030 conflr-

58 3058 249 3136 fnatus
282 3051 555 3138 pompis
594 3064 657 3118 et
695 3050 1059 3137 mysteriiS,
1100 3060 1165 3116 et
1194 3070 1428 3117 eorum
1459 3070 1636 3134 quae
1668 3048 1735 3116 in
1766 3048 2101 3118 altaribus
2144 3063 2558 3132 mactantur,

56 3134 600 3226 inquinamentis:
651 3161 782 3206 non
821 3160 1017 3206 secus
1053 3160 1131 3205 ac
1172 3136 1364 3205 fortis
1398 3136 1651 3223 aliquis
1687 3138 1905 3217 miles,
1960 3161 2116 3206 curn
2171 3137 2347 3207 duce
2379 3159 2566 3206 exer-

58 3230 206 3318 citus
240 3246 469 3314 pugna
505 3249 939 3317 congressus,
990 3248 1108 3313 per
1142 3225 1337 3294 illum
1378 3226 1586 3294 vincit
1616 3248 1731 3294 eos
1771 3226 1887 3312 qui
1944 3237 2180 3314 parent
2214 3225 2398 3294 illius
2431 3227 2561 3294 im-

61 3323 252 3389 perio:
309 3315 397 3383 ita
429 3316 631 3384 etiam
676 3316 786 3383 hic
820 3316 919 3382 vir
957 3337 1250 3404 magnus
1299 3314 1544 3400 incipit
1591 3314 1922 3383 adversus
1959 3316 2143 3403 ipsos
2190 3314 2558 3382 daemones

59 3411 114 3459 se
142 3402 473 3483 praeclare
512 3426 767 3492 gerere,
809 3404 923 3473 sed
962 3425 1262 3490 quonam
1303 3403 1550 3471 modo?

133 3487 279 3567 ἓθ.
320 3495 479 3560 Nam
517 3516 675 3562 cum
714 3516 752 3561 a
785 3505 1043 3561 remota
1084 3492 1201 3560 illa
1232 3491 1607 3561 solitudine
1641 3491 1818 3559 viam
1852 3491 2088 3560 urbem
2130 3511 2367 3558 versus
2409 3512 2572 3558 con-

64 3564 283 3657 ficeret,
327 3602 454 3650 nox
485 3594 713 3650 antem
757 3580 1344 3670 deprehendisset,
1396 3593 1461 3649 et
1499 3602 1656 3649 cum
1704 3580 2165 3649 vehementior
2200 3578 2433 3666 pluvia
2470 3600 2575 3647 re-

68 3660 349 3751 tardaret,
386 3672 569 3739 subit
596 3670 943 3757 quoddam
983 3669 1315 3758 templum
1353 3692 1511 3737 cum
1543 3670 1689 3738 suis
1722 3670 2114 3738 comitibus.
2157 3673 2311 3736 Erat
2343 3679 2575 3736 autem

68 3742 213 3817 illud
252 3759 578 3846 templum
632 3760 927 3848 insigne,
970 3760 1039 3827 in
1074 3780 1210 3845 quo
1238 3759 1355 3843 qui
1389 3758 1794 3827 colebantur
1827 3757 2222 3836 daemones,
2263 3756 2346 3824 ad
2388 3755 2575 3825 aedi-

71 3842 195 3906 luos
230 3861 447 3929 aperte
481 3848 925 3924 ventitabant,
968 3862 1042 3916 ut
1082 3848 1198 3933 qui
1238 3846 1380 3914 illic
1412 3846 1825 3926 divinarent,
1858 3860 1924 3915 et
1965 3867 2292 3935 responsa
2340 3844 2579 3915 redde-

72 3937 214 4020 rem.
251 3936 405 4001 Cum
431 3948 656 4004 autem
689 3937 1012 4006 subiisset
1050 3935 1382 4021 templum
1414 3957 1573 4004 cum
1603 3935 1749 4005 suis
1775 3936 2167 4014 comitibuS,
2204 3934 2577 4003 daemones

74 4013 311 4089 quidem
359 4025 713 4093 confestim
756 4026 1080 4093 exterruit
1129 4023 1379 4091 Christi
1442 4024 1748 4093 nominis
1806 4024 2281 4093 invocatione:
2356 4022 2581 4112 figura

78 4111 266 4204 autern
302 4113 528 4181 Crucis
594 4117 748 4182 aere
801 4114 1093 4202 expiat0‚
1148 4112 1266 4197 qui
1327 4124 1474 4180 erat
1536 4112 1943 4199 inquinatus
2009 4112 2395 4191 nidoribus,
2435 4110 2579 4180 illic

80 4202 313 4290 mansit,
350 4221 467 4287 pro
504 4223 688 4271 more
729 4215 932 4271 totam
988 4214 1251 4271 noctem
1293 4201 1359 4268 in
1405 4201 1834 4270 orationibus
1884 4214 1947 4268 et
1985 4201 2265 4290 hymnis
2328 4199 2581 4268 decan-

87 4277 272 4351 landis
302 4288 612 4378 vigilam,
653 4291 823 4359 adeo
858 4304 933 4359 ut
970 4303 1149 4360 esset
1191 4290 1753 4359 transformatum
1809 4290 1876 4357 in
1913 4289 2197 4358 domum
2250 4289 2580 4358 orationis

90 4367 398 4458 ῑθῐῐὶρΙυω,
462 4380 643 4464 quod
704 4393 979 4470 propter
1027 4401 1342 4449 cruorem
1404 4379 1840 4448 victimarum
1886 4391 1951 4447 et
2011 4377 2385 4449 simulacra
2438 4390 2581 4446 erat
