2993 4837
74 372 222 439 NOV.
272 372 342 436 2⁴
851 391 927 436 na
976 391 1035 438 S.
1086 390 1459 438 coruncano
1509 392 1748 438 Annua
2355 378 2480 441 627

74 474 289 543 montis
324 473 449 563 (ita
494 475 678 543 enim
730 475 905 544 situs
948 474 1143 544 urbis
1180 488 1321 544 est:
1367 497 1529 544 cum
1581 474 1943 545 domorum
1997 475 2212 545 densa
2257 476 2571 548 aedificia

72 564 122 630 in
166 562 405 633 diffuso
454 562 739 652 proclivi
787 564 1042 633 montis
1082 563 1290 633 latere
1317 575 1626 638 extructa
1659 564 1819 645 sint,
1852 565 1921 632 in
1956 564 2176 635 ardua
2208 568 2573 636 cacumina

68 673 186 722 sese
219 650 591 809 porrigunt,
634 652 862 743 ipsu‘m
916 662 1214 722 montem
1258 652 1568 739 undique
1597 653 1915 742 cingente
1944 653 2222 745 abrupti
2255 655 2567 724 fluminis

70 744 251 809 Dovae
293 740 327 775 ⁴*
371 762 408 809 a
443 762 584 819 veo,
630 755 696 810 et
750 741 1302 811 commeantibus
1361 741 1626 810 aditum
1681 741 2217 832 praecludente).
2261 743 2366 813 Ibi
2415 765 2570 814 vero

66 850 255 916 usque
303 830 368 897 in
423 828 727 899 medium
776 828 959 901 diem
1007 842 1371 918 exspectat,
1413 851 1580 901 num
1615 830 1773 918 quis
1818 829 2293 919 prohibiturus
2334 831 2443 911 sit,
2488 855 2571 902 ne

64 918 129 985 ad
185 918 669 988 monasterium
733 929 1130 988 revertatur.
1185 922 1349 987 Cum
1408 931 1636 989 autem
1703 919 1941 990 nullus
1990 933 2396 1009 appareret,
2434 944 2572 1010 per

66 1005 326 1075 inediam
360 1008 603 1076 urbem
637 1027 794 1075 cum
838 1006 983 1076 suis
1016 1006 1102 1075 ad
1156 1008 1648 1077 monasterium
1689 1008 2095 1098 regreditur.
2137 1008 2213 1077 Id
2264 1009 2384 1078 ubi
2419 1033 2569 1098 per-

65 1097 213 1184 cepit
254 1095 712 1165 Theodericus
770 1100 905 1165 Rex
974 1108 1039 1165 et
1109 1095 1612 1174 Brunechildis,
1668 1118 1826 1167 eum
1882 1097 2145 1166 scilicet
2191 1097 2277 1167 ab
2327 1097 2566 1170 exsilio

68 1185 404 1266 revertisse,
433 1182 887 1259 atrocioribus
911 1183 1053 1253 irae
1084 1184 1344 1254 aculeis
1365 1184 1838 1267 stimulantur,
1852 1187 2238 1275 jubentque
2270 1186 2570 1258 militum

68 1272 372 1342 cohortem
426 1294 703 1345 rursum
754 1293 912 1343 eum
966 1273 1030 1341 vi
1073 1271 1234 1342 inde
1281 1273 1700 1354 abstrahere,
1738 1287 1803 1344 et
1848 1274 1934 1344 ad
1974 1275 2342 1364 pristinum
2392 1277 2572 1347 exsi-

70 1359 205 1430 lium
253 1383 588 1432 revocarc.
644 1361 941 1431 Veniunt
988 1361 1285 1443 militeS,
1349 1384 1507 1433 cum
1588 1363 1865 1433 tribuno
1932 1384 2135 1453 perva
2188 1376 2395 1434 antur
2451 1386 2573 1455 per

71 1453 549 1531 monasterium,
589 1449 808 1519 virum
861 1450 976 1519 Dei
1018 1452 1448 1539 perquirunt.
1491 1451 1856 1521 Residebat
1905 1463 2045 1521 tum
2107 1453 2126 1520 i
2188 1474 2224 1521 e
2276 1453 2343 1521 in
2398 1454 2570 1524 atrio

65 1539 370 1622 ecclesiae,
424 1554 489 1610 et
538 1540 608 1608 in
658 1537 893 1609 codice
926 1539 1225 1625 quodam
1262 1539 1552 1630 legebat.
1593 1545 1669 1610 Et
1717 1539 1819 1609 illi
1867 1540 2149 1628 quidem
2203 1543 2443 1611 crebro
2493 1565 2571 1613 eo

66 1629 331 1710 veniunt,
367 1650 584 1718 prope
629 1649 789 1697 eum
842 1641 1221 1709 transeunt,
1259 1628 1352 1699 ita
1397 1645 1474 1699 ut
1525 1630 1590 1697 in
1634 1629 1788 1716 ejus
1825 1629 2030 1719 pedes
2066 1651 2565 1717 nonnunquam

68 1716 511 1808 impingerent,
564 1729 629 1786 et
678 1717 1098 1787 vestimentis
1137 1718 1284 1787 suis
1316 1739 1475 1786 eum
1527 1718 1961 1808 attingerent,
2013 1740 2135 1788 nec
2186 1732 2409 1789 tamen
2462 1743 2572 1790 oc-

66 1810 316 1877 caecatis
370 1806 762 1877 luminibus
811 1804 1041 1875 vident
1087 1828 1271 1876 eum.
1337 1811 1493 1875 Erat
1553 1806 1618 1875 id
1673 1829 1836 1878 sane
1885 1807 2353 1896 spectaculum
2419 1808 2572 1897 pul-

64 1893 472 1965 cherrimum.
531 1894 654 1964 Ille
702 1894 1162 1965 laetabundus
1218 1896 1540 1966 cernebat
1589 1916 1660 1965 se
1696 1909 2125 1982 quaerentes,
2163 1917 2287 1965 nec
2341 1909 2565 1967 tamen

66 1984 133 2052 ab
172 1984 299 2056 illis
344 1984 779 2055 cernebatur.
828 1983 1244 2053 Videbantur
1294 1983 1394 2052 illi
1427 1985 1516 2055 ab
1562 2006 1641 2053 eo
1689 2005 1919 2053 coram
1957 1984 2127 2073 ipsis
2170 1986 2410 2073 posito,
2446 2008 2568 2055 nec

70 2071 343 2144 videbant
404 2086 663 2142 tamen.
718 2077 925 2142 Porro
974 2073 1295 2144 tribunus
1358 2094 1481 2161 per
1529 2072 1892 2143 fenestram
1953 2073 2352 2162 respicienS,
2404 2074 2570 2144 vidit

72 2159 250 2231 virum
288 2164 399 2232 Dei
435 2184 670 2232 coram
711 2160 879 2250 ipsis
929 2160 1181 2232 laetum
1221 2161 1519 2232 residere
1566 2174 1629 2230 et
1673 2161 1729 2229 le
1782 2183 1914 2231 ere.
1952 2166 2188 2248 Itaque
2233 2161 2569 2232 exclama-

77 2247 174 2315 vit:
202 2273 231 2316 (t
268 2250 439 2334 Quid
502 2262 636 2320 tam
689 2250 959 2320 curiose
1010 2272 1129 2352 per
1160 2251 1333 2320 atria
1361 2249 1690 2320 ecclesiae
1729 2184 2144 2330 discurritis,
2182 2272 2306 2320 nec
2344 2264 2566 2320 tamen

76 2336 393 2426 quicquam
430 2338 799 2430 reperi-tis?
831 2344 971 2408 Non
1002 2361 1147 2427 Jam
1192 2361 1309 2410 vos
1353 2339 1617 2408 diutius
1667 2340 1979 2408 insaniae
2025 2360 2215 2409 error
2252 2354 2564 2429 occupet.

74 2428 181 2495 Non
210 2430 512 2517 poteritis
543 2428 851 2498 invenire
882 2450 1065 2509 eum,
1105 2450 1308 2515 quem
1352 2429 1569 2498 virtus
1602 2429 1837 2498 divina
1878 2429 2062 2519 tegit.
2098 2433 2362 2498 Cessate
2389 2430 2561 2515 jam,

68 2525 117 2581 et
156 2519 299 2608 Regi
346 2539 567 2608 ocyus
619 2517 1128 2597 renunciemuS,
1185 2540 1302 2587 vos
1350 2539 1512 2586 eum
1565 2518 1850 2587 minime
1901 2518 2254 2607 reperisse.
2299 2541 2334 2584 »
2384 2518 2570 2587 Unde

67 2605 198 2673 satis
243 2621 453 2695 potest
508 2605 821 2694 intelligi,
879 2606 1232 2676 tribunum
1284 2605 1481 2676 illum
1537 2628 1669 2675 non
1720 2628 1846 2675 sua
1888 2618 2128 2707 sponte
2168 2607 2434 2676 venisse
2482 2607 2564 2675 ad

67 2691 465 2785 irrogandam
535 2694 678 2763 viro
728 2694 840 2763 Dei
892 2693 1268 2781 injuriam,
1324 2707 1388 2764 et
1436 2694 1694 2763 idcirco
1760 2709 2064 2784 potuisse
2123 2716 2283 2765 eum
2344 2695 2569 2765 videre

68 2779 249 2853 iilum.
296 2787 416 2855 Ubi
469 2797 698 2853 autem
744 2782 909 2852 haec
948 2783 1349 2852 renunciata
1381 2796 1545 2852 sunt
1592 2784 1782 2873 Regi,
1823 2782 1937 2853 ille
1973 2783 2310 2853 infaustae
2346 2783 2569 2854 inten-

66 2868 234 2941 tionis
273 2886 474 2943 aucto
523 2872 777 2952 furore,
816 2872 1193 2941 Bertarium
1253 2873 1578 2941 Comitem
1640 2894 1796 2940 cum
1861 2873 2143 2942 militari
2199 2873 2564 2962 praesidio,

66 2979 298 3048 unaque
345 2959 864 3049 Baudulphum,
906 2981 1041 3048 quo
1079 2961 1224 3049 jam
1277 2975 1432 3030 ante
1482 2981 1654 3031 usus
1686 2981 1765 3029 ea
1796 2960 1865 3028 in
1904 2982 1972 3030 re
2003 2961 2247 3040 fuerat,
2287 2962 2368 3031 ad
2410 2984 2565 3032 eum

64 3048 327 3120 studiose
376 3048 921 3141 perquirendum
976 3049 1185 3118 misit.
1217 3049 1536 3130 Quicum
1585 3049 1950 3129 venissent,
1990 3051 2263 3120 beatum
2301 3051 2570 3120 Colum-

63 3133 283 3206 banum
335 3140 401 3208 in
454 3137 746 3208 ecclesia
794 3159 953 3206 cum
1005 3139 1194 3207 omni
1243 3138 1534 3208 fratrum
1584 3138 2116 3226 congregatione
2171 3137 2457 3226 psalmis
2507 3153 2570 3207 et

63 3226 315 3295 orationi
362 3226 674 3297 deditum
714 3227 1089 3315 reperiunt,
1129 3227 1364 3314 sicque
1410 3249 1570 3295 eum
1622 3225 2115 3312 alloquuntur:
2172 3248 2208 3291 «
2261 3227 2374 3294 Vir
2424 3227 2560 3302 Dei.

62 3332 411 3465 precamur,
467 3328 544 3385 ut
592 3327 728 3384 tam
784 3315 1010 3415 regiis,
1064 3337 1271 3401 quam
1323 3315 1523 3384 etiam
1581 3314 1832 3383 nostris
1884 3335 2126 3403 pareas
2162 3314 2563 3415 praeceptis,

101 3401 324 3490 ineque
369 3427 449 3474 ea
485 3403 772 3473 excedas
824 3426 950 3483 via,
1004 3425 1140 3488 qua
1205 3403 1343 3472 huc
1395 3404 1695 3493 primum
1757 3402 2118 3472 advenisti.
2162 3426 2196 3468 »
2246 3404 2348 3471 Ait
2405 3402 2565 3470 ille:

63 3510 89 3550 ¹<
132 3494 258 3560 Non
303 3506 489 3583 put0,
545 3493 793 3579 inquit,
835 3491 901 3559 id
943 3491 1207 3581 placere
1256 3491 1625 3571 Conditori,
1669 3504 1741 3560 ut
1789 3490 1873 3560 ad
1927 3490 2136 3561 semel
2186 3490 2273 3560 ob
2322 3491 2565 3560 Christi

64 3575 338 3650 timorem
379 3581 693 3653 relictum
732 3579 957 3650 natale
992 3579 1214 3650 solum
1255 3593 1573 3650 revertar.
1607 3603 1640 3646 »
1679 3579 1928 3650 videns
1964 3580 2307 3649 Bertarius
2343 3580 2565 3649 virum

68 3665 154 3732 Dei
199 3669 322 3740 sibi
374 3692 509 3740 non
569 3669 1065 3758 obtemperare,
1117 3668 1538 3756 quibusdam
1588 3668 2039 3738 ferocioribus
2090 3667 2230 3737 illic
2289 3667 2563 3744 relictis,

63 3753 381 3846 abscessit.
443 3758 549 3827 Illi
600 3770 852 3836 autem,
907 3757 1023 3844 qui
1077 3770 1571 3838 remanserant,
1606 3758 1827 3827 virum
1895 3759 2008 3826 Dei
2059 3756 2443 3838 hortantur,
2497 3771 2571 3825 ut

67 3859 337 3927 tpsorum
389 3847 818 3927 misereatur,
872 3846 992 3932 qui
1041 3845 1382 3935 ejusmodi
1427 3847 1522 3914 rei
1568 3844 2004 3932 exequendae
2054 3843 2417 3914 infeliciter
2462 3868 2566 3913 es-

65 3944 187 3999 sent
235 3935 578 4015 destinati,
632 3937 653 4004 i
709 3955 1082 4021 sorumque
1137 3933 1446 4024 periculo
1495 3934 1855 4004 consulat:
1915 3933 2059 4020 qui,
2115 3935 2248 4001 nisi
2296 3954 2453 4003 eum
2509 3934 2569 4000 vi

64 4020 407 4103 extrabant,
465 4025 614 4094 sine
695 4023 859 4093 ubio
901 4024 968 4091 in
1023 4023 1261 4092 mortis
1307 4021 1679 4091 discrimen
1734 4023 2001 4091 venturi
2037 4022 2195 4092 sint.
2253 4022 2378 4090 Illo
2414 4044 2569 4090 vero

65 4101 317 4190 dicente,
375 4113 615 4201 sejam
654 4113 930 4202 saepius
981 4124 1296 4181 testatum
1348 4131 1519 4189 esse,
1561 4132 1692 4179 non
1746 4132 1817 4179 se
1868 4110 2051 4190 inde,
2094 4111 2228 4180 nisi
2279 4111 2345 4178 vi
2385 4131 2570 4179 com-

70 4193 360 4280 pellente,
410 4222 891 4280 recessurum;
947 4198 1048 4269 illi
1110 4199 1385 4290 gemino
1451 4198 1785 4287 implicati
1848 4199 2188 4288 periculo,
2243 4199 2569 4285 utrinque

68 4299 316 4382 urgente
362 4289 753 4371 formidine,
810 4287 1146 4378 pallium,
1201 4309 1337 4374 quo
1390 4287 1676 4357 indutus
1724 4300 1914 4367 erat,
1985 4287 2562 4377 apprehendunt:

69 4367 165 4439 alu
217 4375 294 4444 ad
347 4399 570 4468 genua
626 4377 775 4466 ejus
828 4376 1155 4457 advoluti,
1209 4397 1368 4446 cum
1439 4375 1764 4465 lacrymis
1818 4389 2208 4465 precantur,
2266 4389 2340 4445 ut
2398 4381 2565 4445 tanti

112 4496 128 4513 ’
154 4497 505 4556 videtui-Donabit
532 4512 651 4546 esec.
