2993 4837
29 310 195 377 Nov,
252 311 320 375 Η
770 330 848 375 nn
896 329 951 376 s.
1006 328 1284 377 nmmo
1332 330 1428 375 m».
1484 329 1837 379 TURONENSI
2358 316 2486 382 399

29 416 243 498 ltaque
289 433 454 482 cum
507 434 731 482 unam
785 413 852 481 in
918 424 1177 502 partem
1254 413 1463 503 pinus
1525 412 1647 483 illa
1694 428 1871 486 esset
1932 415 2210 487 acclivis
2256 419 2391 507 (ut
2439 441 2572 488 non

29 515 185 573 esset
231 502 564 585 dubium,
627 524 837 588 quam
889 502 959 571 in
1015 515 1273 590 partem
1339 503 1612 573 succisa
1660 505 2059 594 corrueret),
2098 527 2178 576 eo
2227 506 2375 576 loco
2425 509 2572 575 vin-

29 603 160 659 ctus
207 591 540 660 statuitur
592 613 721 680 pro
755 591 1037 661 arbitrio
1074 592 1518 671 rusticorum,
1557 614 1693 678 quo
1723 593 2037 664 arborem
2072 617 2221 665 esse
2253 617 2570 664 casuram

29 696 209 747 nemo
258 679 665 750 dubitabat.
706 680 1069 749 succidere
1117 680 1328 768 igitur
1366 680 1500 770 ipsi
1551 703 1746 750 suam
1808 684 2051 772 pinum
2103 707 2259 753 cum
2315 685 2575 773 ingenti

66 767 284 848 audio,
358 769 767 855 laetitiaque
813 782 1207 859 coeperunt.
1260 769 1505 838 Aderat
1556 771 1832 839 eminus
1889 771 2088 841 turba
2137 773 2567 841 mirantium.

28 790 294 943 §amque
354 857 707 947 paulatim
772 871 1014 926 nutare
1074 858 1280 947 pinus
1335 857 1580 946 coepit,
1620 872 1684 928 et
1740 860 2016 929 ruinam
2074 884 2269 930 suam
2323 884 2567 930 casura

31 944 340 1014 minitari.
391 945 762 1015 Pallebant
828 946 1102 1015 eminus
1168 947 1530 1028 monachi,
1582 960 1646 1016 et
1743 948 1999 1018 ericulo
2049 950 2194 1035 jam
2251 950 2568 1040 propiore

33 1034 382 1114 conterriti,
449 1057 656 1124 spem
708 1056 1040 1114 omnem‚·
1076 1035 1418 1122 fidemque
1471 1036 1661 1125 perdi
1716 1051 1943 1117 erant,
2007 1038 2220 1107 solam
2297 1038 2570 1107 Martini

39 1133 295 1192 mortem
332 1136 843 1213 exspectantes.
883 1129 958 1192 At
1006 1122 1122 1193 ille
1172 1125 1478 1195 confisus
1529 1125 1596 1194 in
1659 1126 1966 1207 Domine,
2009 1126 2395 1214 intrepidus
2443 1150 2568 1216 op-

41 1211 328 1295 periens,
383 1235 552 1281 cum
610 1212 755 1300 jam
807 1212 1142 1301 fragorem
1197 1214 1306 1281 sui
1361 1213 1570 1302 pinus
1618 1213 1990 1283 concidens
2038 1215 2389 1296 edidisset,
2422 1216 2568 1305 jam

46 1300 306 1381 cadenti,
342 1315 408 1370 et
444 1323 670 1389 super
701 1322 772 1368 se
807 1301 1055 1381 ruenti,
1100 1301 1355 1370 elevata
1391 1303 1703 1391 protinus
1734 1304 2002 1373 obviam
2041 1326 2279 1382 manu,
2326 1304 2570 1373 salutis

49 1387 291 1476 signum
343 1390 707 1479 opposuit.
746 1395 912 1458 Tum
968 1412 1123 1460 vero
1173 1390 1469 1459 turbinis
1520 1390 1722 1459 modo
1778 1405 2180 1462 retroactam
2242 1407 2565 1482 putares:

47 1473 126 1543 ita
166 1475 499 1548 diversam
569 1479 642 1546 in
704 1490 962 1566 partem
1015 1479 1174 1559 ruit,
1238 1478 1408 1548 adeo
1449 1492 1525 1547 ut
1575 1481 1889 1561 rustic03‚
1928 1482 2048 1568 qui
2110 1482 2174 1549 in
2231 1495 2372 1551 tuto
2425 1482 2570 1552 loco

29 1574 360 1643 steterant,
405 1588 588 1656 pene
632 1567 1090 1657 prostraverit.
1131 1573 1300 1637 Turn
1339 1589 1494 1636 vero
1528 1568 1594 1635 in
1631 1569 1900 1639 caelum
1937 1569 2235 1640 clamore
2268 1572 2562 1652 sublat0‚

31 1653 303 1739 gentiles
349 1669 639 1745 stupere
688 1654 1045 1737 miraculO,
1119 1656 1438 1725 monachi
1511 1657 1672 1725 flere
1746 1680 1906 1747 prae
1971 1660 2249 1749 gaudi0‚
2323 1661 2570 1731 Christi

31 1758 264 1810 ¹nomen
322 1744 390 1812 in
445 1766 827 1813 commune
882 1744 968 1813 ab
1016 1745 1342 1814 omnibus
1393 1745 1819 1845 praedicari:
1886 1751 2188 1836 satisque
2234 1749 2561 1828 constitit,

49 1848 120 1897 eo
159 1830 259 1900 die
305 1832 611 1902 salutern
672 1832 771 1901 illi
834 1834 1096 1902 venisse
1146 1834 1431 1923 regioni.
1478 1839 1644 1903 Nam
1710 1856 1911 1905 nemo
1963 1836 2098 1906 fere
2153 1860 2231 1906 ex
2283 1838 2570 1906 immani

55 1914 150 1985 illa
188 1921 634 1991 multitudine
683 1921 1039 2010 gentilium
1076 1922 1224 2002 suit,
1262 1923 1381 2009 qui
1432 1944 1568 1992 non
1605 1922 2041 2011 impositione
2092 1947 2339 1995 manus
2388 1926 2568 1996 desi-

57 2002 274 2087 derata,
327 2010 398 2078 in
455 2010 827 2080 Dominum
877 2011 1105 2079 lesum
1160 2011 1530 2093 Christum,
1592 2010 1826 2081 relicto
1888 2013 2257 2103 impietatis
2312 2037 2563 2095 errore,

62 2094 408 2168 crediderit.
466 2104 547 2168 Et
600 2120 749 2167 vere
797 2112 952 2169 ante
1012 2101 1376 2168 Martinum
1432 2101 1633 2188 pauci
1684 2100 2084 2181 admodum,
2133 2102 2345 2171 immo
2399 2124 2567 2190 pene

65 2182 224 2263 nulli,
261 2187 326 2254 in
373 2187 458 2256 iis
496 2187 901 2277 regionibus
950 2188 1195 2259 Christi
1248 2210 1493 2258 nomen
1541 2202 1956 2278 receperant.
2002 2191 2190 2272 Quod
2228 2191 2396 2259 adeo
2439 2192 2563 2259 vir·

71 2272 287 2342 tutibus
333 2276 552 2357 illius,
608 2277 1058 2365 exemploque
1105 2277 1474 2358 convaluit,
1514 2279 1756 2367 utjam
1804 2278 1897 2348 ibi
1950 2278 2185 2348 nullus
2229 2279 2418 2349 locus
2454 2280 2562 2359 sit,

69 2359 160 2442 qui
201 2383 323 2432 non
376 2380 497 2434 aut
538 2365 850 2435 ecclesiis
908 2365 1530 2454 frequentissimuS,
1566 2380 1686 2436 aut
1733 2368 2167 2438 monasteriis
2217 2368 2303 2438 sit
2353 2368 2568 2458 reple-

69 2455 170 2515 tus.
202 2455 358 2520 Nam
407 2455 534 2524 ubi
585 2454 745 2523 fana
792 2455 1240 2538 destruxerat,
1280 2457 1509 2526 statim
1561 2457 1658 2526 ibi
1706 2470 1825 2526 aut
1875 2457 2222 2538 ecclesias,
2261 2470 2380 2527 aut
2421 2480 2568 2527 mo-

61 2541 316 2609 nasteria
349 2545 819 2613 construebat.

101 2627 163 2720 5
201 2634 350 2701 10.
404 2637 539 2701 Nec
602 2634 936 2701 minorem
991 2632 1120 2701 sub
1181 2633 1361 2700 idem
1412 2632 1550 2702 sere
1609 2647 1878 2721 tempus
1939 2635 2175 2704 eodem
2243 2635 2311 2702 in
2363 2656 2567 2723 opere

65 2727 336 2786 virtutem
380 2720 622 2790 edidit.
668 2727 832 2790 Nam
885 2743 1043 2788 cum
1081 2721 1148 2788 in
1202 2722 1351 2791 vico
1390 2722 1688 2808 quodam
1751 2723 1908 2792 fano
1964 2724 2448 2809 antiquissimo
2503 2737 2567 2792 et

68 2798 471 2877 celeberrimo
525 2811 755 2899 ignem
809 2809 1174 2897 injecisset,
1239 2811 1302 2878 in
1359 2810 1764 2898 proximam,
1820 2813 2030 2881 immo
2079 2813 2560 2882 adhaerentem

69 2884 334 2972 domum,
397 2914 641 2987 agente
692 2912 910 2976 vento,
967 2897 1405 2968 flammarum
1469 2899 1656 2988 globi
1704 2900 2116 2970 ferebantur.
2174 2902 2364 2984 Quod
2449 2901 2567 2970 ubi

71 2975 352 3055 Martinus
399 2988 713 3067 advertit,
763 2985 1001 3075 rapido
1050 3010 1264 3056 cursu
1330 3000 1577 3058 tectum
1630 2989 1879 3059 domus
1929 2990 2237 3070 scandit,
2291 2991 2559 3061 obviam

74 3082 127 3129 se
166 3072 578 3144 venientibus
627 3076 928 3144 flammis
977 3075 1298 3147 inferens.
1369 3083 1537 3146 Tum
1604 3099 1761 3146 vero
1835 3078 2086 3146 mirum
2154 3079 2223 3146 in
2281 3080 2558 3148 modum

74 3169 338 3246 (perneres
385 3178 624 3233 contra
686 3166 816 3233 vim
858 3165 1030 3232 venti
1085 3166 1312 3254 ignem
1374 3167 1772 3252 retorqueri,
1817 3179 1892 3233 ut
1939 3169 2558 3256 compugnantium

79 3254 217 3311 inter
259 3270 324 3317 se
370 3251 863 3323 elementorum
936 3253 1217 3338 quidam
1283 3255 1647 3324 conflictus
1715 3254 2079 3323 videretur.
2149 3260 2243 3323 lta
2320 3256 2563 3323 virtute

75 3327 299 3404 Martini
334 3339 428 3408 i'bi
478 3355 744 3412 tantum
787 3342 967 3432 ignis
1014 3355 1114 3411 est
1146 3357 1492 3429 operatuS‚
1532 3343 1652 3412 ubi
1682 3343 1926 3431 jussus
1973 3355 2095 3413 est.
2138 3348 2211 3411 In
2266 3344 2412 3411 vico
2444 3365 2565 3411 au-

79 3424 203 3498 lem,
229 3427 328 3492 cui
369 3433 734 3518 Leprosum
776 3452 1022 3499 nomen
1051 3443 1353 3508 est,cum
1386 3432 1566 3499 idem
1599 3430 1929 3521 templum
1954 3430 2559 3521 opulentissimum

74 3515 537 3610 superstitiosae
589 3518 938 3610 religionis
993 3519 1320 3589 voluisset
1379 3533 1699 3601 evertere,
1764 3520 2005 3589 restitit
2058 3521 2121 3590 ei
2195 3519 2563 3588 multitudo

80 3598 386 3695 gentilium
421 3658 436 3687 ,
489 3613 657 3676 adeo
707 3620 781 3676 ut
838 3629 969 3677 non
1021 3608 1281 3695 absque
1328 3609 1586 3696 injuria
1635 3610 1721 3679 sit
1770 3609 2113 3698 repulsus.
2170 3615 2404 3695 Itaque
2462 3629 2564 3678 se-

79 3697 244 3778 cessit
274 3691 349 3759 ad
389 3696 691 3782 proxima
727 3697 896 3774 loca,
943 3696 1174 3784 ibique
1214 3720 1335 3787 per
1368 3697 1675 3767 triduum
1711 3698 1938 3767 cilicio
1972 3712 2183 3768 tectus
2213 3711 2277 3766 et
2306 3698 2557 3778 cinere,

79 3783 348 3854 ieiunans
414 3806 682 3872 semper
727 3798 929 3872 atque
1002 3808 1249 3867 oranS,
1308 3788 1719 3877 precabatur
1782 3788 2191 3862 Dominum,
2260 3799 2335 3854 ut
2399 3787 2563 3871 quia

85 3862 362 3957 l‘im-plum
403 3871 571 3941 illud
624 3887 919 3943 evertere
967 3875 1272 3954 humana
1309 3897 1525 3945 manu
1566 3897 1701 3945 non
1748 3877 2096 3963 potuisset,
2136 3875 2351 3944 virtus
2386 3874 2563 3944 illud

85 3939 274 4036 divina
315 3957 628 4030 dirueret.
677 3968 845 4031 Tum
897 3964 1124 4033 subito
1172 3965 1232 4032 ei
1282 3964 1421 4033 duo
1466 3970 1562 4034 An
1617 3963 1707 4033 eli
1756 3964 2000 4033 hastati
2049 3976 2252 4050 atque
2314 3963 2565 4032 scutati

89 4046 259 4129 lnstar
303 4048 574 4120 militiae
621 4051 931 4122 coelestis
970 4074 1042 4121 se
1090 4053 1508 4134 obtulerunt,
1563 3988 1868 4123 dicentes
1924 4052 2171 4121 missos
2221 4073 2291 4120 se
2347 4074 2385 4119 a
2438 4056 2565 4120 Do-

29 4199 32 4202 ,
92 4135 256 4205 ¹¹11ss0,
287 4146 356 4201 ut
399 4139 721 4209 rusticam
766 4141 1278 4210 multitudinem
1309 4142 1648 4242 fugarent,
1683 4141 2243 4232 praesidiumque
2276 4139 2565 4209 Martino

95 4200 313 4296 ferrent,
365 4245 443 4295 ne
488 4228 686 4313 quis,
740 4229 903 4299 dum
961 4230 1288 4318 templum
1342 4230 1775 4310 dirueretur,
1848 4229 2227 4300 obsisteret.
2291 4228 2566 4298 Rediret

95 4310 236 4384 ergo,
267 4322 322 4376 et
354 4335 520 4402 opus
555 4330 866 4406 coeptum
919 4319 1201 4388 devotus
1250 4319 1586 4407 impleret.
1640 4325 1738 4388 Ita
1789 4339 2142 4408 regressus
2182 4319 2265 4387 ad
2305 4319 2557 4399 vicum,

103 4399 500 4474 spectantibus
549 4405 907 4495 gentilium
963 4407 1204 4488 turbis,
1267 4420 1331 4477 et
1389 4408 1927 4494 quiescentibus,
1981 4405 2148 4475 dum
2206 4407 2561 4498 profanam

2742 4461 2797 4504 s*
