2993 4837
66 271 220 336 NOV.
273 272 354 335 28
739 289 818 334 na
866 288 919 334 s.
976 286 1299 334 errnAso
1346 286 1616 333 sumone
1663 288 1855 334 MART.
2366 272 2487 336 ’711

65 387 304 463 ternpus
350 394 628 462 operam
672 371 979 452 dederat,
1013 371 1380 441 initiatoris
1415 371 1593 440 sacri
1644 393 1929 441 munere
1958 371 2419 463 fungebatur3
2463 375 2587 461 qui

61 485 195 532 cum
238 461 457 532 tribus
505 460 921 530 mulieribus
969 461 1509 550 flagitiosissime
1557 481 1705 529 sese
1752 462 2304 541 contaminarat,
2380 462 2583 531 scele-

59 564 216 619 ratos
251 551 606 640 pontifices
640 551 1067 619 instituebat:
1102 551 1194 618 ita
1218 563 1294 618 ut
1323 548 1495 617 illud
1523 550 1914 637 Scripturae
1940 572 2175 620 sacrae
2211 550 2322 618 hic
2355 549 2582 621 locum

58 640 332 720 haberet,
392 642 625 723 Qualis
671 643 988 730 populna,
1048 641 1210 708 talis
1256 639 1565 707 sacerdos
1614 644 1777 720 (Isa.
1830 638 2033 726 mv).

129 731 161 814 ξ
204 731 339 801 u.
398 734 563 797 Cum
606 728 832 814 itaque
879 727 965 796 ad
1018 729 1204 797 hunc
1244 728 1528 796 modum
1579 727 1998 796 obscoenum
2053 728 2235 797 istud
2285 750 2410 818 par
2449 729 2591 798 coi-

58 816 216 896 isset,
270 830 473 903 atque
521 820 817 906 AttagaS,
873 830 949 885 ut
997 815 1204 906 vulgo
1252 815 1390 884 dici
1439 816 1817 896 consuevit,
1873 818 2211 886 Numenio
2268 838 2417 886 sese
2467 817 2590 885 ad-

54 906 371 990 junxisset
403 961 417 980 ,
478 905 737 974 litterae
791 905 875 973 ad
912 926 1152 974 omnes
1187 906 1394 974 urbes
1442 927 1522 973 ac
1574 904 1988 993 provincias,
2058 906 2586 982 commeabant,

58 994 287 1079 quibus
317 995 633 1083 Episcopi
667 993 749 1062 ad
783 992 1210 1082 imperialem
1247 995 1488 1063 urbem
1520 993 1877 1063 confestim
1912 996 2466 1064 accersebantur.
2509 995 2588 1064 Id

62 1096 261 1151 autem
301 1105 377 1151 eo
438 1083 664 1154 fiebat.
723 1095 799 1151 ut
857 1082 1233 1151 Concilium
1272 1083 1305 1116 ²*
1366 1082 1697 1152 adversus
1759 1083 2185 1151 venerandas
2237 1083 2584 1173 Imagines

64 1183 413 1262 cogeretur.
470 1176 754 1240 Cernere
805 1171 1015 1260 igitur
1062 1184 1206 1240 erat
1259 1170 1726 1240 audacissima
1788 1170 1905 1239 illa
1967 1171 2322 1250 facinora,
2378 1185 2585 1258 atque

66 1259 452 1350 impietatem
497 1281 773 1329 omnem
804 1259 1218 1340 excedentia,
1273 1282 1449 1346 quae
1498 1260 1646 1330 sine
1685 1259 1828 1329 ullo
1882 1274 2066 1329 metu
2095 1261 2583 1350 perpetraban-

65 1361 177 1416 tur.
225 1354 388 1417 Nam
424 1362 487 1418 et
523 1362 957 1417 sacrosancta
1009 1371 1169 1417 vasa
1200 1349 1286 1417 ob
1338 1347 1883 1418 venerandarum
1937 1350 2328 1439 Imaginum
2364 1351 2583 1438 pictu-

67 1458 159 1504 ras
186 1438 471 1526 pedibus
502 1437 1009 1518 obterebantur,
1051 1449 1115 1506 et
1156 1437 1568 1527 templorum
1601 1438 1806 1506 decor
1838 1460 1917 1506 ac
1951 1438 2347 1526 pulcritudo
2374 1461 2582 1524 quam

66 1546 386 1594 sacrarum
458 1527 852 1616 Imaginum
906 1531 1210 1613 picturae
1274 1528 1683 1617 pariebant,
1757 1527 2000 1615 partim
2068 1526 2527 1597 abradebatur
2565 1583 2579 1608 ,

66 1615 283 1712 partim
336 1615 541 1684 etiam
609 1614 794 1684 calce
857 1615 1278 1684 illinebatur.
1340 1615 1602 1684 Etenim
1669 1616 1788 1684 ubi
1863 1615 2108 1684 Christi
2172 1628 2291 1685 aut
2353 1616 2585 1685 Matris

64 1701 249 1784 nlius,
280 1716 397 1773 aut
438 1709 843 1773 Sanctorum
877 1706 1102 1793 imago
1128 1717 1272 1772 erat
1311 1704 1411 1772 vel
1444 1705 1511 1771 in
1549 1705 1774 1792 ignem
1820 1704 2340 1791 conjiciebatur,
2379 1705 2479 1774 vel
2513 1706 2580 1773 in

64 1791 377 1878 pulverem
453 1792 939 1883 redigebatur,
996 1792 1097 1860 vel
1148 1794 1350 1861 etiam
1403 1793 1665 1862 albario
1713 1814 1916 1881 opere
1965 1793 2449 1862 inducebatur.
2505 1799 2582 1862 Αι

64 1880 165 1947 ubi
209 1881 565 1963 arborum,
590 1896 708 1950 aut
746 1883 1001 1961 avium,
1057 1894 1174 1950 aut
1210 1881 1583 1951 bestiarum
1636 1881 1919 1970 effigieS,
1965 1893 2083 1950 aut
2121 1883 2323 1951 etiam
2355 1884 2583 1952 circus

66 1989 129 2036 ac
170 1970 555 2040 venationes
604 1971 824 2058 pictae
883 1983 1099 2049 erant,
1160 1970 1267 2038 his
1320 1971 1646 2038 nimirum
1704 1970 2112 2058 parcebatur
2158 1994 2238 2040 ac
2311 1993 2586 2040 summa

67 2079 207 2126 cura
252 2059 822 2148 prospiciebatur.
878 2060 1209 2140 Quocirca
1254 2058 1555 2126 Ecclesia
1594 2070 1728 2127 tota
1765 2080 1842 2127 eo
1876 2072 2146 2139 ornatu,
2188 2081 2392 2145 quem
2448 2060 2578 2148 ipsi

70 2165 265 2216 sacrae
301 2148 648 2236 Imagines
698 2148 1093 2226 afferebant,
1136 2146 1585 2234 spoliabatur,
1627 2170 1705 2216 ac
1748 2161 2098 2235 tamquam
2143 2170 2396 2237 sponsa
2423 2170 2586 2216 con-

70 2232 201 2323 juge
242 2237 505 2315 orbata,
546 2249 801 2305 moesta
835 2249 899 2304 et
934 2235 1247 2321 squalida
1299 2249 1502 2322 atque
1538 2236 1885 2326 incompta
1933 2238 2362 2306 cernebatur.
2417 2237 2585 2319 Quis

76 2335 260 2392 autem
312 2324 509 2394 illius
574 2326 901 2414 temporis
949 2324 1406 2403 calamitatem
1469 2325 1635 2393 satis
1684 2325 1891 2414 digne
1940 2325 2296 2413 deplorare
2334 2330 2586 2412 queat?

74 2414 225 2491 Quae
271 2414 514 2505 lingua
573 2437 675 2496 ea,
729 2436 904 2501 quae
972 2428 1357 2504 perpetrata
1418 2428 1604 2493 sunt,
1661 2413 1805 2483 ulla
1869 2415 2174 2484 oratione
2221 2414 2585 2505 complecti

69 2504 295 2587 possit?

136 2592 167 2675 ἓ
207 2598 343 2664 15.
398 2590 494 2660 Ad
548 2590 734 2660 hunc
785 2591 997 2691 igitur
1046 2591 1326 2659 modum
1379 2591 1680 2661 Ecclesia
1726 2591 2112 2671 laborante,
2168 2615 2246 2661 ac
2277 2591 2451 2661 male
2484 2594 2584 2661 af-

63 2674 255 2759 fecta,
317 2680 592 2768 piorum
646 2679 1015 2749 multitudo
1066 2680 1130 2747 in
1207 2702 1478 2748 summa
1533 2681 1801 2750 consilii
1857 2681 2084 2769 inopia
2151 2694 2214 2750 et
2278 2702 2584 2751 moerore

64 2770 473 2838 versabatur:
529 2791 608 2837 ac
658 2769 1096 2856 potissimum
1141 2791 1414 2838 sacrum
1473 2770 1967 2839 monachorum
2020 2792 2294 2856 agmen,
2351 2784 2585 2858 utpote

63 2857 217 2939 quod
275 2857 722 2927 orthodoxam
774 2859 979 2925 fidem
1018 2857 1276 2925 arctius
1323 2858 1874 2947 amplecteretur.
1915 2863 2174 2944 Itaque,
2232 2872 2584 2945 tamquam

63 2962 127 3010 ex
169 2960 518 3037 compacto
549 3001 563 3027 ,
619 2960 762 3014 tum
828 2947 1148 3035 Byzantio
1180 3000 1194 3025 ,
1263 2959 1406 3014 tum
1460 2946 1745 3032 reliquis
1794 2952 2101 3035 Europae
2150 2948 2446 3018 urbibus
2505 2970 2585 3018 ac

64 3032 395 3122 Bithyniae
444 3034 897 3115 excedentes,
936 3034 1018 3102 ad
1073 3035 1572 3103 Auxentianum
1630 3049 1925 3104 montem
1978 3057 2049 3103 se
2098 3036 2578 3105 contulerunt:

62 3141 127 3188 ac
154 3121 417 3194 beatum
459 3124 879 3213 Stephanum
924 3123 1279 3202 adeunteS‚
1317 3125 1405 3192 ab
1435 3146 1513 3191 eo
1558 3125 1895 3212 petebant,
1953 3138 2026 3192 ut
2055 3124 2297 3193 ducem
2334 3148 2406 3194 se
2447 3125 2584 3194 illis

62 3212 412 3295 praeberet,
458 3234 709 3298 eosque
748 3212 1037 3281 consilio
1085 3212 1377 3301 juvaret.
1435 3235 1470 3278 «
1507 3215 1830 3299 Loquere,
1886 3213 2312 3298 inquiebant,
2372 3235 2410 3282 o
2461 3218 2585 3283 Pa-

62 3307 165 3377 ter,
201 3302 255 3368 si
296 3303 454 3388 quis
486 3302 557 3369 in
594 3314 655 3370 te
688 3301 1178 3372 consolationis
1213 3322 1437 3369 sermo
1471 3314 1615 3381 est;
1674 3313 2068 3388 mentesque
2108 3301 2366 3391 ingenti
2405 3323 2583 3371 moe-

62 3386 222 3455 stitia
260 3411 625 3479 oppressas
657 3391 1032 3459 cohortare.
1089 3390 1520 3460 Titubantem
1566 3391 1877 3459 animum
1931 3389 2123 3475 fulci;
2163 3413 2247 3460 ne
2281 3391 2585 3460 humano

62 3487 229 3545 metu
260 3478 726 3558 labefactatuS‚
771 3479 856 3547 de
888 3480 1036 3568 ipso
1086 3479 1331 3548 salutis
1380 3480 1602 3566 capite
1654 3479 2092 3569 periclitetur,
2138 3501 2216 3549 ac
2266 3480 2581 3569 pietatem

62 3563 369 3647 prodat.»
422 3567 542 3636 Ille
575 3580 799 3636 autem
838 3589 952 3636 eos
989 3567 1250 3636 lubenti
1294 3568 1529 3636 animo
1560 3569 1972 3653 suscipiens,
2027 3582 2230 3654 atque
2268 3570 2588 3639 charitati

60 3669 564 3747 consentaneam
598 3655 1011 3724 hilaritatem
1055 3678 1212 3744 prae
1245 3679 1315 3725 se
1349 3656 1614 3742 ferens3
1652 3680 1686 3721 «
1721 3657 1924 3735 Nihil,
1970 3657 2214 3743 inquit,
2254 3681 2292 3727 o
2327 3664 2580 3737 PatreS,

61 3738 218 3810 mhil
271 3744 548 3831 inquam
588 3798 603 3823 ,
660 3760 954 3814 mentem
1010 3747 1325 3834 pietatem
1380 3746 1557 3814 aerio
1607 3745 1828 3815 colere
1876 3747 2265 3835 cupientem
2328 3748 2588 3815 viribus

61 3831 406 3902 antecellit.
460 3838 693 3919 ltaque
741 3833 1052 3903 futurum
1104 3835 1400 3914 confido,
1457 3847 1532 3903 ut
1569 3856 1686 3923 per
1727 3835 1975 3904 Christi
2026 3834 2313 3921 gratiam
2369 3848 2590 3905 vestra

61 3934 312 4004 quoque
344 3922 703 4001 sententia,
761 3924 1029 4012 pietatis
1079 3923 1528 3992 fundamento
1566 3924 1720 3991 nixa
1752 3937 1815 3992 et
1849 3922 2170 4003 stabilita,
2211 3923 2590 3992 immobilis

61 4022 314 4090 perstet,
372 4032 495 4079 nec
547 4011 844 4080 hostium
898 4012 1160 4099 impetu
1211 4012 1592 4102 frangatur.
1648 4013 1747 4081 Ob
1803 4033 2092 4097 eamque
2139 4033 2419 4081 causam
2473 4033 2590 4079 vos

65 4096 274 4178 potius
321 4120 437 4168 oro
472 4111 674 4185 atque
722 4101 1028 4180 obsecr0‚
1084 4112 1159 4169 ut
1208 4122 1317 4168 me
1350 4100 1639 4169 consilio
1681 4100 2199 4188 vestrojuvetis,
2245 4100 2590 4168 animum-

65 4200 184 4278 que
228 4208 454 4256 meum
488 4187 824 4257 dolentem
874 4189 1209 4258 recreetis.
1268 4194 1431 4257 Nam
1471 4191 1618 4278 ipse
1657 4211 1952 4274 quoque,
1984 4202 2059 4258 ut
2094 4188 2396 4263 cernitis,
2436 4207 2589 4273 gra-

68 4273 325 4345 v1ssimo
376 4297 679 4345 moerore
713 4281 986 4367 u‘rgeor.
1047 4276 1443 4345 Defecerant
1479 4276 1661 4346 oculi
1716 4280 1871 4356 mei,
1917 4289 1991 4344 ut
2038 4299 2197 4345 cum
2234 4274 2591 4361 Scriptura

115 4395 136 4420 ¹⁸
162 4396 254 4437 Hoc
281 4402 727 4450 pecude-concilium,
747 4413 865 4442 anno
888 4404 976 4448 754,
994 4400 1083 4441 fuit
1108 4401 1469 4451 congregatum:
1491 4412 1571 4441 sex
1591 4411 1707 4442 vero
1725 4410 1914 4442 menaea
1934 4401 2226 4448 perduravit.
