2993 4837
36 329 181 396 NOV.
236 329 315 394 ⁴9
518 345 600 394 nc
650 349 705 396 s.
758 348 1125 405 tustinum,
1180 347 1363 395 iii-:ms
1410 347 1776 395 mmmmm
1822 347 1991 394 ritu
2313 329 2432 394 601

38 442 469 522 praeputare.»
504 432 757 501 Erectis
784 454 905 522 per
935 433 1102 503 haec
1135 433 1338 502 verba
1375 432 1904 521 pedisequarum
1941 431 2220 511 animiS,
2253 433 2530 521 Episco-

40 542 139 610 pus
167 542 435 606 quoque
465 520 697 591 divino
729 533 952 592 tactus
1001 522 1333 592 instinctu
1365 534 1487 602 est,
1533 543 2041 610 persuasusque
2071 534 2147 591 ut
2189 522 2534 621 proposito

36 632 91 677 su
135 609 488 689 ersederet,
536 610 767 680 missis
813 622 1121 681 actutum
1167 610 1466 689 nunciiS,
1519 610 1638 695 qui
1696 610 1831 679 alio
1892 609 2263 679 concedere
2297 631 2531 695 Jussas

32 720 81 765 re
127 709 417 767 ucerent.
455 702 716 767 Interea
765 700 1092 788 temporis
1131 698 1433 768 defuncti
1480 699 1816 788 principis
1846 699 2107 768 levatur
2138 721 2173 766 e
2208 698 2528 787 sepulcro

32 786 299 867 cadaver,
342 787 733 873 nudataque
778 786 1183 856 elixantium
1236 786 1462 857 studio
1510 788 2062 877 putrescentibus
2103 810 2258 857 ossa
2306 787 2532 856 carni·

32 874 150 955 bus,
199 898 275 944 ac
313 875 638 945 scriniolo
686 874 963 955 clausa,
1029 876 1094 944 in
1145 876 1547 966 Turingiam
1613 877 2089 956 advehuntur,
2147 876 2392 945 amicis
2451 898 2532 944 ac

31 962 447 1034 familiaribus
493 965 577 1033 ad
632 986 712 1033 eo
763 976 1139 1034 reverenter
1190 965 1540 1046 insecutiS,
1577 977 1652 1033 ut
1702 964 2128 1051 ubicumque
2193 986 2323 1034 nox
2372 964 2532 1033 illos

31 1053 172 1120 inter
216 1054 387 1122 viam
440 1053 815 1123 subsistere
867 1055 985 1122 coe
1042 1053 1222 1133 isset,
1270 1055 1547 1123 ossibus
1598 1054 1662 1121 in
1725 1052 1980 1141 templo
2033 1052 2408 1132 collocatis,
2465 1066 2531 1121 et

31 1140 258 1227 vigilias
287 1143 424 1232 agi,
461 1155 526 1210 et
558 1142 831 1210 divinas
865 1141 980 1211 lau
1032 1164 1103 1211 es
1132 1142 1463 1211 celebrari
1517 1142 2054 1232 procuraverint,
2094 1140 2534 1231 singulisque

34 1226 174 1297 fanis
219 1231 430 1317 princi
489 1229 719 1301 alibus
755 1231 1125 1320 pretiosum
1166 1233 1572 1319 peristroma
1622 1254 1743 1331 pro
1783 1230 2085 1300 defuncti
2140 1230 2372 1317 requie
2407 1230 2530 1298 do-

36 1318 319 1387 naverint.
379 1319 432 1387 Il
468 1320 597 1389 atis
648 1319 921 1389 tandem
978 1319 1255 1388 ossibus
1308 1325 1743 1398 Francontae,
1783 1341 1862 1388 ac
1914 1319 2353 1407 Babenbergo
2402 1341 2529 1407 ap-

38 1407 640 1494 propinquantibuS,
690 1414 737 1476 E
794 1408 1071 1497 iscopus
1120 1408 1444 1497 adjuncto
1494 1409 1628 1476 sibi
1671 1408 1874 1488 clero,
1907 1409 2177 1477 obviam
2234 1408 2526 1478 solemni

38 1514 243 1647 pompa
274 1496 618 1585 prodienS,
660 1431 1010 1566 nobilibus
1043 1496 1303 1583 aliquot
1341 1496 1427 1565 ad
1478 1518 1550 1566 se
1601 1498 1872 1578 vocatis,
1910 1497 2109 1585 jubet
2144 1497 2255 1565 Dei
2307 1495 2529 1564 samu-

55 1603 140 1648 am
174 1586 411 1671 pariter
459 1600 931 1655 occurrentem
984 1587 1333 1671 utrimque
1380 1585 1655 1675 stipent,
1705 1608 1781 1654 ac
1820 1608 1900 1654 ne
1941 1585 2193 1655 animis
2224 1584 2522 1666 deficiat,

41 1672 449 1743 :onsolentun
503 1675 793 1761 Jamque
840 1675 971 1743 sub
1011 1674 1231 1743 oculis
1270 1673 1623 1754 collocato,
1674 1674 2138 1763 patefactoque
2173 1670 2523 1754 scriniolQ

42 1758 351 1843 Elisabeth,
382 1764 772 1850 conspectis
815 1763 1035 1833 mariti
1075 1762 1407 1848 reliquiiS,
1457 1762 1615 1831 licet
1664 1785 1783 1850 pro
1814 1764 2062 1832 affectu
2107 1762 2325 1832 dolori
2362 1784 2529 1831 con-

43 1846 259 1929 cedens,
302 1850 645 1941 lacrymas
685 1864 908 1920 tenere
960 1852 1249 1920 minime
1293 1851 1609 1940 potuerit,
1647 1851 2071 1921 immortales
2123 1864 2346 1920 tamen
2399 1857 2530 1921 Deo

43 1936 247 2034 gratias
279 1942 436 2030 egit,
481 1939 664 2026 quod
714 1962 919 2026 quem
971 1942 1407 2028 superstitem
1447 1962 1567 2028 pro
1619 1953 1767 2009 voto
1809 1939 2073 2008 diutius
2115 1939 2365 2008 habere
2419 1961 2530 2008 ne-

45 2027 301 2106 quiverit,
360 2028 603 2097 saltem
663 2050 980 2119 peregre,
1038 2042 1101 2097 et
1153 2028 1217 2097 in
1275 2029 1386 2097 Dei
1444 2051 1647 2117 opere
1697 2028 2054 2108 defuncti,
2111 2027 2326 2096 valeat
2373 2050 2529 2096 ossa

47 2117 320 2195 contueri,
360 2130 640 2206 tangere
671 2129 874 2205 atque
923 2117 1309 2207 complecti.
1352 2122 1522 2190 Mox,
1560 2117 1830 2197 deinde,
1868 2128 2137 2204 captato
2172 2117 2529 2186 secretiore

47 2199 364 2288 colloquio,
428 2206 782 2277 nobilibus
835 2206 1039 2286 viris,
1093 2206 1212 2292 qui
1262 2229 1301 2275 a
1366 2206 1598 2275 Sicilia
1650 2229 1785 2275 una
1863 2227 2020 2274 cum
2071 2205 2346 2274 ossibus
2404 2204 2527 2272 ad-

54 2306 330 2375 venerant,
372 2294 840 2364 miserandam
875 2316 1039 2363 suae
1072 2294 1483 2363 calamitatis
1537 2294 1956 2384 tragoediam
1997 2294 2333 2382 exposuit,
2371 2293 2524 2360 ani-

54 2393 273 2465 mosque
300 2404 539 2454 eorum
598 2406 715 2472 pro
751 2383 1157 2473 indignitate
1201 2396 1336 2453 tam
1390 2384 1682 2474 insignis
1718 2384 2013 2472 injuriae
2050 2383 2140 2452 ita
2191 2380 2521 2464 incendit,

50 2473 106 2530 ul
133 2483 252 2552 post
292 2486 640 2562 acceptam
688 2473 965 2561 publica
1006 2473 1140 2541 fide
1183 2473 1679 2561 injunctionem
1731 2472 2056 2541 antistitis
2106 2472 2190 2541 de
2243 2493 2526 2559 recupe-

48 2554 215 2650 randa
254 2558 422 2642 dote,
472 2574 624 2650 post
658 2561 942 2630 humata
978 2561 1012 2595 ²*
1057 2562 1438 2631 Christiano
1473 2564 1607 2633 ritu
1646 2562 1979 2650 principis
2027 2582 2205 2641 ossa,
2260 2574 2324 2629 et
2375 2581 2527 2629 exe-

47 2657 198 2740 quias
245 2645 508 2719 funebri
563 2671 812 2738 pompa
870 2649 1268 2730 celebrataS,
1323 2673 1456 2720 non
1511 2650 1926 2729 distulerint,
1967 2648 2524 2718 commendatam

48 2725 161 2828 fidei
191 2756 340 2805 suae
375 2738 711 2808 illustrem
766 2737 1066 2819 viduam,
1106 2739 1193 2806 ab
1242 2739 1542 2824 acceptis
1585 2740 1860 2826 injuriis
1902 2740 1969 2805 in
2014 2739 2374 2826 pristinam
2419 2737 2528 2805 di-

46 2831 310 2901 gnitatem
343 2826 696 2904 asserturi,
732 2828 1107 2895 Henricum
1143 2827 1751 2897 adolescentiorem
1791 2827 2200 2916 principem,
2227 2827 2348 2914 qui
2380 2838 2524 2896 tum

47 2921 223 2978 rerum
260 2915 658 3000 potiebatur,
697 2916 1084 2985 convenire.

108 2996 288 3148 ῗίῖ.
340 3008 551 3072 Fuere
600 3015 827 3073 autem
879 3027 956 3073 ex
1009 3004 1114 3072 his
1163 3004 1287 3073 viri
1342 3003 1870 3092 praestantioees
1921 3001 2351 3092 Rodolphus,
2403 3007 2528 3072 Lu-

45 3075 104 3147 do
132 3084 308 3171 phus,
342 3096 745 3182 Hartungus
782 3104 846 3160 et
894 3093 1279 3161 GualteruS.
1335 3098 1640 3175 Quorum
1688 3091 2115 3180 Rodolphus‚
2157 3093 2259 3159 vir
2310 3092 2529 3161 multa

45 3165 143 3238 fide
183 3188 239 3244 et
284 3182 665 3250 constantia
716 3180 1088 3269 praeditus,
1132 3181 1219 3249 ita
1269 3203 1551 3250 exorsus
1600 3193 1699 3249 est
1749 3181 2019 3249 dicere:
2082 3202 2117 3244 «
2171 3184 2523 3261 Quaenam

44 3269 112 3324 est
152 3260 311 3335 sama
346 3268 429 3337 de
477 3283 562 3350 te,
622 3269 940 3358 princeps
979 3269 1250 3359 inclyte,
1301 3283 1435 3338 tam
1481 3269 1783 3347 sinistra,
1839 3290 2015 3354 quae
2062 3267 2235 3336 tristi
2272 3268 2526 3337 nuncio

44 3363 206 3450 aures·
243 3369 499 3428 nostras
535 3357 884 3447 implevit?
918 3363 1091 3426 Tene
1142 3358 1320 3427 hanc
1353 3358 1543 3427 fratri
1577 3358 1865 3458 gratiam
1921 3355 2262 3436 retulisse,
2300 3368 2376 3425 ut
2409 3356 2527 3424 de-

44 3428 211 3533 functi
252 3459 313 3512 et
357 3468 634 3515 uxorem
678 3459 743 3516 et
794 3445 1043 3516 liberos
1079 3446 1369 3517 fortunis
1418 3448 1745 3516 omnibus
1791 3447 1971 3525 exui,
2028 3445 2320 3514 aedibus
2373 3466 2527 3533 pro-

45 3537 172 3605 prus
201 3531 399 3632 exigi,
460 3535 882 3605 mendicitati
932 3535 1228 3621 denique
1281 3535 1596 3624 publicae
1628 3535 1875 3625 exponi
1931 3534 2029 3603 vel
2059 3534 2383 3620 jusseriS,
2426 3532 2523 3601 vel
2561 3557 2596 3566 ·‘

43 3626 430 3693 permiseris?
478 3626 528 3692 Ο
580 3637 639 3692 te
683 3624 1035 3704 miserum,
1076 3646 1153 3691 ac
1201 3625 1404 3693 totius
1454 3624 1726 3712 generis
1769 3624 1865 3693 tui
1917 3623 2243 3712 lacrymis
2292 3621 2527 3711 deplo-

43 3701 309 3803 ¹'afldu-m,
346 3711 463 3796 qui
515 3711 612 3781 vel
665 3711 892 3781 furore
930 3712 1229 3801 proprio,
1288 3711 1386 3779 vel
1444 3712 1776 3781 instinctu
1825 3709 2050 3780 alieno
2102 3723 2366 3780 tantum
2404 3711 2526 3778 ad-

46 3801 263 3892 miseris
308 3796 594 3881 facinus,
653 3801 837 3887 quod
892 3800 1036 3881 tibi,
1099 3800 1325 3888 quoad
1389 3801 1608 3880 vives,
1667 3800 1995 3889 scrupulo
2051 3801 2137 3870 sit
2183 3798 2520 3868 futurum.

45 3869 354 3976 hatte-jam
405 3886 705 3969 honoris,
771 3889 1014 3970 famae,
1130 3890 1350 3960 ietatis
1425 3890 1753 3958 rationem
1821 3889 2221 3958 adolescens
2274 3888 2527 3957 habere

44 3973 266 4054 Incipis,
316 3985 386 4041 ut
432 3978 619 4045 senio
672 3989 787 4046 tuo
843 3912 1225 4046 timendbm
1280 3978 1523 4066 magis,
1563 4000 1775 4063 quam
1834 3976 2324 4048 confidendum
2377 3998 2527 4047 esse

47 4045 327 4149 videatur?
365 4064 536 4143 Quid
586 4066 771 4133 enim
826 4087 945 4154 per
995 4064 1450 4134 immortalem
1507 4072 1717 4134 Deum
1767 4087 2044 4154 peccare
2094 4066 2160 4134 in
2197 4078 2260 4133 te
2310 4067 2528 4154 potuit

49 4136 267 4240 'nulless
318 4151 498 4235 pacis
545 4174 623 4220 ac
674 4153 946 4243 pietatis
998 4154 1246 4243 plena,
1311 4154 1515 4241 cujus
1580 4154 1702 4224 tibi
1763 4175 1998 4243 preces
2050 4153 2264 4222 multo
2314 4174 2522 4239 quam

49 4219 225 4296 Croes1
265 4255 441 4321 opes,
484 4240 637 4327 plus
686 4256 850 4312 sunt
898 4243 1263 4312 collatutae
1297 4241 1565 4323 salutiS,
1605 4254 1948 4313 utcontra
1977 4263 2250 4310 omnem
2296 4242 2527 4328 aequi-

52 4314 234 4397 tatem,
267 4339 624 4414 contraque
675 4332 885 4402 totius
924 4333 1086 4420 jura
1140 4344 1444 4411 naturae,
1486 4331 1900 4401 immeritam
1953 4331 2159 4401 domo
2210 4329 2518 4420 pelleres,

92 4431 111 4457 ⁹
133 4435 179 4480 tu
199 4442 304 4500 iol-,eff
329 4450 401 4500 qni
431 4453 603 4497 motum
638 4457 1048 4501 annac-nimum.
