2993 4837
487 266 617 329 198
1243 284 1318 329 nn
1365 283 1419 329 s.
1474 282 1714 330 emoto
1765 283 2092 330 nonnonno
2587 324 2590 327 ,
2656 265 2811 329 NOV.
2855 266 2884 330 l

1372 478 1609 543 LIBER
1661 477 1966 543 SEXTUS

484 637 520 721 ἓ
567 640 716 707 5-1.
778 635 897 703 Sed
954 635 1062 703 hic
1114 634 1532 723 tangendum
1584 647 1739 704 ante
1788 634 1920 702 alia
1955 634 2039 704 de
2079 651 2278 703 ancta
2331 598 2749 702 {vehementer
2774 635 2898 722 ejus

398 723 571 792 vitae
603 723 892 802 duritie;
945 724 1064 810 qui
1114 728 1322 793 Roma
1358 745 1515 791 cnm
1560 738 1900 812 postremo
1952 724 2282 803 rediisset,
2330 722 2413 791 ad
2452 744 2662 809 aquae
2697 745 2896 795 usum.

396 812 633 881 relicto
682 815 955 901 penitus
1008 812 1187 892 vino,
1235 813 1552 882 devenire
1589 812 1966 892 constituit,
2023 811 2230 899 idque
2265 811 2518 881 multos
2539 812 2680 899 jam
2712 833 2902 879 annos

398 900 727 990 paulatim
769 901 1198 970 moliebatur.
1251 901 1416 987 Ejus
1465 902 1558 969 rei
1596 915 1866 989 tempus
1894 900 2271 991 erysipelas
2299 900 2567 980 obtulit,
2608 912 2671 968 et
2697 898 2900 977 febris,

392 1012 527 1077 qua
564 1002 712 1089 post
745 988 1036 1059 reditum
1083 989 1458 1069 laboravit,
1515 991 1605 1058 ita
1655 1003 1729 1057 ut
1769 991 1925 1059 vino
1970 989 2364 1079 complures
2410 988 2557 1059 dies
2596 988 2904 1059 abstinere

395 1077 821 1147 medicorum
876 1077 1219 1148 voluntate
1271 1100 1545 1147 necesse
1597 1092 1819 1158 esset;
1889 1099 1968 1147 eo
2015 1079 2198 1147 enim
2248 1078 2449 1165 quasi
2510 1078 2702 1147 aditu
2750 1090 2908 1166 pate·

394 1166 592 1245 sacto,
651 1167 983 1256 integram
1038 1168 1105 1236 in
1155 1189 1234 1236 eo
1273 1189 1520 1256 genere
1583 1167 2067 1237 abstinentiam
2122 1168 2475 1257 ingressus
2527 1181 2669 1241 est:
2725 1186 2908 1251 neque

392 1277 473 1325 ea
520 1269 905 1335 contentuS‚
959 1256 1135 1325 duos
1176 1255 1645 1325 hebdomadae
1693 1256 2062 1345 cujuslibet
2094 1255 2241 1324 dies
2273 1257 2650 1335 constituit,
2688 1254 2908 1341 quibus

395 1366 573 1434 pane
623 1359 882 1414 tantum
916 1397 935 1424 ‚
990 1358 1055 1413 et
1113 1366 1293 1431 aqua
1341 1358 1884 1414 sustentaretur:
1938 1366 2017 1414 ac
2077 1366 2208 1413 non
2256 1344 2470 1414 multo
2524 1357 2696 1433 post,
2751 1357 2902 1419 tres,

392 1455 566 1520 quas
613 1434 879 1520 antiqui
931 1432 1270 1522 legitimas
1318 1433 1522 1502 serias
1570 1434 1927 1503 dixerunt.
1982 1433 2218 1503 eodem
2275 1432 2474 1502 modo
2524 1434 2658 1501 sibi
2708 1432 2908 1501 tradu-

393 1521 648 1590 cendas
677 1521 1017 1600 decrevit;
1071 1522 1225 1591 item
1272 1522 1543 1591 sublato
1580 1523 1664 1591 de
1700 1521 1846 1591 loco
1880 1544 2004 1591 suo
2036 1523 2343 1590 consueti
2383 1521 2538 1590 lecti
2571 1535 2902 1611 apparatu.

395 1611 463 1678 in
506 1612 1076 1701 angustissimum
1129 1625 1604 1697 secretumque
1653 1612 1877 1681 locum
1929 1610 2230 1681 cubandi
2263 1615 2513 1697 caussa
2562 1632 2638 1680 se
2688 1609 2904 1687 retulit,

394 1699 580 1788 apud
642 1698 853 1767 alium
916 1698 1238 1779 similem,
1297 1700 1618 1789 precandi
1667 1702 1914 1768 caussa
1967 1701 2441 1777 constitutum,
2478 1720 2621 1786 quo
2683 1698 2908 1767 intimis

394 1798 658 1857 tantum
718 1787 948 1856 aditus
998 1804 1166 1856 erat.
1220 1788 1454 1857 Cubile
1515 1788 1639 1857 suit
1706 1787 1934 1877 paleae
1999 1811 2268 1866 saccus,
2327 1790 2393 1856 in
2463 1810 2603 1874 quo
2667 1787 2910 1856 vestitus

394 1898 552 1945 cum
587 1877 889 1966 jaceret,
935 1891 1164 1965 postea
1216 1877 1564 1946 Pontificis
1593 1878 1879 1951 monitu.
1923 1898 2125 1964 quem
2163 1877 2247 1946 de
2279 1878 2450 1945 vitae
2484 1899 2656 1946 suae
2691 1877 2907 1947 ratione

398 1971 652 2034 Romae
697 1965 1093 2044 consuluit,
1149 1965 1471 2035 detractis
1537 1966 1663 2035 sibi
1723 1966 2190 2039 vestimentis,
2258 1965 2483 2034 linteis
2532 1963 2908 2034 cannabinis

394 2077 567 2123 usus
598 2069 744 2124 est:
796 2076 972 2141 quae
1012 2076 1171 2123 cum
1224 2077 1406 2131 usu,
1463 2055 1937 2141 lavationeque
1996 2055 2358 2143 asperitate
2406 2076 2644 2124 carere
2705 2073 2912 2140 coepe-

396 2157 597 2223 rant,
657 2166 826 2213 nova
876 2142 1166 2230 jubebat
1225 2143 1560 2212 adhiberi.
1639 2149 1894 2213 Novum
1960 2158 2185 2213 autem
2252 2143 2665 2232 operimenti
2728 2160 2910 2232 genus

393 2253 604 2321 super
654 2232 823 2302 lecto
874 2232 1159 2309 habuit,
1213 2232 1515 2320 duplicis
1559 2232 1768 2320 panni
1823 2232 2054 2301 itidem
2117 2232 2535 2310 cannabini,
2599 2231 2788 2320 palea
2831 2230 2910 2296 in-

395 2322 711 2410 terposita
760 2321 1077 2398 consuti,
1129 2342 1266 2407 quo
1313 2321 1516 2390 etiam
1573 2321 1796 2390 hieme
1843 2321 2207 2390 utebatur:
2266 2322 2390 2389 hac
2434 2342 2642 2410 porro
2695 2318 2912 2408 asperi·

396 2424 527 2479 tate
568 2411 825 2489 audita,
886 2409 1081 2479 multi
1134 2410 1376 2489 amice,
1438 2409 2005 2498 vehementerque
2052 2433 2208 2479 cum
2260 2433 2340 2480 eo
2385 2425 2706 2500 egerunt.
2762 2427 2914 2478 nese

397 2511 746 2589 tantopere
803 2498 1154 2588 affligeret.
1225 2501 1650 2589 Augustinus
1718 2500 2095 2588 Episcopus
2163 2499 2565 2569 Veronensis
2642 2521 2761 2588 pro
2819 2515 2912 2566 sua

394 2610 671 2657 summo
723 2590 786 2655 in
838 2610 996 2656 euin
1048 2608 1280 2656 amore
1327 2610 1406 2657 ac
1466 2590 1730 2676 pietate,
1789 2610 1907 2677 per
1951 2587 2308 2677 epistolam
2360 2588 2421 2656 ei
2473 2587 2707 2656 fusius
2751 2609 2823 2656 eo
2853 2583 2914 2650 de

395 2698 643 2764 genere
693 2678 1018 2766 scriptam
1079 2698 1296 2763 aquae
1356 2692 1590 2766 potum
1659 2678 2113 2765 improbavit:
2167 2679 2279 2745 cui
2327 2678 2646 2746 Joannes
2696 2674 2912 2745 Paulus

396 2765 671 2835 Caimus
703 2787 782 2834 ex
823 2765 1001 2834 bono
1039 2765 1300 2835 medico
1345 2766 1719 2856 presbyter,
1767 2779 1833 2834 et
1863 2766 2242 2836 canonicus
2286 2765 2623 2834 ecclesiae
2668 2761 2910 2850 maj0ris

395 2852 639 2934 sactu5‚
706 2852 1098 2943 respondit,
1156 2855 1452 2923 rationes
1500 2855 1813 2933 afferens,
1860 2855 2118 2940 quibus
2155 2855 2357 2922 etiam
2420 2858 2698 2933 natura,
2754 2866 2912 2942 potus

397 2963 618 3028 aquae
658 2942 892 3012 Carolo
947 2941 1288 3012 videretur
1341 2945 1727 3012 convenire.
1766 2945 1860 3013 Ab
1899 2966 1980 3012 eo
2018 2943 2155 3012 fere
2209 2958 2508 3031 tempore
2538 2997 2555 3022 ,
2617 2944 2910 3032 majorem

396 3030 599 3099 etiam
651 3031 1118 3100 affabilitatem
1171 3033 1714 3118 suavitatemque
1761 3033 1954 3118 quasi
2011 3031 2342 3120 perfectae
2394 3033 2672 3100 virtutis
2731 3043 2912 3098 inatu-

397 3121 660 3188 ritatem
714 3120 1085 3207 quamdam
1136 3120 1498 3200 adhiben5‚
1531 3122 1817 3209 gratiam
1857 3142 2051 3188 suam
2090 3121 2278 3189 auxit
2310 3118 2595 3189 cumulo
2644 3141 2772 3188 non
2809 3137 2912 3185 me-

395 3208 639 3288 diocri,
679 3223 751 3278 ut
784 3210 1145 3299 plerosque
1186 3211 1440 3298 passim
1477 3210 1882 3280 audiremus
1915 3209 2408 3296 praedicante5‚
2456 3207 2518 3276 id
2560 3207 2744 3296 quod
2778 3217 2906 3276 erat:

394 3320 473 3367 eo
509 3298 676 3366 nihil
719 3299 1116 3377 humanius,
1169 3298 1335 3366 nibil
1379 3298 1659 3367 dulcius
1699 3298 1843 3366 fleri
1901 3319 2209 3388 posse...

487 3394 524 3467 ἓ
572 3393 723 3459 ὃὸ.
774 3394 917 3457 Duo
958 3386 1236 3456 Carolus
1293 3387 1587 3456 instituit
1645 3388 1886 3476 primis
1951 3388 2016 3454 in
2076 3388 2423 3474 sequentis
2477 3387 2644 3455 anni
2688 3402 2948 3454 ”minin¹

397 3475 755 3546 mensibus
801 3476 885 3545 ad
934 3474 1168 3566 populi
1211 3475 1318 3545 sui
1354 3475 1821 3566 disciplinam,
1873 3476 2302 3562 salutemque
2352 3474 2548 3545 valde
2576 3474 2795 3554 utilia,
2840 3471 2910 3539 si·

396 3564 604 3651 bique
642 3563 1017 3634 admodum
1068 3564 1431 3652 jucunda:
1489 3565 1711 3654 primo
1764 3564 2043 3651 quidem
2100 3564 2305 3634 festos
2346 3564 2491 3633 dies
2543 3566 2799 3654 integre
2829 3574 2908 3628 tu-

397 3666 577 3721 tatus
610 3667 735 3734 est,
784 3674 916 3721 non
954 3652 1178 3721 solum
1213 3675 1251 3721 a
1286 3652 1469 3723 ludis
1508 3653 1945 3740 equestribus
1976 3707 1990 3733 ,
2045 3653 2164 3721 sed
2199 3654 2401 3722 etiam
2435 3675 2472 3722 a
2512 3651 2831 3741 personiS,
2861 3658 2908 3712 et

398 3741 626 3818 larvis,
678 3741 861 3829 quod
904 3753 1102 3810 antea
1140 3741 1395 3811 factum
1454 3763 1589 3811 non
1633 3755 1826 3820 erat?
1874 3742 2061 3810 hunc
2117 3742 2387 3811 virtutis
2447 3759 2902 3831 progressum.

394 3852 570 3917 quae
596 3831 747 3910 fuit,
790 3852 921 3899 non
956 3830 1180 3900 dicam
1225 3831 1511 3920 populi,
1571 3832 1628 3900 is
1666 3833 1848 3900 enim
1888 3852 2160 3919 semper
2204 3831 2765 3919 obtemperasset,
2812 3820 2904 3892 sed

395 3921 789 4009 principum
833 3920 1038 3989 etiam
1076 3920 1376 3989 virorum
1421 3920 1851 3990 observantia
1884 3974 1898 3999 ‚
1936 3919 2136 3988 facile
2165 3933 2580 3990 consecutus
2608 3930 2739 3996 est,
2775 3931 2904 3983 cum

395 4030 599 4077 suum
637 4009 721 4078 de
754 4008 1167 4097 spectaculis
1199 4009 1498 4078 edictum
1534 4009 1617 4078 ad
1649 4008 1714 4078 id
1751 4026 1971 4099 genus
1997 4030 2272 4108 quoque
2304 4008 2642 4097 pertinere
2674 4017 2901 4102 tan-tum

395 4094 829 4168 declarasset.
874 4097 1124 4167 Deinde
1157 4119 1314 4166 cum
1359 4097 1442 4167 ad
1477 4111 1752 4168 sanctos
1783 4097 1938 4166 illos
1971 4097 2117 4166 dies
2145 4111 2422 4167 ventum
2452 4109 2648 4174 esset,
2686 4091 2903 4179 quibus

396 4185 823 4255 Eucharistia
855 4186 1232 4256 christiano
1261 4187 1512 4273 cuique
1544 4187 1897 4256 canonicis
1939 4186 2415 4256 sanctionibus
2450 4181 2769 4254 sumenda
2799 4189 2895 4271 est.

397 4274 766 4362 praecipua
815 4297 1006 4349 cura.
1051 4274 1546 4364 diligentiaque
1583 4276 1832 4363 inquiri
1878 4276 2088 4363 jussit
2125 4331 2139 4356 ‚
2194 4276 2311 4361 qui
2354 4274 2623 4362 publice
2658 4273 2721 4339 in
2749 4268 2900 4364 chtrtj

398 4361 690 4429 stianam
743 4360 1181 4450 disciplinam
1239 4378 1594 4451 peccarent
1627 4419 1641 4440 ,
1695 4378 1769 4433 ut
1817 4386 1932 4432 eos
1989 4363 2074 4432 ad
2118 4362 2620 4433 sacramentum
2670 4358 2891 4426 adnutu
