2993 4837
537 295 662 357 674
1134 309 1211 358 υε
1259 310 1314 354 s.
1359 308 1719 370 effluamus
1772 309 1940 356 viiic.
1991 310 2067 356 er
2115 308 2303 356 usar.
2643 292 2790 355 Not.
2825 294 2891 356 25

450 397 870 482 scripturam
948 391 1525 461 Christianorum?
1558 416 1593 458 »
1643 432 1730 440 —
1778 416 1812 457 «
1865 398 2255 478 Nunquam,
2319 393 2529 478 inquit
2573 393 2893 481 Porphyris).

445 484 563 569 qui
597 482 684 550 ab
737 482 1012 551 ineunte
1059 493 1274 550 aetate
1323 503 1596 570 semper
1630 481 1876 550 fuerim
1914 481 1982 549 in
2023 481 2198 551 bello
2246 497 2628 569 occupatus,
2673 495 2727 548 et
2766 504 2899 550 nun-

443 593 653 658 quam
702 591 941 640 curam
991 570 1293 638 converti
1332 569 1416 637 ad
1467 568 1626 638 alia.
1667 593 1702 636 »
1755 569 1881 639 llla
1924 591 2118 639 vero:
2151 596 2188 636 «
2220 576 2298 639 Et
2329 592 2675 656 quaenam,
2711 571 2898 657 inquit,

447 662 683 750 lingua
737 659 1030 727 narrarit
1069 660 1247 728 bona
1301 658 1415 748 illa
1462 658 1722 744 quibus
1769 658 2068 728 frueris?
2109 660 2283 727 Fieri
2329 661 2509 728 enim
2551 681 2672 726 non
2721 673 2901 747 potest.

442 761 518 819 ut
566 747 1060 835 complectatur
1105 747 1343 821 oratio.
1382 769 1561 832 quae
1594 748 1682 816 ab
1717 747 1832 815 illa
1883 747 2182 837 benigna
2229 748 2502 817 dextera
2546 763 2695 815 sunt
2734 762 2906 833 parata

444 838 529 906 iis
575 837 696 923 qui
747 836 979 925 ipsum
1021 834 1402 925 diligunt.»
1440 840 1718 924 Propter
1767 836 1931 906 haec
1966 836 2221 927 gaudio
2252 836 2547 926 repletus
2581 837 2905 924 Porphyrii),

443 926 591 1015 ipse
637 947 912 1012 quoque
942 924 1159 993 credit
1207 924 1471 993 Christo
1519 947 1678 993 cum
1729 924 2046 995 ducentis
2095 925 2470 995 militibus:
2521 937 2584 994 et
2631 948 2774 994 cum
2815 930 2910 992 lm·

446 1015 741 1103 peratrix
767 1027 830 1082 et
866 1013 996 1102 ipsi
1022 1013 1167 1082 vale
1206 1014 1540 1082 dixissent
1563 1014 1863 1102 Martyri,
1899 1029 1963 1084 et
1994 1015 2332 1084 cavissent
2359 1014 2494 1083 sibi
2517 1037 2555 1082 a
2580 1013 2909 1084 custodibus

447 1117 699 1173 secreta
744 1102 971 1171 sutura
1012 1125 1089 1170 ea
1136 1124 1312 1188 quae
1359 1103 1445 1170 ab
1480 1102 1652 1190 ipsis
1703 1101 1875 1172 facta
1926 1104 2217 1183 fuerant,
2278 1103 2504 1172 media
2546 1117 2724 1171 nocte
2777 1101 2910 1169 illinc

444 1192 918 1283 egrediuntur.
980 1191 1225 1261 Christi
1274 1203 1502 1259 autem
1549 1197 1800 1279 Martyr
1838 1193 2251 1271 Aecaterina,
2309 1192 2575 1263 habens
2621 1191 2907 1260 Dominum

448 1295 638 1370 patre
675 1281 894 1367 magis
944 1279 1377 1356 benevolum,
1428 1302 1748 1368 magnam
1791 1281 1878 1348 ab
1916 1304 1995 1350 eo
2029 1303 2268 1350 curam
2319 1281 2431 1350 sui
2465 1294 2567 1350 est
2593 1293 2905 1349 consecuta.

444 1371 625 1439 Totis
674 1369 857 1436 enim
910 1367 1048 1437 illis
1089 1367 1451 1437 duodecim
1489 1368 1760 1448 diebuS,
1803 1370 1867 1436 in
1911 1371 2170 1457 quibus
2213 1391 2364 1438 eam
2425 1369 2707 1438 habebat
2749 1383 2908 1437 custo-

444 1458 580 1538 dia,
640 1479 757 1546 per
802 1456 1195 1526 columbam
1236 1455 1642 1525 alimentum
1681 1458 2060 1547 accipiebat
2099 1482 2137 1528 a
2189 1459 2487 1547 superis.
2548 1458 2777 1527 Deinde
2817 1458 2908 1544 ipsi2

441 1568 714 1632 quoque
752 1545 1071 1634 egregius
1117 1547 1538 1634 Agonotlieta
1585 1546 1893 1616 Christus
1932 1569 2091 1616 cum
2148 1548 2232 1618 iis
2280 1569 2462 1633 quae
2521 1549 2697 1616 circa
2748 1547 2906 1635 ipsum

441 1649 657 1711 erant,
714 1635 930 1723 copiis
960 1648 1025 1702 et
1057 1633 1275 1724 gloria
1324 1658 1451 1703 sua
1500 1656 1865 1722 apparens,
1910 1637 2129 1725 magis
2185 1635 2785 1720 confirmavitejus
2829 1635 2908 1700 for·

446 1723 832 1802 titudinem,
877 1735 941 1791 et
970 1722 1274 1812 implevit
1304 1723 1621 1804 andacia,
1655 1722 1926 1794 dicens:
1961 1749 1997 1791 «
2026 1730 2117 1794 Ne
2164 1726 2572 1795 extimescas
2603 1748 2618 1790 ε
2651 1723 2906 1814 egoenim

440 1834 595 1882 sum
649 1825 898 1891 tecum;
941 1834 1064 1879 nec
1115 1825 1174 1881 te
1207 1812 1491 1901 attinget
1551 1826 1991 1893 tormentum;
2032 1814 2148 1882 sed
2206 1836 2365 1881 cum
2423 1837 2546 1902 per
2596 1828 2766 1883 tuam
2809 1811 2908 1879 tole

442 1901 733 1970 rantiam
770 1900 855 1969 ad
910 1922 1154 1969 nomen
1194 1922 1422 1970 meum
1469 1901 1722 1970 multos
1767 1901 2161 1983 adduxeriS‚
2218 1903 2477 1972 multas
2518 1924 2776 1989 quoque
2803 1921 2908 1966 con·
2945 1979 2946 1986 ἵ

440 1991 747 2075 sequeris
794 1988 1404 2058 remunerationes,
1448 2012 1480 2054 »
2945 1989 2946 2030 l

528 2083 563 2165 ξ
614 2083 748 2150 18.
803 2084 966 2147 Cum
1039 2079 1202 2146 haec
1263 2078 1510 2147 ultima
1574 2093 1767 2149 nocte
1824 2081 1884 2148 ei
1937 2079 2245 2149 Christus
2311 2081 2725 2158 mandasset,
2775 2095 2906 2145 mane

441 2169 819 2236 Maxentius
874 2167 1213 2256 praesedit
1254 2168 1318 2235 in
1365 2167 1720 2248 tribunali,
1767 2180 1831 2236 et
1864 2174 2132 2238 Beatam
2160 2168 2376 2256 jussit
2424 2168 2728 2246 adduci;
2772 2180 2906 2235 etas

440 2258 688 2326 sistens
739 2261 990 2343 Martyr
1037 2279 1195 2324 cum
1246 2256 1487 2344 gratiis
1537 2257 2042 2345 spiritualibus,
2087 2273 2154 2326 et
2199 2258 2388 2327 dulci
2445 2258 2566 2327 illa
2612 2257 2902 2326 alacritate.

440 2345 609 2415 adeo
670 2359 749 2421 ut
782 2345 824 2412 ii
883 2366 1179 2432 quoque,
1248 2347 1369 2431 qui
1431 2344 1739 2425 aderant,
1797 2347 2014 2416 nitido
2076 2346 2448 2436 splendore
2515 2346 2900 2437 refulgerent..

441 2436 735 2524 graviter
783 2433 1158 2503 admodum
1200 2448 1399 2503 terret
1434 2440 1949 2523 Imperatorem.
2003 2442 2157 2525 Ipse
2195 2451 2430 2506 autem
2475 2438 2534 2506 ei
2573 2437 2729 2506 dicit
2769 2430 2902 2501 inalt-

442 2526 607 2593 tiose
640 2537 703 2591 et
738 2523 1105 2593 fallaciter:
1155 2548 1185 2588 «
1224 2529 1331 2603 Te,
1374 2525 1621 2609 inquit,
1664 2527 1854 2595 decet
1890 2526 2283 2615 imperium,
2321 2549 2359 2595 o
2416 2527 2585 2596 tilia.
2638 2533 2755 2613 Age
2775 2540 2900 2615 ergo.

438 2635 597 2681 cum
635 2611 770 2681 diis
819 2613 1334 2688 sacrificaveris.
1399 2613 1661 2701 impera
1705 2615 2091 2684 nobiscum.
2146 2620 2375 2701 Neque
2419 2617 2612 2690 velis,
2655 2633 2808 2702 rogo,
2848 2632 2902 2672 n·

438 2701 598 2770 dere
670 2701 945 2769 interire
1011 2704 1362 2771 tormentis
1436 2715 1691 2771 tantam
1770 2704 2335 2792 pulcritudinem.
2391 2729 2427 2769 »
2506 2704 2627 2773 Illa
2693 2714 2896 2770 autem:

438 2813 472 2856 «
512 2796 675 2869 Est,
731 2790 1004 2876 inquit.
1054 2790 1277 2859 solum
1346 2805 1520 2859 terra
1567 2807 1631 2860 et
1693 2792 1918 2869 cinis:
1972 2806 2035 2861 et
2086 2792 2153 2860 id
2208 2793 2330 2863 tibi
2391 2816 2636 2863 rursus
2685 2790 2845 2859 dico,
2876 2806 2898 2848 0

436 2883 854 2966 Imperator:
912 2893 1183 2967 tempus
1224 2903 1376 2949 vero
1418 2880 1576 2949 facit
1616 2903 1764 2949 eam
1802 2880 2245 2960 efflorescere,
2296 2893 2362 2951 et
2415 2882 2694 2951 morbus
2726 2874 2897 2947 tabefa·

436 2966 567 3045 cit,
624 2979 698 3035 ut
737 2988 912 3052 quae
955 2968 1123 3037 niliil
1167 2968 1445 3038 firmum
1516 2970 1780 3051 habeat,
1839 2992 1960 3039 nec
2013 2970 2279 3039 stabile.
2335 2995 2372 3037 »
2425 2971 2699 3042 Interim
2741 2979 2897 3035 autem

435 3055 601 3124 dum
640 3060 890 3156 Martyr
926 3058 1087 3125 baec
1122 3057 1181 3124 ei
1218 3057 1493 3134 diceret,
1529 3058 1810 3144 quidam
1857 3058 2243 3129 Praefectus
2285 3061 2570 3129 nomine
2608 3059 2898 3127 chat-sasa-

438 3145 619 3224 dem,
684 3167 862 3214 acris
921 3146 1199 3232 quidem
1263 3146 1346 3214 ad
1393 3147 1590 3226 iram,
1663 3161 2023 3236 promptus
2062 3162 2288 3217 autem
2331 3162 2397 3218 et
2449 3138 2897 3239 ingeniosus-‚id

436 3234 869 3323 puniendum
913 3289 926 3314 ‚
981 3258 1137 3303 cum
1192 3235 1358 3303 llaec
1392 3235 1662 3305 audiret
1699 3291 1712 3317 ,
1772 3237 2016 3326 partim
2067 3238 2306 3307 dolens
2344 3238 2562 3308 vicem
2601 3241 2893 3305 Maxentii.

436 3323 685 3412 partim
723 3336 950 3392 autem
981 3346 1145 3392 suae
1176 3324 1686 3393 benevolentiae
1720 3326 1892 3395 dans
1925 3328 2442 3414 experientiam,
2487 3349 2640 3395 cum
2669 3346 2731 3393 se
2755 3336 2897 3411 party]

436 3425 741 3501 tempore
771 3412 1215 3482 sustinuisset
1257 3426 1603 3500 tamquam
1657 3416 1838 3503 apud
1875 3438 1947 3484 se
1997 3416 2336 3486 meditans
2366 3431 2432 3485 et
2469 3404 2896 3502 inquirens.d1-

434 3500 570 3570 xit:
629 3525 663 3565 ι(
698 3506 837 3590 Ego
871 3500 1016 3579 tibi,
1056 3524 1095 3569 o
1126 3507 1526 3591 Imperator,
1563 3525 1693 3571 non
1728 3508 1936 3593 parva
1976 3509 2144 3574 cura
2168 3504 2505 3585 adhibita,
2541 3500 2896 3581 inirentque·

436 3588 641 3658 modo
679 3590 899 3677 possis
920 3590 1017 3659 vel
1053 3591 1112 3659 ei
1153 3591 1286 3661 cito
1342 3591 1752 3678 persuadere
1803 3593 1900 3662 vel
1950 3616 2099 3662 eam
2134 3594 2437 3682 perdere.
2473 3593 2700 3662 Modus
2729 3598 2890 3683 autem

434 3690 536 3747 est
569 3678 937 3765 ejusmodi:
969 3680 1147 3749 ,tube
1186 3681 1317 3748 sub
1345 3703 1481 3749 una
1509 3681 1726 3751 sibula
1767 3682 1911 3750 fieri
1937 3698 2233 3768 quatuor
2267 3695 2473 3762 rotaS,
2502 3696 2565 3751 et
2599 3678 2892 3756 unicuique

436 3782 620 3835 rotae
670 3768 865 3867 infigi
900 3791 1125 3838 serras
1159 3782 1221 3837 et
1260 3769 1483 3839 claves
1524 3785 1784 3839 acutos.
1843 3771 2095 3840 Deinde
2131 3772 2524 3840 machinam
2583 3766 2820 3862 funibus
2849 3770 2890 3851 ιξί

438 3856 666 3943 parvis
700 3869 862 3925 rotis
899 3858 1073 3927 trahi
1110 3871 1265 3927 ante
1304 3859 1455 3945 ejus
1488 3859 1748 3929 oculos.
1795 3865 1870 3929 Et
1903 3861 1984 3940 si,
2038 3882 2199 3930 cum
2226 3883 2379 3929 eam
2413 3859 2676 3947 quidem
2716 3849 2886 3942 vident

433 3944 592 4013 ferri
625 3946 921 4016 maximo
957 3948 1217 4034 impetu
1258 3970 1336 4016 ac
1371 3949 1683 4036 strepitu,
1717 3952 2054 4036 'persuasa
2087 3949 2311 4029 fuerit,
2343 3963 2410 4019 et
2448 3948 2768 4041 nobiscum
2795 3937 2884 4002 dns
2941 3958 2942 4033 t

436 4033 943 4113 sacrificaverit,
1012 4048 1469 4122 consequetur
1508 4038 1880 4126 promissa:
1937 4038 2039 4107 sin
2077 4040 2314 4110 minus
2354 4041 2422 4107 in
2458 4049 2624 4106 rotas
2671 4034 2883 4114 injectae

436 4123 919 4194 miserabiliter
957 4146 1073 4212 per
1114 4125 1247 4192 vim
1297 4126 1357 4194 ei
1393 4139 1709 4214 erumpet
1741 4126 1998 4195 anima.
2047 4154 2071 4191 ι
2809 4200 2817 4210 ‚

522 4214 558 4295 ἓ
606 4216 757 4283 ss).
811 4217 1019 4298 Atque
1085 4214 1250 4282 haec
1287 4214 1567 4300 quidem
1635 4215 1806 4284 dixit
1877 4215 2298 4286 Praefectus:
2363 4240 2516 4286 curn
2556 4224 2748 4282 autem
2776 4216 2878 4299 {⁸1³5

437 4318 819 4368 sermonem
857 4302 1262 4388 arripuisset
1294 4308 1695 4389 Imperator,
1733 4304 1849 4374 dat
1879 4304 2159 4390 quidem
2195 4310 2548 4395 Martyrem
2575 4291 2874 4371 custodien-

436 4383 619 4463 dam,
658 4400 720 4455 et
758 4411 996 4457 rursus
1026 4390 1224 4477 jubet
1286 4392 1676 4461 machinam
1715 4394 1854 4462 fieri
1923 4394 1988 4462 in
2058 4394 2328 4464 tertium
2367 4396 2565 4465 diem.
2611 4393 2742 4455 Cum
2783 4377 2871 4444 hoc
