2993 4837
70 345 250 410 NOV.
309 347 346 409 9
934 365 1011 410 na
1059 365 1111 410 s.
1168 363 1496 411 Tflaonoao
1545 361 1734 410 naus.
2395 348 2508 413 37⁴

149 452 185 535 ξ
233 452 327 519 8.
379 449 909 538 Expergesactus
971 449 1232 528 Abbas,
1300 449 1603 518 narravit
1661 448 1828 518 haec
1877 449 2210 519 sacerdoti
2264 472 2436 520 suo:
2493 452 2611 521 sed

71 536 176 606 ille
232 537 735 624 parvipendens
793 558 970 624 quae
1024 560 1064 607 a
1115 538 1511 627 presbytero
1559 537 1995 619 dicebantur,
2051 537 2323 607 nullum
2387 539 2614 626 inqui-

71 625 260 694 rendi
297 626 603 696 studium
645 629 891 715 posuit.
932 632 1196 696 Interea
1232 627 1471 696 beatus
1507 632 1892 697 Germanus
1917 627 1952 661 ¹*
1991 628 2374 697 Parisiacae
2416 629 2613 699 urbis

67 715 445 805 Episcopus
493 713 736 795 adfuit,
775 729 1275 805 susceptusque
1324 715 1409 785 ab
1454 716 1815 807 Episcop0‚
1857 729 2008 805 post
2042 737 2326 786 coenam
2358 716 2613 787 domus

69 804 600 884 Ecclesiasticae,
640 826 798 873 cum
854 825 927 873 se
988 805 1211 894 sopori
1266 804 1590 886 dedisset,
1644 827 1678 873 a
1741 805 1967 895 paruit
2015 806 2291 892 utrique
2343 827 2464 895 per
2513 807 2613 874 vi-

66 915 244 973 sum,
289 893 622 993 Episcopo
670 892 880 963 simul
931 894 1194 963 scilicet
1229 908 1294 964 et
1324 893 1609 963 Abbati:
1723 894 2001 980 uxitque
2065 915 2180 964 eos
2241 893 2325 963 ad
2379 894 2610 964 locum

67 980 385 1071 sepulcri,
440 981 820 1070 deprecans
868 995 946 1051 ut
992 981 1339 1052 auferrent
1394 1004 1557 1052 eum
1604 1005 1644 1052 a
1694 983 1843 1051 loco
1912 982 2053 1052 illo.
2114 981 2607 1072 Expergefacti,

66 1069 270 1138 simul
321 1070 402 1139 ad
446 1070 715 1158 vigilias
748 1072 1167 1141 conveniunt
1209 1072 1275 1140 in
1317 1073 1539 1161 ipsam
1578 1072 1798 1140 sancti
1850 1072 2336 1161 Symphoriani
2378 1072 2613 1142 basili-

69 1181 239 1227 cam:
276 1158 753 1249 explicitisque
784 1159 1031 1229 officiis
1073 1161 1454 1240 matutinis,
1489 1159 1690 1229 refert
1722 1159 2104 1249 Episcopus
2137 1161 2401 1241 Abbati,
2433 1183 2612 1248 quae

73 1247 346 1331 viderat,
400 1247 893 1334 confessusque
932 1262 1034 1318 est
1079 1263 1144 1318 et
1206 1251 1352 1340 ipse
1408 1248 1661 1319 vidisse
1723 1248 2065 1318 similiter.
2133 1250 2375 1340 Igitur,
2433 1250 2615 1321 inse-

70 1338 300 1422 quenti
350 1350 569 1417 nocte,
608 1338 1010 1407 accedentes
1060 1338 1226 1407 illuc
1283 1359 1442 1407 cum
1493 1360 1635 1408 uno
1688 1350 1948 1407 tantum
2000 1337 2273 1419 clerico,
2332 1339 2451 1425 qui
2500 1360 2612 1408 ce-

74 1447 252 1494 reum
307 1424 550 1505 ferret,
609 1439 939 1495 venerunt
997 1426 1082 1496 ad
1134 1425 1517 1496 indicatum
1596 1426 1876 1496 locum:
1930 1448 2231 1513 eumque
2276 1426 2612 1497 fodientes

73 1536 283 1600 usque
337 1516 400 1582 in
452 1513 896 1604 profundum,
939 1515 1335 1606 sepulcrum
1389 1515 1765 1605 reperiunt.
1823 1520 1969 1599 Quo
2017 1515 2301 1596 detect0,
2348 1528 2612 1585 amoto-

70 1624 192 1688 que
238 1605 605 1692 opertorio,
657 1603 973 1674 viderunt
1007 1617 1322 1674 sanctum
1359 1626 1617 1693 corpus
1658 1617 2008 1692 tamquam
2048 1604 2455 1674 dormientis
2491 1604 2612 1673 ho-

74 1692 273 1760 minis
326 1692 516 1762 nulla
572 1692 930 1781 putredine
991 1693 1392 1763 resolutum.
1465 1692 1656 1775 Quod
1711 1692 2178 1774 admirantes,
2233 1707 2297 1763 et
2360 1695 2608 1762 iterum

72 1793 573 1870 componentes,
616 1781 1011 1851 indicarunt
1060 1783 1394 1870 Episcopo
1443 1781 1604 1850 data
1652 1781 1785 1862 die,
1824 1803 2003 1868 quae
2042 1781 2375 1851 viderant.
2416 1787 2607 1851 Tunc

76 1868 190 1939 illi.
225 1871 616 1939 convocatis
665 1869 1040 1941 Abbatibus
1088 1885 1151 1941 et
1191 1867 1416 1951 clero,
1476 1891 1635 1938 cum
1688 1869 1945 1938 honore
1993 1882 2198 1957 atque
2248 1870 2610 1960 psallentio

79 1955 457 2028 levaverunt
503 1959 777 2028 beatum
831 1959 1253 2049 sepulcrum:
1308 1972 1372 2029 et
1401 1960 1567 2045 quia
1604 1970 1824 2027 vectes
1874 1958 1998 2039 illi,
2052 1958 2307 2046 quibus
2346 1959 2610 2029 fereba—

80 2058 198 2125 tur,
247 2048 446 2116 valde
495 2047 682 2137 longi
731 2062 948 2128 erant,
987 2070 1145 2119 cum
1185 2048 1531 2117 venissent
1569 2046 1652 2116 ad
1699 2047 2065 2136 porticum,
2110 2069 2240 2115 non
2297 2060 2610 2137 poterant

85 2133 324 2206 deflecti
383 2137 450 2205 in
506 2136 824 2226 ingressu
854 2137 1029 2226 ejus,
1070 2150 1143 2205 ut
1189 2137 1271 2205 ad
1323 2136 1573 2206 ostium
1630 2135 1820 2204 aedis
1871 2136 2016 2205 sine
2070 2135 2298 2205 labore
2332 2136 2612 2205 accede-

88 2239 232 2293 rent.
272 2231 464 2294 Tunc
517 2225 756 2294 beatus
805 2230 1189 2294 Germanus
1236 2225 1491 2295 elevata
1545 2246 1727 2305 voce,
1770 2224 1897 2294 ait:
1945 2251 1966 2286 α
2027 2228 2269 2293 Sancte
2329 2225 2441 2293 Dei
2502 2245 2611 2293 sa—

87 2311 322 2394 cerdos,
365 2314 425 2383 si
470 2312 784 2383 voluntas
821 2328 937 2383 tua
988 2327 1090 2383 est
1137 2315 1205 2382 in
1252 2314 1429 2383 hanc
1476 2313 1835 2383 basilicam
1899 2312 2193 2403 ingredi,
2231 2313 2612 2382 sentiamus

87 2399 367 2473 levamen
409 2402 731 2492 adjutorii
772 2404 912 2485 tui;
956 2427 990 2470 »
1027 2415 1090 2473 et
1139 2403 1368 2473 statim
1418 2403 1676 2473 amisso
1713 2401 2035 2504 pondere,
2080 2402 2171 2471 ita
2221 2402 2289 2470 in
2335 2424 2614 2470 summa

82 2488 329 2560 levitate
383 2490 605 2561 factus
655 2506 755 2562 est
803 2492 1300 2582 sarcophagus,
1361 2504 1458 2572 ut,
1517 2491 1773 2562 relictis
1824 2491 2153 2572 vectibuS,
2213 2491 2412 2580 pauci
2464 2513 2610 2559 ma·

84 2579 268 2649 nibus
313 2580 590 2662 ferrent,
631 2603 834 2667 quem
876 2603 1092 2669 usque
1146 2581 1230 2649 ad
1284 2580 1512 2650 locum
1567 2579 1761 2650 illum
1824 2580 2022 2650 multi
2079 2579 2490 2649 detulerant.
2537 2585 2614 2648 Et

82 2668 163 2735 sic
214 2669 579 2738 celebratis
645 2670 901 2748 Missis,
973 2669 1314 2760 gaudente
1379 2669 1656 2758 populo,
1718 2670 1913 2759 juxta
1976 2669 2189 2738 altare
2253 2668 2608 2759 sepelitur,

84 2757 299 2826 inultis
350 2781 424 2826 se
472 2758 800 2848 deinceps
850 2759 1221 2829 virtutibus
1274 2757 1748 2827 manifestans,

351 3090 445 3188 lN
520 3088 993 3190 SANCTUM
1063 3088 1636 3190 MARTYREM
1703 3085 2327 3191 THEODORUM

605 3327 831 3374 namo
879 3306 947 3338 *⁴*
995 3329 1053 3374 n.
1109 3328 1404 3376 caaeoan
1451 3329 1712 3376 nyssam
1766 3327 2067 3386 amscom,

523 3432 716 3480 PETRO
763 3432 1107 3481 FRANCISCO
1156 3434 1301 3482 ZtNo
1353 3435 1700 3483 VERONENSI
1751 3435 2157 3481 JMERPRETE.

690 3611 940 3667 Passus
981 3615 1088 3667 est
1139 3624 1318 3668 anno
1369 3614 1500 3668 306
1542 3642 1619 3652 -
1663 3612 1985 3669 Graecus.

162 3818 312 3899 ξι.
367 3822 516 3894 Vos,
569 3817 812 3887 Christi
871 3842 1062 3908 gens,
1122 3842 1281 3908 grex
1332 3833 1589 3898 sancte,
1654 3819 1878 3909 regale
1944 3816 2435 3894 sacerdotium,
2490 3816 2615 3902 qui

91 3921 155 3969 ex
208 3906 530 3974 omnibus
588 3908 779 3976 urbis
846 3908 1132 3998 agrique
1200 3907 1365 3976 locis
1431 3908 1888 3987 confluxistiS‚
1933 3907 2281 3977 undenam
2336 3918 2621 3994 accepto

13 4039 14 4062 2
96 3992 509 4070 profectionis
552 3994 744 4082 signo
787 4010 921 4065 tam
990 3996 1188 4065 facile
1237 3996 1517 4066 adducti
1582 3998 1768 4079 estis,
1815 4010 1890 4066 ut
1951 3996 2034 4065 ad
2099 4016 2372 4066 sacrum
2429 3994 2616 4062 hunc

96 4074 294 4147 locum
345 4080 732 4169 frequentes
780 4086 1277 4155 conveniretis?
1323 4086 1493 4168 Quis
1545 4086 1753 4173 hujus
1807 4085 2071 4154 itineris
2104 4082 2481 4153 officiosam
2534 4105 2621 4151 ac

11 4167 14 4194 ⁵
101 4183 457 4259 promptam
514 4170 700 4239 vobis
751 4174 1219 4243 necessitatem
1275 4174 1651 4263 imposuit?
1703 4174 2097 4263 praesertim
2150 4195 2306 4242 cum
2362 4172 2626 4241 hiemis

143 4309 162 4328 ⁸
189 4310 452 4352 celebratur
472 4314 526 4351 28
548 4312 670 4360 maji.
690 4313 800 4354 Vide
821 4314 942 4356 Suu-ii
965 4317 1056 4356 vol.
1083 4316 1134 4356 V.

145 4363 189 4386 ’Ψ
215 4363 334 4404 Hanc
363 4366 640 4405 orationem
668 4367 710 4406 8.
741 4367 994 4418 Gregorius
1026 4371 1267 4417 Nysseuus
1292 4372 1541 4409 Eneomfum
1567 4370 1715 4418 numni
1738 4370 1955 4418 Martyris
1977 4370 2187 4409 Theodori
2206 4371 2463 4420 inscripsit.
2485 4369 2627 4418 Apud·

103 4410 276 4474 Graecos
305 4417 619 4458 celeberrima
645 4423 740 4459 erat
769 4423 910 4470 hujus
941 4424 982 4462 S.
1019 4423 1239 4470 Martyris
1261 4426 1499 4464 memoria.
1521 4421 1774 4462 Basilicam
1800 4421 1945 4467 ips-:ius
1969 4421 2142 4462 nomini
2163 4429 2484 4467 consecratam
2504 4425 2621 4462 Con·

107 4466 378 4518 ttanttnopoli
412 4469 633 4511 extitisse
665 4474 795 4514 testis
832 4479 903 4516 est
936 4477 1215 4524 Procopius:
1249 4476 1306 4515 de
1344 4475 1439 4516 alia.
1475 4477 1686 4524 ejusdem
1728 4475 1921 4513 basilica
1962 4476 2082 4522 apud
2110 4479 2386 4520 Damascum
2405 4476 2623 4520 meminit

2782 4461 2867 4516 f
