2993 4837
504 280 631 344 376
1280 297 1356 342 ns
1404 297 1457 343 s.
1514 295 1844 343 Tnssonoao
1892 297 2080 343 mar.
2672 275 2834 349 NOY.
2874 277 2906 340 9

414 394 590 451 artes
624 380 999 450 contrarias
1039 380 1425 469 confugere,
1463 392 1530 449 et
1563 380 1924 470 promissis
1959 379 2234 469 injustis
2269 378 2617 449 hominem
2652 377 2907 467 justum,

414 470 753 555 rebusque
802 467 1116 557 ingloriis
1163 467 1545 558 gloriosum
1593 467 1871 539 allicere
1917 469 2166 549 conati,
2207 468 2379 549 Tibi,
2434 468 2780 555 inquiunt,
2823 488 2914 535 sa-

413 558 693 629 cerdotii
748 557 1058 647 primarii
1107 556 1513 647 dignitatem
1567 557 1997 647 pollicemur.

499 650 536 734 §
581 652 712 720 ss.
752 651 898 728 Quo
945 645 1223 732 quidem
1260 645 1519 726 audito,
1559 646 1664 715 vir
1694 646 2136 716 beatissimus
2175 645 2557 715 vehementi
2591 644 2913 713 irrisione:

414 760 449 802 «
502 740 659 825 Ego,
730 734 1126 825 respondit,
1179 755 1339 804 cum
1391 734 1779 806 sacerdotes
1827 735 2170 805 idolorum
2233 736 2519 804 miseros
2566 733 2788 814 duco,
2832 755 2920 800 eo·

413 846 706 911 rumque
755 845 885 905 me,
941 823 1125 909 quod
1179 835 1312 892 tam
1366 824 1573 893 stulto
1626 845 1910 893 munere
1957 824 2362 913 fungantur,
2428 824 2750 902 miseret,
2800 835 2919 890 tum

411 912 841 983 sacerdotum
894 912 1243 1002 principes
1293 912 1511 982 multo
1562 912 1785 1002 magis
1832 913 2282 982 commiseror
2312 924 2378 982 et
2410 911 2731 982 detestor.
2771 915 2924 979 Inter

412 1001 786 1102 flagitiosos
845 1001 1029 1070 enim
1080 1022 1216 1087 quo
1264 1002 1423 1087 quis
1478 1001 1698 1091 major
1734 1013 1938 1088 atque
1992 1002 2469 1090 praestantior,
2531 1022 2612 1069 eo
2664 999 2923 1085 nequior

411 1104 476 1160 et
522 1089 880 1160 infelicior.
928 1090 1035 1159 Sic
1077 1090 1252 1158 inter
1286 1090 1605 1179 injustos,
1648 1090 1770 1176 qui
1820 1090 2141 1180 injustior
2183 1103 2326 1170 est;
2381 1091 2480 1159 sic
2520 1090 2703 1158 inter
2740 1087 2926 1157 borni-

411 1178 633 1257 cidas‚
693 1180 814 1265 qui
861 1177 1251 1258 crudelior;
1306 1179 1483 1247 inter
1544 1177 1959 1259 adulatore5‚
2020 1178 2138 1265 qui
2191 1177 2632 1267 petulantior.
2688 1177 2923 1246 Idcirco

413 1269 694 1359 posthac
742 1289 783 1335 a
832 1266 1236 1356 perniciosis
1286 1266 1899 1355 pollicitationibus
1940 1268 2296 1338 abstinete.
2345 1266 2692 1357 Ignoratis
2740 1266 2922 1343 enim,

412 1379 451 1427 o
491 1357 641 1435 viri,
682 1378 798 1424 vos
839 1355 1177 1425 malorum
1235 1370 1613 1425 extremum
1673 1355 1846 1424 mihi
1897 1355 2227 1445 polliceri.
2275 1361 2440 1425 Nam
2497 1356 2604 1444 pie
2667 1368 2736 1423 et
2780 1366 2927 1423 recte

412 1446 631 1514 vivere
682 1445 1134 1545 profitentem,
1172 1458 1466 1528 praestat
1495 1445 1838 1533 abjectum
1871 1466 2021 1514 esse
2054 1444 2125 1513 in
2166 1444 2370 1514 domo
2406 1445 2547 1525 Dei,
2586 1466 2800 1531 quam
2834 1442 2931 1510 ha·

411 1535 629 1603 bitere
679 1555 743 1601 in
802 1532 1261 1602 tabernaculis
1296 1545 1757 1622 peccatorum.
1813 1537 1949 1620 Ego
1996 1532 2097 1602 vel
2150 1533 2315 1603 istos
2353 1538 2595 1623 RegeS,
2652 1553 2922 1619 quorum

410 1623 686 1692 assidue
733 1622 917 1711 leges
957 1622 1231 1708 iniquas
1280 1622 1686 1711 proponitis,
1747 1622 2057 1702 miseror,
2099 1623 2221 1709 qui
2273 1623 2571 1691 maxima
2622 1622 2803 1690 inter
2833 1620 2927 1687 ho·

409 1712 631 1781 mines
664 1712 832 1799 regii
867 1710 1172 1780 muneris
1213 1709 1543 1800 dignitate
1577 1732 1709 1778 non
1754 1710 2078 1789 contenti,
2118 1711 2251 1780 sibi
2284 1709 2721 1780 sacerdotum
2762 1710 2922 1798 prin·

409 1800 584 1889 cipis
616 1800 1017 1888 dignitatem
1057 1798 1527 1867 vindicarunt:
1584 1797 1871 1885 ideoque
1921 1798 2287 1889 lugubrem
2336 1811 2401 1868 et
2450 1798 2922 1868 tenebricosam

408 1910 788 1989 purpuram
842 1888 1261 1967 induuntur,
1317 1888 1535 1956 instar
1586 1886 1967 1957 infelicium
2022 1888 2415 1977 principum
2469 1888 2919 1957 sacerdotum.

407 1977 662 2046 lllustri
711 1976 933 2067 regiae
981 1975 1048 2043 di
1107 1975 1299 2045 nitati
1354 1976 1615 2046 tristem
1665 1976 1997 2046 amictum
2049 1976 2475 2047 inducentes,
2512 1978 2697 2059 Quin
2748 1976 2921 2045 etiam

407 2065 780 2153 aliquando
828 2064 912 2134 ad
967 2087 1048 2132 ne
1080 2066 1262 2134 arias
1309 2086 1464 2133 aras
1519 2063 1964 2145 accedenteS,
2031 2087 2152 2154 pro
2210 2065 2487 2155 regibus
2544 2066 2729 2134 fiunt
2780 2062 2918 2138 coci,

407 2154 573 2224 dum
627 2177 782 2223 aves
830 2153 1241 2233 sacrificant,
1278 2167 1343 2222 et
1393 2152 1734 2243 pecudum
1789 2154 2047 2225 viscera
2082 2154 2329 2223 misere
2380 2155 2832 2243 perspiciunt,
2876 2163 2919 2217 et

408 2243 771 2333 sanguinis
822 2243 975 2312 tabo
1024 2256 1374 2328 tamquam
1428 2242 1741 2311 laniones
1788 2242 2069 2329 quidam
2124 2242 2605 2329 inquinantur.
2650 2266 2684 2309 »

494 2335 529 2421 ξ
578 2337 722 2403 ¹2.
778 2336 933 2402 Post
982 2331 1107 2399 has
1160 2331 1317 2400 ‘usti
1371 2330 1674 2399 hominis
1724 2353 1940 2411 voceS,
1990 2352 2070 2398 ne
2122 2330 2352 2400 fictam
2408 2331 2689 2418 quidem
2738 2344 2807 2400 et
2847 2329 2919 2397 si·

410 2422 738 2491 mulatam
790 2421 1093 2511 amplius
1142 2353 1644 2490 immanitatem
1681 2442 1842 2510 prae
1890 2443 1962 2490 se
2010 2420 2338 2502 tulerunt,
2381 2420 2493 2491 sed
2533 2420 2731 2490 illum
2774 2432 2834 2489 et
2870 2418 2917 2486 iu

405 2511 568 2580 deos
619 2511 913 2579 maxime
961 2509 1281 2597 impium,
1317 2521 1382 2578 et
1430 2509 1499 2577 in
1552 2515 1767 2598 Reges
1815 2509 2392 2579 contumeliosum
2424 2522 2488 2578 et
2525 2509 2913 2579 maledicum

407 2611 744 2679 vocanteS‚
804 2599 1103 2687 primum
1157 2597 1367 2687 ligno,
1435 2619 1572 2685 quo
1639 2610 2042 2684 torquentur
2102 2598 2451 2678 homineS,
2529 2617 2917 2687 suspensum

407 2687 800 2756 ceciderunt
848 2709 927 2755 ac
984 2686 1394 2756 lacerarunt.
1443 2686 1564 2755 Ille
1612 2709 1768 2757 vero
1815 2687 2266 2757 carnificibus
2317 2687 2752 2756 vehementer
2802 2705 2918 2757 sae-

407 2775 772 2855 vientibus,
810 2774 965 2845 forti
994 2775 1343 2861 alacrique
1389 2775 1625 2844 animo
1661 2774 2032 2864 perferens,
2074 2797 2345 2845 versum
2394 2776 2601 2845 etiam
2666 2775 2853 2844 illurn
2891 2793 2916 2837 e

409 2864 672 2953 psalmo
724 2863 1167 2933 decantabat:
1238 2864 1552 2932 Laudabo
1601 2867 1955 2933 Dominum
1993 2867 2064 2933 in
2110 2866 2296 2933 omni
2330 2875 2646 2954 tempore,
2689 2883 2915 2953 semper

335 3009 340 3014 .
411 2956 561 3020 laus
608 2954 751 3021 e'us
793 2954 862 3021 in
892 2976 1004 3021 ore
1033 2976 1175 3021 meo
1206 2952 1343 3041 (Ps.
1382 2953 1521 3040 33).
1561 2953 1703 3041 Ipsi
1750 2974 1992 3022 carnes
2029 2953 2182 3040 ejus
2230 2951 2686 3022 dilaniabant.
2724 2959 2797 3020 At
2828 2949 2915 3019 ille

406 3039 620 3131 psalle
676 3054 761 3121 at,
800 3053 875 3110 ut
924 3042 981 3112 si
1032 3063 1166 3109 non
1203 3042 1372 3129 ipse,
1408 3040 1528 3110 sed
1589 3040 1769 3109 alius
1822 3062 1939 3110 eos
1991 3042 2343 3111 cruciatus
2398 3042 2788 3111 sustineret.
2832 3039 2914 3108 Sic

407 3141 631 3198 autem
682 3130 1055 3199 laceratum
1106 3152 1185 3198 ac
1235 3129 1643 3198 dilaniatum
1696 3151 1929 3198 carcer
1975 3130 2261 3219 excepit.
2307 3131 2430 3200 Ubi
2481 3152 2724 3201 rursus
2761 3130 2911 3198 circa

409 3224 731 3288 Sanctum
785 3217 1195 3287 admiranda
1256 3219 1693 3308 gerebantur.
1750 3218 2012 3288 Etenim
2060 3241 2177 3308 per
2228 3231 2434 3287 totam
2489 3232 2754 3288 noctem
2814 3236 2912 3283 vox

408 3307 875 3376 multitudinis
907 3307 1301 3376 canentium
1337 3305 1654 3376 exaudita
1688 3320 1825 3385 est;
1860 3319 1925 3376 et
1957 3307 2298 3395 ejusmodi
2334 3307 2516 3378 faces
2549 3307 2903 3376 eluxerunt.

403 3409 480 3466 ut
529 3397 635 3476 iis,
689 3397 809 3483 qui
867 3407 1051 3465 extra
1100 3417 1440 3465 carcerem
1489 3406 1707 3474 erant,
1758 3408 1892 3465 tota
1958 3407 2149 3464 nocte
2198 3395 2524 3484 splendor
2579 3396 2901 3465 effulserit.

406 3490 550 3568 Quo
595 3486 873 3572 quidem
916 3483 1305 3584 spectaculo
1361 3496 1708 3570 cantuque
1754 3483 2147 3554 admirabili
2201 3499 2590 3555 commotus
2648 3482 2908 3554 carceris

405 3589 657 3652 custos,
695 3574 764 3642 in
816 3572 1214 3642 cubiculum
1268 3572 1542 3642 insiliit:
1588 3572 1705 3642 sed
1746 3585 2007 3660 praeter
2038 3578 2399 3661 Martyrem
2442 3574 2900 3660 quiescentem.

404 3674 468 3731 et
502 3662 752 3732 multos
785 3663 1046 3731 vinctos
1078 3661 1193 3747 qui
1231 3661 1686 3742 dormiebant,
1725 3661 1982 3730 invenit
2015 3663 2385 3731 neminem.

493 3755 527 3836 ἓ
575 3756 720 3822 13.
776 3756 940 3820 Cum
995 3749 1204 3839 igitur
1254 3748 1490 3820 multis
1558 3751 1913 3819 tormentis
1961 3749 2336 3829 adhibitis,
2394 3751 2461 3819 in
2512 3749 2901 3820 confessione

408 3838 873 3930 religioneque
921 3838 1143 3928 magis
1199 3838 1346 3927 ipse
1403 3851 1754 3928 perstaret,
1795 3839 2127 3908 sententia
2193 3840 2264 3907 in
2326 3860 2484 3908 eum
2542 3840 2677 3909 lata
2707 3851 2817 3914 est,
2851 3846 2902 3902 ut

406 3929 562 4019 igne
597 3928 800 3996 vitam
837 3927 1086 3996 finiret.
1126 3932 1337 4013 Atque
1372 3926 1464 3996 ita
1514 3927 1941 4015 praeclarum
1993 3927 2408 4013 beatumque
2443 3927 2571 3997 iter
2601 3929 2683 3997 ad
2726 3933 2897 3995 Deum

402 4017 724 4086 confecit:
765 4017 964 4085 nobis
1006 4028 1232 4084 autem
1281 4016 1682 4084 memoriam
1716 4016 2114 4084 certaminis
2152 4029 2502 4102 tamquam
2540 4017 2895 4106 magistram

404 4106 702 4194 reliquit.
738 4110 887 4188 Qua
935 4104 1213 4189 quidem
1259 4102 1374 4172 ille
1423 4103 1715 4193 populos
1762 4116 2153 4205 congregat,
2196 4105 2566 4174 Ecclesiam
2618 4100 2889 4196 instituit,

403 4194 770 4263 daemones
818 4195 1032 4282 fugat,
1079 4192 1402 4262 conciliat
1448 4192 1732 4281 angelos
1786 4215 1995 4281 pacls,
2048 4206 2196 4262 orat
2242 4216 2281 4262 a
2336 4199 2464 4262 Deo
2511 4215 2681 4280 quae
2734 4189 2891 4285 nobis

404 4282 602 4348 utilia
632 4294 812 4349 sunt.
851 4286 1049 4349 Hunc
1097 4283 1280 4350 enim
1327 4281 1578 4360 locum,
1616 4294 1967 4367 tamquam
2005 4281 2294 4351 diversis
2345 4281 2601 4352 morbis
2651 4279 2886 4348 medici·

410 4388 531 4434 nas
565 4368 1111 4455 suppeditantem
1147 4367 1487 4436 officinam
1527 4370 1900 4450 constituit,
1931 4370 2246 4460 procellis
2280 4371 2882 4462 tempestatibusque
