2993 4837
86 336 226 401 NOV.
278 338 314 401 4
872 358 947 402 na
996 356 1050 403 s,
1106 355 1346 404 canoto
1397 356 1730 405 nonaouao
2365 341 2493 405 243

82 440 345 507 ducentis
378 451 602 528 partes
635 461 909 527 semper
938 441 1181 530 agebat
1216 441 1400 531 ipse:
1432 440 1741 527 dumque
1765 461 1843 509 ex
1879 441 2017 510 ritu
2049 441 2372 511 standum
2408 456 2576 523 erat,

82 548 286 597 manus
340 528 537 597 etiam
602 528 687 597 ad
755 534 965 599 Deum
1018 550 1289 618 semper
1338 529 1658 599 tendebat
1720 529 2119 618 supplices;
2176 529 2582 618 plerumque

34 652 45 679 ,ι
78 629 260 684 autem
293 617 664 697 eveniebat,
703 630 781 686 ut
812 617 899 687 ab
934 617 1366 689 antelucanis
1404 617 1651 688 officiis
1694 619 1761 686 in
1796 618 2085 688 ecclesia
2123 632 2574 707 permaneret,

78 703 250 774 donec
293 706 619 777 omnibus
683 707 1026 796 peractis,
1098 706 1183 775 ad
1249 728 1502 795 corpus
1572 706 2019 777 reficiendum
2084 707 2579 777 discedendum

76 806 222 871 (που
254 794 443 881 ,quod
478 795 670 865 enim
707 796 948 866 Missae
980 817 1198 878 sacro,
1244 796 1585 875 concioni,
1626 796 2048 883 caeterisque
2081 796 2336 867 divinis
2370 798 2576 867 rebus

78 898 395 971 supererat,
450 884 517 952 id
558 885 888 972 temporis
936 884 1007 952 in
1059 886 1504 955 subterraneo
1547 885 1796 955 sacello
1845 884 2295 953 consumebat
2343 907 2580 956 secum

77 992 277 1047 orans:
327 972 739 1053 affirmabat,
794 985 858 1042 et
894 994 981 1062 ‘re
1037 973 1186 1063 ipsa
1243 975 1334 1044 ita
1387 995 1537 1045 esse
1601 974 2192 1063 perspiciebatur‚
2245 974 2583 1060 quamdiu

74 1074 210 1128 esset
253 1061 313 1128 in
352 1062 669 1142 ecclesia,
712 1063 1067 1148 quiescere
1096 1083 1190 1141 se,
1238 1062 1682 1149 etjucundae
1730 1061 2105 1131 admodum
2148 1063 2365 1131 animi
2408 1062 2583 1131 rela-

76 1150 315 1218 xationis
376 1151 641 1231 instar,
699 1173 846 1219 eam
912 1151 1434 1240 occupationem
1486 1151 1781 1230 ducere;
1853 1151 2078 1237 itaque
2143 1152 2526 1221 mirabatur
2562 1206 2578 1233 ,

75 1252 223 1306 sacra
271 1262 552 1308 munera
593 1294 608 1319 ,
661 1240 863 1308 etiam
917 1240 976 1310 si
1027 1239 1231 1329 longo
1278 1252 1509 1309 essent
1556 1240 1777 1329 spatio
1829 1239 2155 1328 temporis
2214 1239 2573 1320 obeunda,

36 1348 37 1353 ¹
75 1329 306 1396 caeteris
352 1349 556 1417 saepe
610 1328 844 1417 gravia
878 1328 1093 1397 videri
1131 1352 1145 1409 ;
1201 1328 1475 1398 dolebat
1522 1329 1912 1398 divinorum
1951 1327 2334 1397 officiorum
2378 1329 2581 1398 disci·

78 1414 284 1497 plinam
332 1416 668 1487 delicatae
704 1417 1062 1486 hominum
1114 1416 1604 1487 consuetudini
1657 1418 2060 1506 plerumque
2100 1418 2365 1505 aptari:
2421 1439 2579 1487 cum

74 1519 260 1572 contra
305 1506 702 1574 conandum
753 1518 950 1585 esset,
1005 1517 1082 1574 ut
1129 1506 1446 1577 homines
1491 1507 1578 1574 ad
1630 1518 1916 1575 veterem
1976 1528 2049 1575 se
2088 1505 2574 1595 disciplinam,

76 1588 192 1660 licet
222 1595 411 1681 paulo
452 1595 682 1684 magis
719 1592 1156 1674 laboriosam,
1211 1595 1857 1673 accommodarent;
1915 1594 1978 1662 id
2036 1595 2179 1663 sieri
2222 1618 2415 1682 posse
2455 1593 2580 1663 do-

40 1680 224 1751 ‘cebat
262 1682 572 1772 exemplo
618 1683 854 1771 populi
904 1684 1056 1763 sui;
1109 1705 1313 1770 quem
1366 1686 1665 1773 integros
1702 1706 1873 1772 pene
1907 1683 2053 1753 dies
2090 1685 2294 1753 variis
2348 1705 2577 1752 rerum

72 1789 372 1840 sacrarum
404 1770 1012 1842 exercitationibus
1053 1773 1417 1850 intentum,
1454 1773 1753 1843 suaviter
1786 1773 1852 1840 in
1884 1771 2172 1841 ecclesia
2216 1772 2573 1841 retinebat.

46 1860 199 1926 'Cum
248 1861 328 1928 ab
375 1883 453 1930 eo
507 1860 706 1929 missi
749 1859 832 1928 ad
889 1861 1104 1949 princi
1160 1882 1267 1928 em
1307 1863 1526 1930 virum
1581 1861 1668 1929 ad
1720 1861 1959 1929 urbem
2011 1862 2580 1950 appropinquan—

46 1952 196 2025 Ινῐειυ,
244 1948 439 2037 paulo
484 1963 636 2039 post
685 1970 997 2019 essemus
1044 1883 1156 2017 adp
1178 1970 1334 2018 eum
1391 1950 1687 2027 reversi,
1744 1949 1808 2016 in
1862 1950 2170 2019 coenobii
2225 1948 2579 2038 virginalis

48 2034 199 2103 :aede
225 2058 487 2106 sacrum
526 2037 842 2117 faciebat;
871 2050 1346 2127 exspectamus
1381 2039 1600 2107 donec
1634 2038 2002 2107 distributa
2034 2039 2419 2127 virginibus
2448 2043 2578 2108 Eu-

44 2090 345 2209 fiharistia
379 2181 393 2206 ,
450 2127 699 2196 Missae
759 2127 962 2195 finem
1016 2125 1264 2205 faciat3
1319 2148 1475 2195 cum
1529 2126 1614 2196 ad
1667 2126 1894 2196 sedem
1969 2126 2312 2206 rediisset,
2370 2126 2574 2195 indu·

76 2226 385 2301 menteque
440 2215 877 2305 deposuisset
911 2256 934 2296 ,·
979 2214 1063 2284 ad
1121 2214 1466 2285 sedentem
1523 2216 1905 2289 mittimus,
1964 2231 2035 2283 ut
2092 2215 2280 2284 adire
2331 2216 2574 2298 liceat;

74 2296 185 2387 ipse
226 2325 369 2373 vero
416 2325 848 2391 quamquam
899 2326 1144 2373 caussa
1200 2318 1366 2385 erat,
1420 2326 1547 2372 cur
1598 2325 1718 2374 nos
1768 2303 2010 2372 audire
2051 2304 2184 2372 cito
2232 2302 2571 2382 studeret,

48 2400 237 2479 -atque
281 2392 445 2463 adeo
494 2414 624 2462 cur
672 2405 941 2481 'putaret
1002 2394 1313 2463 celeriter
1364 2389 1866 2463 consulendum
1908 2416 1922 2472 ;
1976 2392 2238 2463 aditum
2296 2392 2579 2461 minime
2647 2481 2652 2486 ἡ

50 2481 425 2560 .eoncedens,
471 2482 609 2551 alia
653 2483 951 2571 sumpsit
1006 2483 1433 2561 indumenta,
1488 2483 1744 2568 quibus
1783 2504 2054 2551 sacrum
2095 2483 2407 2551 vestitum
2448 2495 2579 2550 tra-

46 2565 219 2638 ideret
262 2571 551 2640 novitiae
604 2571 888 2660 virgini3
946 2591 1085 2640 rem
1136 2571 1437 2651 conficit,
1493 2571 1889 2640 concionem
1928 2573 2127 2640 habet
2163 2570 2247 2640 ad
2299 2592 2573 2640 sacrum

48 2670 329 2726 -coetum2
383 2659 669 2729 demum
711 2672 861 2748 post
907 2659 1104 2741 duas,
1160 2660 1427 2748 opinor,
1487 2659 1711 2739 horas»,
1758 2681 1914 2728 cum
1968 2661 2277 2739 exiisset,
2334 2671 2570 2740 vocat,

78 2747 511 2836 negotiumque
562 2747 910 2828 admittit;
967 2769 1071 2819 res
1125 2748 1211 2816 ita
1261 2768 1332 2817 se
1385 2748 1645 2828 babuit,
1701 2761 1774 2815 ut
1822 2762 2208 2837 opportuna
2249 2749 2453 2818 fuerit
2498 2770 2578 2817 ea

78 2828 310 2919 dilati03
361 2836 689 2907 eumdem
744 2858 814 2906 se
874 2836 1241 2924 praestitit,
1294 2859 1453 2905 cum
1517 2837 1583 2904 in
1637 2837 1924 2906 aedibus
1972 2838 2324 2908 seminarii
2389 2837 2456 2906 in
2509 2858 2578 2905 re

80 2939 180 2988 non
222 2924 303 2993 ita
353 2927 591 3017 magni
646 2927 995 3003 momenti,
1037 2926 1152 2994 sed
1205 2947 1397 2993 sacra
1447 2940 1824 3014 occupatus
1870 2940 2092 3004 esset,
2153 2926 2575 3012 nuntiusque

87 3009 262 3106 Roma,
311 3036 516 3100 quem
576 3036 829 3104 magno
877 3014 1217 3084 desiderio
1266 3014 1720 3102 exspectabat,
1776 3017 1862 3083 ob
1916 3016 2257 3102 negotium
2313 3015 2576 3105 gravis-

89 3115 275 3169 simum
325 3102 769 3186 advenisset3
827 3105 955 3171 nisi
1004 3103 1187 3193 enim
1245 3125 1313 3171 re
1366 3103 1680 3191 perfecta,
1738 3124 1942 3188 quain
2001 3105 2064 3170 in
2104 3105 2422 3173 manibus
2459 3105 2576 3172 ha-

86 3180 249 3279 lebat.
277 3192 532 3261 nuncio
563 3191 827 3260 aditum
865 3214 995 3262 non
1030 3192 1239 3261 dedit.
1281 3191 1688 3262 Indecorum
1725 3190 2082 3279 judicabat
2126 3192 2327 3260 rebus
2362 3193 2575 3261 sacris

48 3286 502 3368 -tnterponere,
575 3302 851 3349 sacrove
913 3280 1059 3350 loco
1119 3280 1477 3349 admittere
1540 3280 1922 3368 quidquam
1985 3292 2388 3348 externum:
2457 3281 2574 3348 sed

46 3365 237 3433 tsimut
274 3369 471 3438 etiam
530 3368 896 3446 voluntate,
952 3392 1029 3438 ac
1078 3368 1420 3438 desiderio
1470 3366 1907 3457 reprimendo
1957 3389 2027 3434 se
2062 3367 2434 3446 exercebat,
2507 3369 2570 3435 in

46 3467 179 3534 {quo
218 3456 475 3536 studio,
537 3456 689 3527 licet
739 3458 822 3525 de
888 3478 953 3525 re
1012 3479 1144 3526 non
1212 3458 1446 3546 magni
1501 3457 1825 3525 momenti
1890 3469 2178 3546 agatur,
2244 3477 2573 3554 magnum

46 3547 259 3635 flamen
295 3544 375 3612 ad
419 3547 732 3615 virtutem
784 3567 933 3614 esse
982 3557 1404 3615 momentum
1455 3544 1908 3625 existimatum
1955 3545 2013 3613 si
2063 3543 2147 3612 de
2205 3565 2419 3612 sacris
2473 3565 2573 3612 re-

44 3621 296 3724 linquas,
346 3633 582 3702 aliisve
633 3634 836 3703 rebus
883 3633 1244 3724 ejusmodi,
1299 3646 1374 3703 ut
1422 3655 1626 3723 saepe
1687 3634 1783 3714 fit,
1850 3632 2223 3721 aliquando
2270 3631 2564 3701 dubium

42 3712 303 3810 ganliquod
351 3722 702 3803 incideret,
760 3724 828 3791 in
877 3744 1026 3792 eam
1078 3735 1338 3823 partem
1390 3745 1661 3810 semper
1712 3722 2203 3813 propendebat,
2242 3743 2418 3807 quae
2477 3742 2576 3789 re-

40 3797 334 3902 {llgiosior
380 3810 743 3890 videretur,
798 3822 861 3880 et
918 3832 1137 3899 magis
1186 3812 1327 3900 pia.
1384 3811 1826 3897 Antiquitati‚
1885 3811 2362 3899 majorumque
2412 3831 2575 3878 con-

79 3896 375 3966 suetudini
446 3899 826 3988 plurimum
903 3899 1265 3969 tribuebat.
1341 3900 1406 3968 Si
1469 3899 1830 3968 ecclesiam
1907 3900 2151 3969 viseret
2224 3898 2578 3988 religionis

80 3982 272 4131 ἐωῑίε,
306 3988 630 4082 quoniam
674 4000 835 4058 sunt
884 3987 1029 4057 loca
1077 4007 1303 4076 saepe,
1345 3987 1444 4056 vel
1498 3987 1746 4057 sacella
1801 3988 2021 4077 plura,
2077 3988 2334 4077 quibus
2368 3987 2577 4056 variis

112 4076 405 4145 ecaussis
436 4075 643 4166 vulgo
680 4075 907 4146 cultus
938 4076 1325 4155 adhibetur,
1383 4075 1616 4146 adibat
1672 4077 1905 4146 omnia
1939 4076 2324 4166 diligenter,
2369 4089 2433 4145 et
2473 4075 2574 4145 v'el

84 4157 385 4233 mdiorum
436 4165 796 4234 hominum
851 4165 1034 4254 piam
1071 4165 1638 4234 consuetudinem
1686 4166 1750 4233 in
1787 4186 1863 4234 eo
1900 4166 2321 4235 imitabatur.

144 4247 329 4342 ξπ.
382 4257 594 4323 Deum
644 4253 909 4332 orandi,
961 4253 1332 4339 divinaque
1384 4253 1757 4322 meditandi
1808 4253 2360 4325 studiosissimus
2403 4254 2571 4334 fuit;

86 4349 165 4400 cni
206 4338 416 4409 studio
464 4363 621 4410 cum
666 4362 737 4412 se
773 4341 1161 4421 tradiderat,
1202 4343 1292 4409 ita
1332 4354 1554 4410 mente
1600 4354 1801 4427 atque
1840 4341 2073 4412 animo
2123 4343 2379 4415 solebat
2420 4345 2578 4413 bae-

88 4436 212 4496 rere.
260 4440 452 4516 atque
502 4430 620 4511 ita,
664 4429 721 4497 si
758 4442 1024 4521 tempus
1056 4431 1357 4511 daretur,
1401 4430 1467 4497 in
1510 4430 1783 4501 intimas
1837 4451 2060 4500 rerum
2107 4433 2572 4524 spiritualium
