2993 4837
34 291 198 357 Nov.
255 291 343 355 44
621 309 701 355 ns
749 309 810 355 s.
864 308 1215 355 LAURENTIO
1264 309 1557 355 Ancninr.
1612 306 1982 356 nnnmNENsi
2358 297 2484 359 487

34 393 507 462 testimonium
557 393 932 481 perhibuit.
972 397 1209 481 Ipsum
1265 407 1492 462 autem
1537 394 1893 482 vestigium
1948 394 2253 465 vulneris
2306 417 2576 486 semper

32 483 275 552 mansit
318 483 405 550 ‘in
458 482 720 571 capite:
771 493 836 551 et
885 503 1073 550 nunc
1120 482 1191 548 in
1234 482 1383 570 ipso
1431 480 1676 571 capitis
1711 484 1969 563 cranio‚
2011 483 2369 554 deficiente
2401 488 2576 556 ossis

112 571 394 651 rticula,
434 570 738 640 fractura
784 570 1091 639 cernitur
1136 592 1489 660 apparere.
1528 576 1566 640 J
1575 573 1824 640 ubente
1865 593 2020 641 vero
2055 594 2213 662 rege
2243 574 2578 663 suspendi

28 593 290 728 {amum
336 658 569 740 illum,
603 660 842 728 beatus
894 658 1192 748 pontifex
1226 660 1335 728 vix
1376 660 1694 748 precibus
1727 661 2048 741 obtinuit,
2094 683 2177 730 ne
2208 662 2373 748 quid
2416 663 2576 731 mali

30 747 151 817 bac
176 749 264 816 de
297 770 518 817 causa
556 747 659 816 illi
691 747 1082 816 inferretur.
1288 805 1292 810 ,

107 840 142 923 ξ
193 843 372 908 2⁰.
432 837 576 905 Alio
649 848 954 926 tempore
1004 857 1163 904 cum
1226 836 1311 905 de
1365 838 1570 926 Regis
1617 837 1897 928 Angliae
1958 839 2151 907 curia
2217 852 2570 919 remearet,

34 925 203 994 venit
242 927 314 993 in
356 925 676 994 Walliam
708 926 763 992 *ε
800 926 920 994 ubi
962 925 1086 993 diu
1117 938 1394 994 ventum
1428 939 1831 1014 exspectans
1874 949 2307 1016 prosperum,
2354 928 2578 997 taedio

34 1015 438 1104 angebatur.
496 1019 653 1083 Erat
683 1026 914 1082 autem
963 1014 1033 1081 in
1074 1013 1216 1082 illis
1266 1015 1580 1103 partibus
1616 1015 1951 1101 quaedam
2002 1017 2292 1085 ecclesia
2332 1018 2400 1085 in
2455 1018 2580 1085 ho-

36 1121 261 1172 norem
316 1103 563 1172 beatae
615 1103 914 1192 Virginis
963 1102 1145 1192 apud
1198 1115 1502 1171 castrum
1551 1104 1917 1192 cujusdam
1968 1105 2224 1185 divitis,
2264 1106 2413 1192 ejus
2462 1128 2576 1175 ex-

40 1192 259 1292 pensis
310 1212 559 1260 recens
596 1192 977 1273 aedificata,
1022 1191 1227 1279 cujus
1277 1191 1468 1260 lateri
1531 1193 1738 1262 homo
1789 1193 2073 1280 quidam
2133 1207 2456 1283 perpetuo
2506 1217 2578 1264 se

42 1280 432 1362 incluserat,
473 1294 550 1350 ut
583 1285 712 1349 Deo
753 1280 1038 1350 liberius
1087 1280 1509 1349 adhaereret.
1548 1283 1725 1350 Huic
1777 1283 1987 1371 igitur
2033 1283 2178 1351 viro
2228 1285 2344 1352 Dei
2379 1296 2577 1353 nocte

46 1390 376 1457 apparens
432 1369 634 1459 Virgo
681 1382 939 1450 sancta,
995 1382 1243 1437 ornatu
1288 1384 1355 1439 et
1400 1370 1572 1438 facie
1622 1371 2215 1453 reverendissima,
2274 1373 2580 1441 sciscita-

46 1456 233 1527 batur
289 1480 425 1527 cur
473 1480 601 1526 sua
646 1457 933 1549 ecclesia
973 1457 1285 1526 dedicata
1348 1479 1484 1527 non
1539 1471 1738 1528 esset.
1783 1460 1904 1528 Cui
1953 1481 2112 1528 cum
2162 1462 2581 1531 anachoreta

38 1546 506 1635 responderet,
552 1547 965 1636 Episcopum
1015 1546 1501 1615 dioecesanum
1552 1547 1675 1615 diu
1723 1547 2072 1617 abfuisse:
2119 1571 2155 1614 «
2217 1555 2352 1640 Ego
2394 1571 2574 1630 vero,

47 1633 256 1721 inquit
319 1635 493 1715 illa,
554 1634 712 1703 nolo
759 1656 907 1703 eam
966 1637 1053 1709 ab
1101 1656 1180 1703 eo
1220 1634 1549 1704 dedicari.
1618 1659 1654 1701 »
1703 1641 1872 1705 Ecce
1925 1636 2116 1706 adest
2171 1639 2580 1708 Laurentius

52 1723 574 1794 Dublinenensis
633 1723 1228 1814 Archiepiscopus,
1285 1726 1490 1810 cujus
1541 1725 2008 1811 praestolabar
2054 1727 2449 1806 adventum,
2506 1740 2583 1796 ut

53 1811 182 1899 ipse
229 1834 463 1883 meam
512 1812 867 1881 ecclesiam
904 1826 1356 1882 consecraret.
1412 1818 1488 1881 Et
1539 1814 1666 1881 hoc
1703 1814 1761 1880 ei
1818 1815 2122 1903 signum,
2176 1816 2356 1901 quod
2421 1837 2582 1883 ven-

56 1911 181 1969 tum
234 1901 339 1970 vel
384 1901 756 1970 transitum
808 1922 942 1969 non
999 1902 1353 1981 obtinebit,
1392 1901 1613 1970 donec
1662 1923 1850 1970 meae
1906 1903 2308 1972 satisfecerit
2338 1904 2582 1972 volun-

56 1990 180 2056 tati.
222 2013 255 2056 »
305 1990 401 2058 Ad
460 1990 627 2058 haec
665 2003 1095 2092 experrectus
1145 1991 1349 2059 homo
1411 2002 1475 2059 et
1529 1991 1803 2059 territus
1854 1991 2135 2072 visione,
2198 1991 2374 2060 facto
2433 1993 2576 2079 jam

60 2075 173 2158 die,
227 2080 418 2146 misit
483 2100 603 2167 pro
649 2078 1043 2157 castellano,
1096 2079 1249 2166 ejus
1296 2078 1624 2147 ecclesiae
1683 2079 2067 2160 fundatore,
2122 2093 2471 2166 totamque
2518 2081 2581 2149 ei

61 2166 352 2253 patefecit
400 2188 488 2235 ex
534 2166 775 2236 ordine
818 2168 1171 2235 visionem.
1227 2173 1292 2236 Is
1342 2190 1498 2235 mox
1538 2167 1619 2235 ad
1672 2168 2277 2257 Archiepiscopum
2341 2172 2463 2257 pro
2516 2190 2583 2238 e-

52 2272 225 2335 rans,
275 2278 447 2324 eum
496 2256 581 2323 ad
623 2277 825 2326 suum
877 2267 1180 2323 castrum
1232 2256 1561 2334 invitavit,
1620 2269 2159 2346 susceptumque
2209 2258 2447 2326 honori
2481 2280 2584 2327 lce

68 2345 487 2429 procuravit:
539 2344 851 2431 factaque
898 2347 1134 2423 coenfi,
1178 2345 1584 2434 precabatur
1628 2366 1812 2427 eum,
1852 2358 1930 2414 ut
1977 2345 2163 2413 illam
2221 2347 2581 2415 ecclesiam

64 2450 449 2502 consecrare
494 2434 919 2523 dignaretur.
966 2434 1081 2501 Vir
1110 2446 1391 2503 sanctus
1440 2435 1816 2523 respondit,
1863 2434 1929 2502 id
1983 2436 2113 2503 sibi
2158 2458 2288 2503 non
2344 2436 2578 2516 licere;

40 2521 540 2608 'castellanique
590 2523 914 2611 precibus
959 2521 1274 2591 assentiri
1330 2523 1550 2591 modis
1583 2524 1909 2592 omnibus
1945 2525 2192 2593 renuit.
2234 2525 2479 2594 videns
2513 2525 2583 2592 id

66 2610 468 2680 castellanus
501 2666 515 2691 ,
572 2632 704 2679 non
754 2622 1120 2679 cunctatus
1166 2624 1268 2679 est
1316 2612 1459 2679 viro
1523 2612 1635 2679 Dei
1706 2613 1932 2681 minas
2002 2613 2236 2682 beatae
2285 2614 2585 2703 Virginis

67 2693 372 2779 indicare,
416 2712 622 2787 totam
660 2699 1112 2768 anachoretae
1141 2700 1470 2767 visionem
1511 2722 1629 2788 per
1659 2701 1971 2769 ordinem
2007 2722 2578 2771 commemorans.

52 2787 261 2865 Quam
306 2802 594 2858 sanctus
640 2789 745 2855 vir
784 2800 1007 2856 mente
1105 2797 1504 2869 ertractans,
1547 2788 1919 2875 vidensque
1954 2791 2334 2859 secundum
2371 2796 2584 2859 Deum

73 2872 183 2942 sibi
222 2896 355 2945 non
392 2897 545 2947 esse
577 2876 923 2958 illicitum,
969 2810 1100 2946 sedJ
1127 2876 1568 2965 permissum,
1606 2876 1880 2946 divinae
1916 2878 2155 2946 visioni
2192 2880 2586 2966 devotisque

76 2965 367 3045 precibus
415 2987 777 3035 assensum
831 2966 1188 3054 praebenS,
1223 2964 1581 3034 ecclesiam
1621 2966 1951 3054 postridie
1984 2967 2345 3037 dedicavit.
2380 2975 2587 3037 Cum-

76 3068 184 3133 que
229 3055 502 3125 Missam
552 3067 619 3122 et
664 3054 897 3122 divina
949 3052 1175 3122 officia
1227 3055 1621 3143 peregisset,
1677 3067 1947 3143 gustato
1999 3076 2174 3142 pane
2223 3078 2382 3124 cum
2437 3057 2585 3125 suis

74 3140 274 3209 navim
325 3143 705 3231 ingressuS,
751 3164 963 3213 cursu
1012 3162 1340 3231 prospero
1387 3143 1473 3211 ad
1529 3156 1798 3231 portum
1841 3142 2304 3212 desideratum
2351 3166 2584 3230 perve-

76 3226 179 3323 nit.
214 3234 304 3299 Ex
348 3253 428 3301 eo
467 3243 769 3320 tempore
812 3232 1178 3299 innumera
1232 3232 1412 3301 fiunt
1462 3231 1795 3300 miracula
1847 3233 1914 3299 in
1964 3232 2254 3301 ecclesia
2300 3233 2441 3313 illa,
2480 3233 2585 3301 di-

76 3333 342 3403 vinaque
375 3318 848 3409 indigentibus
882 3320 1212 3390 beneficia
1252 3334 1709 3410 praestantur.

149 3406 181 3489 §
226 3412 366 3479 21.
423 3413 689 3477 Rursus
723 3409 916 3477 beato
967 3407 1108 3478 viro
1155 3410 1225 3476 in
1278 3410 1592 3499 Angliam
1641 3430 1800 3477 cum
1843 3409 2066 3479 tribus
2099 3409 2391 3478 navibus
2423 3431 2584 3477 con-

80 3492 391 3586 tendente,
428 3497 498 3565 in
550 3497 799 3566 mediis
846 3498 1059 3565 maris
1091 3498 1465 3567 vorticibus
1502 3510 1867 3586 tempestas
1910 3498 2306 3568 saevissima
2338 3498 2579 3579 extitit,

80 3589 153 3645 ita
197 3595 271 3651 ut
323 3606 497 3674 pene
545 3607 749 3656 naves
807 3599 871 3654 et
920 3587 1232 3657 homines
1290 3599 1784 3676 mergerentur.
1842 3591 2134 3673 Jamque
2187 3587 2415 3654 nautis
2466 3606 2587 3676 spe

81 3671 247 3738 omni
292 3674 621 3743 evadendi
657 3675 944 3764 periculi
985 3674 1482 3765 propemodum
1535 3674 1901 3755 destitutiS‚
1940 3675 2223 3761 quidam
2278 3674 2586 3743 melioris

82 3757 209 3840 spei
246 3762 366 3842 vir,
400 3785 768 3833 conversus
819 3763 899 3831 ad
940 3777 1253 3832 sanctum
1308 3764 1721 3854 praesulem,
1766 3763 1973 3832 dixit:
2016 3786 2052 3830 «
2092 3765 2396 3841 Domine,
2431 3784 2589 3831 ecce

87 3846 387 3945 perimus:
440 3873 765 3921 succurre
805 3851 1003 3921 nobis
1038 3852 1174 3921 tuis
1214 3854 1469 3922 sanctis
1521 3854 1863 3941 precibus,
1905 3876 1938 3919 »
1984 3851 2108 3921 Illo
2149 3852 2360 3952 igitur
2398 3852 2591 3921 flexis

88 3935 350 4016 gembus
400 3945 604 4009 Deum
642 3940 1072 4029 deprecante,
1113 3943 1338 4010 statim
1391 3963 1578 4009 mare
1626 3942 1903 4028 quievit,
1948 3954 2372 4027 cessavitque
2426 3953 2591 4007 tem-

93 4034 313 4121 pestas
350 4028 438 4095 ita
485 4040 562 4096 ut
596 4042 871 4117 possent
926 4029 1242 4098 homines
1281 4029 1615 4097 admirari
1646 4043 1712 4099 et
1758 4030 2030 4099 dicere:
2085 4031 2244 4113 Quis
2299 4040 2394 4097 est
2455 4029 2585 4108 liic,

93 4127 232 4190 qma
273 4119 448 4183 venti
490 4127 553 4185 et
599 4140 784 4185 marc
824 4119 1132 4187 obediunt
1181 4120 1289 4186 ei?
1332 4119 1598 4206 (Mami.
1639 4120 1806 4205 vni).

137 4197 198 4289 ,ὅ
234 4204 381 4298 32.
412 4204 553 4273 Alio
583 4226 855 4291 quoque
891 4219 1194 4294 tempore
1231 4208 1622 4296 properanti
1655 4208 1713 4275 ei
1755 4209 1820 4275 in
1853 4206 2441 4297 Angliam‚etjam
2479 4226 2595 4272 na-

99 4298 210 4350 v1¹11
245 4309 564 4379 ingresso,
600 4294 880 4378 quidam
913 4317 949 4361 e
979 4296 1245 4363 civibus
1276 4293 1634 4362 Dubliniae
1666 4296 1949 4364 comites
1995 4318 2064 4364 se
2096 4295 2585 4381 adjunxerunt,

145 4404 167 4429 ¹⁸
189 4408 436 4458 Britanniae
457 4418 650 4467 amoris
669 4421 810 4468 regio,
830 4420 905 4459 cui
927 4422 1073 4459 Galles
1094 4430 1262 4459 nomen
1284 4424 1368 4459 cst.
