2993 4837
270 1957 287 1974 ,
396 1899 659 1964 Verano
710 1894 901 1963 tertio
950 1893 1280 1965 Calendas
1327 1894 1748 1964 Novembris.
1802 1899 1956 1962 Post
2001 1892 2307 1962 triduum
2344 1916 2503 1963 cum
2559 1903 2758 1961 nocte
2855 1910 2918 1956 u·

483 291 564 354 ‘24
680 263 692 274 ⁵
791 307 867 352 ns
917 305 1006 352 ss.
1053 305 1361 353 casamo
1411 305 1579 351 nme.
1631 305 1706 351 ετ
1752 303 2020 350 antiano
2071 302 2367 350 ransart.
2411 303 2525 348 nur.
2669 277 2829 348 NOv.
2879 286 2896 346 t

394 386 706 457 adoravit
742 386 1136 467 Dominum,
1163 386 1252 455 ita
1289 385 1564 456 dicens:
1601 408 1638 452 «
1669 385 1951 454 Domine
1980 388 2180 463 Deus,
2210 394 2401 474 pater
2430 381 2696 451 Domini
2727 383 2913 450 nostri
2971 376 2972 381 ’

395 476 556 545 Jesu
614 473 886 554 Christi,
940 474 1222 544 ostende
1272 475 1472 545 nobis
1522 473 2064 543 misericordiam
2131 484 2345 542 tuam.
2379 494 2415 539 »
2464 469 2708 539 Eadem
2771 470 2911 539 hora

375 586 686 639 ,corusca
737 562 851 632 lux
897 563 1201 642 emicuit,
1262 563 1681 653 protexitque
1714 561 1940 631 illum.
1980 561 2053 630 Id
2091 582 2379 631 cernens
2413 560 2729 629 Leontius
2767 563 2914 628 Con-

400 651 676 732 sularis,
731 674 983 741 magna
1016 673 1178 720 voce
1215 651 1427 722 dixit:
1468 674 1504 718 «
1537 657 1701 721 Vere
1743 652 2075 721 Dominus
2125 655 2299 719 Deus
2339 662 2463 730 est,
2500 670 2704 736 quem
2744 669 2912 736 prae—

398 741 584 811 dicat
631 741 987 810 Caesarius
1027 742 1442 821 Diaconus;»
1493 742 1908 828 mittensque
1935 738 2115 808 sead
2154 738 2361 828 pedes
2394 739 2573 807 beati
2623 736 2912 816 Caesarii,

398 828 802 919 exspoliavit
848 851 918 898 se
950 828 1317 919 chlamyde
1364 852 1514 909 sua,
1568 844 1631 898 et
1673 828 1901 900 induit
1927 832 2006 897 ea
2035 829 2309 898 beatum
2369 826 2780 904 Caesarium,
2830 847 2917 893 ro·

399 919 716 1009 gavitque
763 940 921 987 eum
973 940 1203 987 coram
1239 919 1430 987 omni
1469 918 1746 1009 populo,
1802 930 1879 988 ut
1918 938 1989 986 se
2030 916 2423 1006 baptizaret.
2491 916 2669 984 Dixit
2713 925 2914 982 autem

398 1008 463 1077 ei
511 1008 752 1079 beatus
801 1007 1199 1077 Caesarius:
1253 1030 1288 1073 «
1320 1012 1420 1076 Tu
1478 1007 1700 1087 crede,
1737 1019 1802 1075 et
1850 1027 2006 1075 mox
2052 1006 2284 1076 lumen
2342 1003 2784 1093 splendidum
2832 1002 2913 1068 vi-

393 1096 624 1165 debis:
666 1119 701 1162 »
739 1107 1153 1185 acceptaque
1213 1100 1436 1183 aquA,
1491 1094 1858 1184 baptizavit
1919 1116 2078 1164 eum
2142 1094 2211 1162 in
2279 1093 2556 1163 nomine
2605 1092 2814 1162 Patris
2857 1100 2912 1157 et

400 1184 551 1254 Filii
597 1198 661 1257 et
711 1183 967 1275 Spiritu
1017 1184 1283 1265 Sancti;
1320 1184 1831 1271 adveniensque
1853 1183 2178 1254 Julianus
2204 1183 2584 1270 Presbyter,
2644 1177 2915 1271 porrexit

396 1273 459 1343 ei
492 1295 747 1363 corpus
795 1286 859 1343 et
912 1274 1322 1373 sanguinem
1364 1274 1629 1342 Domini
1682 1272 1894 1343 nostri
1943 1272 2102 1341 Jesu
2157 1271 2428 1341 Christi.
2484 1277 2788 1357 Cumque
2831 1290 2919 1336 sa-

399 1374 751 1432 cramenta
802 1374 1238 1452 percepisset,
1293 1361 1534 1431 beatus
1585 1362 1911 1431 Julianus
1956 1360 2174 1430 oravit
2238 1382 2445 1450 super
2492 1372 2705 1450 caput
2748 1357 2916 1446 ejus:

397 1450 732 1538 finitaque
779 1450 1109 1529 oratione,
1166 1450 1484 1531 Leontius
1526 1450 1825 1519 reddidit
1874 1450 2220 1538 spiritum.

487 1542 524 1627 ξ
571 1545 658 1611 6.
719 1538 968 1608 Eodcm
1017 1538 1129 1607 die
1170 1539 1512 1609 Luxurias
1546 1540 1763 1609 tenuit
1792 1538 2159 1608 Julianum
2215 1536 2718 1627 presbyterum,
2757 1532 2919 1603 tulit-

396 1650 533 1715 que
566 1628 973 1697 sententiam
1025 1626 1092 1696 in
1129 1648 1286 1696 eum
1327 1640 1391 1697 et
1421 1629 1812 1698 Caesarium
1856 1628 2254 1707 Diaconum,
2310 1639 2384 1696 ut
2415 1626 2622 1695 ambo
2674 1624 2744 1693 in
2792 1642 2918 1691 sac-

396 1739 557 1786 cum
596 1716 871 1797 inclusi,
927 1715 993 1784 in
1044 1738 1231 1785 marc
1274 1716 1910 1806 praecipitarentur.
1957 1721 2161 1785 Porro
2201 1715 2458 1784 Leontii
2499 1736 2757 1803 corpus
2802 1708 2919 1780 col-

402 1805 714 1895 legerunt
762 1827 931 1874 uxor
957 1818 1022 1873 et
1070 1805 1194 1873 filii
1224 1806 1398 1894 ejuS,
1455 1804 2010 1894 sepelieruntque
2046 1825 2254 1893 prope
2286 1804 2630 1874 civitatem
2670 1802 2738 1870 in
2778 1822 2812 1868 a
2865 1819 2920 1865 ro

397 1997 716 2053 cerentur
744 1982 1067 2051 Julianus
1114 1984 1473 2072 Presbyter
1519 1996 1583 2052 et
1623 1982 1977 2052 Caesarius
2010 1981 2373 2063 Diaconus,
2415 1993 2488 2050 ut
2532 1976 2920 2071 praecipites

397 2071 530 2141 acti
584 2071 653 2140 in
709 2093 917 2152 mare,
972 2071 1620 2161 submergerentur,
1676 2072 1916 2142 beatus
1971 2070 2324 2141 Caesarius
2362 2070 2535 2139 dixit
2584 2068 2672 2137 ad
2726 2071 2921 2135 Luxu·

400 2160 622 2230 rium:
663 2185 697 2227 «
730 2165 828 2228 Me
859 2158 1136 2247 quidem
1190 2182 1392 2245 aqua,
1445 2182 1621 2246 quae
1657 2182 1764 2230 me
1810 2158 2252 2250 regeneravit,
2299 2171 2656 2246 tamquam
2720 2155 2916 2225 filiun]

399 2271 606 2320 suum
638 2271 717 2319 ex
751 2271 822 2318 se
856 2260 1167 2317 renatum
1210 2249 1563 2339 suscipiet,
1608 2261 1684 2319 ut
1717 2270 1825 2317 me
1865 2269 2050 2317 nunc
2084 2261 2450 2336 martyrem
2501 2245 2756 2315 efficiat
2780 2262 2916 2311 cum

398 2351 590 2428 patre
632 2359 780 2406 meo
827 2335 1129 2415 Julian0,
1181 2338 1300 2425 qui
1334 2359 1442 2407 me
1489 2350 1689 2407 antea
1737 2336 1891 2407 fecit
1924 2336 2428 2407 Christianum:
2486 2347 2547 2406 te
2589 2357 2771 2413 vero,
2809 2335 2922 2400 Lu·

396 2427 575 2505 xuri,
631 2426 833 2496 hodie
864 2425 1173 2495 comedet
1202 2425 1507 2508 coluber,
1547 2442 1620 2497 ut
1650 2438 2017 2518 cognoscat
2047 2427 2274 2497 omnis
2308 2425 2476 2495 haec
2513 2425 2729 2523 regio,
2760 2415 2920 2509 quod

398 2515 694 2585 vindicet
765 2515 1095 2584 Dominus
1157 2514 1566 2604 sanguinem
1630 2538 1980 2585 servorum
2063 2536 2388 2592 suorum,
2454 2527 2519 2583 et
2560 2513 2918 2603 virginum,

394 2626 571 2690 quas
607 2617 679 2672 tu
716 2603 995 2692 ignibus
1027 2604 1503 2682 concremasti.
1548 2628 1582 2671 »
1621 2604 1869 2674 Deinde
1921 2604 2111 2672 missi
2160 2605 2230 2673 in
2282 2624 2557 2672 saccum
2615 2602 2923 2672 Julianus

395 2692 753 2780 Presbyter
781 2704 846 2760 et
893 2692 1246 2761 Caesarius
1291 2694 1649 2772 DiaconuS,
1708 2694 1776 2762 in
1829 2714 2015 2761 mare
2080 2691 2501 2782 praecipitati
2552 2703 2754 2761 sunt:
2821 2681 2922 2754 sed

390 2780 632 2850 eodem
664 2779 775 2848 dic
810 2780 876 2847 in
916 2779 1103 2849 littus
1134 2803 1369 2849 eorum
1406 2804 1692 2869 corpora
1725 2782 1939 2868 ejecta
1985 2794 2180 2859 sunt,
2236 2780 2350 2850 ubi
2395 2780 2672 2866 jacebat
2725 2783 2921 2847 Luxu·
2971 2841 2972 2844 ,

393 2869 541 2938 rius
577 2883 756 2938 totus
789 2868 1072 2939 inssatus
1119 2885 1183 2938 et
1233 2870 1566 2948 tumidus,
1620 2871 1879 2959 quippe
1912 2892 1951 2938 a
1987 2883 2300 2959 serpente
2330 2891 2729 2959 percussus.
2765 2867 2921 2934 lerat
2971 2947 2972 2952 ἵ

390 2959 577 3028 enirn
616 2956 730 3026 ille
761 2964 968 3044 eques
1002 2956 1086 3025 ad
1138 2957 1370 3032 villam
1432 2981 1657 3039 suam,
1697 2959 1792 3028 ibi
1895 2980 2273 3028 ransurus:
2325 2970 2393 3027 et
2440 2956 2605 3044 quia
2658 2955 2921 3026 festina·

394 3046 530 3125 bat,
592 3044 781 3115 solus
825 3045 1236 3148 praecessit:
1272 3069 1572 3134 cumque
1603 3069 1810 3135 quam
1868 3069 1977 3115 am
2032 3047 2425 3136 praeteriret
2470 3047 2816 3123 arborem,
2848 3038 2924 3107 ob

393 3134 734 3204 maleficia
780 3157 934 3222 ejus
981 3156 1262 3225 serpens
1331 3137 1617 3222 quidam
1679 3135 1919 3227 lapsus
1965 3149 2067 3205 est
2117 3158 2236 3226 per
2294 3148 2502 3226 caput
2548 3133 2707 3223 ejus
2767 3133 2927 3201 inter
2971 3135 2972 3144 ’

390 3222 644 3294 collum
697 3236 761 3293 et
811 3222 1137 3303 tunicam,
1184 3237 1387 3310 atque
1436 3224 1597 3294 inde
1642 3224 1729 3293 ad
1783 3237 2083 3294 ventrem
2132 3225 2306 3311 ejuS,
2365 3224 2713 3311 lateraque
2757 3239 2923 3291 mor-
2971 3263 2972 3266 ,

391 3313 588 3384 sibus
629 3312 977 3393 laceranS,
1031 3334 1253 3399 usque
1291 3312 1375 3382 ad
1433 3335 1553 3383 cor
1604 3313 1791 3383 illius
1848 3314 2243 3402 penetravit.
2299 3318 2504 3383 Totus
2557 3312 2771 3403 igitur
2827 3307 2920 3376 in·
2971 3335 2972 3356 1

391 3412 806 3481 tumescenS,
849 3400 1122 3490 jacebat
1156 3401 1392 3470 humi:
1434 3401 1548 3472 sed
1597 3416 1818 3471 tamen
1853 3402 2256 3490 priusquam
2290 3402 2592 3471 animam
2644 3400 2919 3471 afflaret,
2971 3435 2972 3480 2

392 3489 813 3560 viditoculis
862 3489 1009 3560 suis
1108 3488 1428 3559 sallentes
1475 3490 1788 3581 AngelOS,
1825 3506 1890 3560 et
1922 3491 2300 3561 admodum
2351 3490 2731 3561 honorifice
2782 3504 2922 3556 cor·
2971 3495 2972 3526 l

392 3601 557 3670 pora
614 3592 1005 3649 sanctorum
1098 3577 1311 3647 uliani
1368 3592 1432 3648 et
1480 3580 1770 3649 Caesarii
1842 3602 1922 3649 ex
1965 3580 2179 3650 ⁴undis
2234 3587 2705 3666 exportantes:
2760 3590 2923 3662 quae
2971 3581 2972 3666 ᾗ

390 3667 675 3755 quidam
728 3689 964 3738 servus
1014 3667 1152 3747 Dei,
1205 3667 1326 3753 qui
1373 3690 1532 3737 cum
1588 3669 1725 3738 illis
1758 3667 2200 3748 habitaverat,
2253 3667 2552 3758 collegit,
2589 3678 2924 3748 noctuque
2971 3705 2972 3708 =

388 3757 700 3915 {epelivit
747 3756 930 3848 apud
982 3755 1348 3825 Taracinas
1397 3756 1713 3827 Calendis
1760 3757 2184 3827 Novembris.
2247 3756 2583 3828 Eusebius
2635 3758 2692 3826 is
2746 3753 2923 3823 dice-

439 3859 617 3915 atur.

480 3936 516 4022 ξ
562 3938 638 4005 ⁸2.
693 3938 848 4003 Post
896 3934 1042 4004 dies
1073 3946 1300 4003 autem
1353 3934 1663 4021 quinque
1711 3934 1892 4003 idem
1946 3933 2284 4004 Eusebius
2337 3933 2657 4004 inventus
2706 3944 2806 4001 est
2851 3944 2923 3994 eo

387 4020 560 4103 loce,
599 4043 736 4109 quo
784 4022 1186 4093 condiderat
1234 4022 1464 4092 beatos
1516 4028 1865 4113 Martyres,
1905 4023 2280 4123 jeJunans,
2333 4036 2398 4093 et
2445 4045 2651 4093 orans
2709 4014 2922 4090 Domi-
2971 4087 2972 4090 ,

387 4134 584 4192 num,
639 4123 702 4179 et
754 4110 1075 4200 psallens.
1109 4111 1183 4181 Id
1233 4133 1392 4181 cum
1431 4133 1565 4181 non
1622 4113 1823 4203 pauci
1861 4111 2166 4182 viderent
2203 4112 2689 4181 Taracinenses
2722 4110 2915 4179 cives,
2971 4121 2972 4136 *

385 4200 568 4290 quod
623 4221 757 4268 non
797 4199 995 4289 longe
1029 4199 1117 4270 ab
1166 4200 1337 4270 urbe
1384 4215 1560 4271 esset
1611 4201 1824 4282 locus,
1866 4201 2284 4271 accedebant
2331 4200 2415 4269 ad
2479 4201 2748 4270 beatum
2800 4197 2922 4261 Eu·

387 4290 681 4369 sebium,
725 4301 789 4357 et
837 4288 1171 4367 conversi,
1227 4310 1266 4358 a
1307 4290 1503 4361 beato
1554 4289 1771 4360 Felice
1806 4288 2202 4380 presbytero
2248 4289 2796 4379 baptizabantur.
2847 4275 2914 4347 Id

385 4379 505 4451 ubi
541 4376 876 4468 comperit
925 4375 1244 4446 Leontius
1293 4378 1550 4448 Leontii
1613 4378 2008 4449 Consularis
2067 4379 2292 4460 filius,
2357 4377 2776 4449 furibundus
2838 4367 2918 4436 ob
