2993 4837
515 304 643 366 410
1163 322 1239 365 m:
1288 321 1345 366 s.
1399 320 1675 367 mammo
1724 322 1822 366 ΕΡ.
1875 320 2231 366 Tuaortizxffl
2634 302 2782 366 Nor.
2818 302 2871 365 ll

426 427 646 494 genua
699 403 1017 483 flexisset,
1072 405 1191 473 ubi
1251 417 1730 473 consummata
1791 404 2096 473 oratione
2144 404 2479 485 surrexit,
2532 405 2737 473 vivum
2776 414 2903 493 pari

429 493 662 562 vulum
696 492 895 561 matri
946 493 1261 561 restituit.
1314 498 1480 561 Tum
1515 514 1669 561 vero
1707 492 2077 563 multitudo
2124 493 2377 572 omnis,
2421 493 2488 561 in
2524 492 2762 563 coelum
2787 492 2889 575 ch}

427 603 615 650 rnore
663 581 955 662 sublat0,
993 582 1335 651 Christum
1379 582 1742 651 Dominum
1794 582 2014 665 fateri,
2086 596 2429 672 postremo
2474 582 2694 651 cuncti
2745 594 2893 653 cau-

427 671 629 739 vatim
666 670 748 737 ad
786 692 1010 760 genua
1065 670 1243 739 beati
1284 669 1409 739 viri
1462 691 1659 739 ruere
1706 684 2102 760 coeperunt,
2171 670 2464 739 fideliter
2522 669 2889 760 postulantes,

427 771 502 827 ut
534 780 649 827 eos
679 757 929 827 faceret
977 759 1420 828 Christianos.
1447 764 1577 827 Nec
1612 771 1999 839 cunctatus,
2034 760 2104 827 in
2146 759 2393 838 medi0‚
2434 772 2686 838 uterat‚
2714 778 2897 848 canpe

428 859 712 917 cunctos
760 847 1082 937 imposita
1116 848 1457 917 universis
1510 870 1745 928 manu,
1789 848 2320 918 catechumenos
2369 847 2550 926 fecit,
2608 870 2751 916 curn
2788 845 2903 934 qai-

424 936 577 1004 dem
629 935 711 1004 ad
766 958 890 1007 nos
936 957 1308 1005 conversus
1348 935 1626 1016 diceret,
1669 958 1801 1006 non
1855 937 2417 1006 irrationabiliter
2465 936 2536 1004 in
2583 956 2899 1025 campoca-

427 1024 870 1094 techumenos
911 1024 1084 1105 fieri,
1141 1025 1262 1094 ubi
1314 1023 1535 1095 solent
1586 1036 1919 1114 martyres
1969 1026 2386 1095 consecrari.

512 1116 547 1200 ξ
594 1118 681 1185 ὅ.
735 1113 983 1182 Eodem
1037 1114 1172 1183 fere
1221 1126 1547 1201 tempore,
1602 1136 1758 1182 curn
1820 1115 2120 1203 primurn
2165 1115 2548 1202 Episcopus
2594 1112 2779 1183 datus
2812 1122 2903 1191 eet.

425 1201 555 1271 fuit
610 1202 673 1269 ei
721 1202 1092 1273 necessitas
1162 1201 1352 1271 adire
1418 1203 1845 1271 comitatum.
1899 1202 2422 1271 Valentinianus
2475 1203 2510 1237 ⁴*
2560 1213 2697 1271 tum
2744 1200 2907 1285 major

426 1312 657 1358 rerum
706 1290 1114 1380 potiebatur.
1171 1296 1236 1360 Is
1274 1312 1431 1359 cum
1487 1292 1852 1360 Martinum
1886 1313 1963 1360 ea
2003 1304 2225 1379 petere
2270 1291 2733 1379 cognovisset,
2776 1311 2808 1375 q

430 1390 772 1467 praestare
826 1378 1135 1457 nolebat,
1182 1380 1391 1462 jussit
1436 1400 1595 1448 eum
1677 1378 1910 1469 palatii
1960 1379 2222 1451 foribus
2269 1379 2514 1448 arceri.
2572 1378 2808 1448 Etenim

423 1470 737 1536 animum
789 1468 977 1536 illius
1009 1469 1341 1536 immitem
1378 1479 1583 1554 atque
1618 1468 1993 1557 superbum
2032 1490 2203 1538 uxor
2249 1483 2630 1537 accesserat
2659 1467 2821 1536 Arria

422 1578 597 1642 quae
622 1568 831 1624 totum
885 1556 1079 1626 illum
1133 1579 1171 1624 a
1206 1568 1440 1625 sancto
1490 1557 1656 1636 vir0,
1715 1578 1796 1623 ne
1834 1557 1894 1625 ei
1946 1556 2243 1627 debitam
2298 1558 2799 1644 reverentiamp

425 1657 653 1724 staret,
702 1656 1053 1713 averterat.
1108 1650 1343 1730 Itaque
1383 1646 1714 1714 Martinus
1762 1647 1886 1714 ubi
1927 1646 2135 1715 semel
2187 1659 2389 1731 atque
2432 1646 2680 1714 iterum
2727 1667 2799 1712 su
2890 1706 2891 1709 ,

427 1734 590 1802 bum
635 1734 1011 1821 principem
1049 1732 1296 1802 frustra
1348 1733 1538 1802 adire
1572 1734 1872 1814 tentavit,
1933 1735 2222 1804 recurrit
2257 1734 2340 1802 ad
2386 1747 2544 1803 nota
2588 1733 2789 1824 praesi
2836 1732 2903 1799 ia·

423 1822 649 1890 cilicio
719 1822 1136 1901 obvolvitur,
1191 1823 1419 1890 cinere
1475 1824 1993 1912 conspergitur,
2056 1824 2209 1893 cibo
2261 1835 2564 1911 potuque
2621 1823 2905 1897 abstinet.

424 1911 796 1979 orationem
854 1911 1191 1989 noctibuS,
1235 1911 1617 1996 diebusque
1671 1924 2047 2000 perpetuat.
2107 1914 2407 2012 Septimo
2459 1934 2616 1980 vero
2662 1910 2763 1978 die
2795 1904 2899 1978 assi

426 2001 539 2067 stit
587 1999 648 2067 ei
697 1998 1018 2089 Angelus,
1061 2000 1395 2088 jubetque
1442 2022 1596 2067 euin
1651 2000 1733 2067 ad
1792 1999 2119 2088 palatium
2187 2023 2283 2069 ire
2339 2022 2688 2078 securum,
2749 1997 2859 2088 reg'

423 2088 620 2168 foreS,
675 2089 1182 2174 quantumlibet
1221 2088 1517 2167 clausaS‚
1573 2101 1813 2177 sponte
1866 2089 2289 2169 reseranda5‚
2362 2088 2794 2178 Imperatoris
2831 2108 2859 2155 s

426 2177 710 2266 perbum
749 2178 1066 2266 spiritum
1117 2175 1592 2246 molliendum.
1628 2177 1848 2266 Igitur
1876 2177 2263 2246 istiusmodi
2305 2178 2685 2265 praesentis
2729 2170 2909 2263 Auges:

422 2266 870 2335 confirmatus
918 2265 1260 2351 alloquin,
1314 2278 1377 2333 et
1426 2263 1639 2335 fretus
1693 2266 1949 2334 auxilio
1986 2320 2000 2345 ‚
2074 2266 2398 2353 palatium
2472 2267 2659 2355 petit.
2733 2270 2909 2334 Patent

427 2355 689 2436 limina,
736 2353 971 2424 nullus
1018 2355 1320 2435 obsistit,
1380 2367 1720 2443 postremo
1754 2376 1989 2441 ¹usque
2036 2354 2117 2423 ad
2178 2360 2429 2456 Regem
2484 2355 2754 2424 nemine
2793 2372 2913 2510 gro-

424 2445 721 2523 bibente,
782 2444 1104 2532 pervenit.
1137 2444 1261 2526 Qui
1300 2467 1458 2513 cum
1513 2445 1890 2512 venientem
1933 2444 2209 2513 eminus
2251 2444 2532 2526 videret,
2575 2444 2785 2513 infren
2832 2459 2917 2510 ens

423 2556 549 2601 cur
587 2533 825 2600 fuisset
857 2531 1227 2612 admissus,
1267 2554 1697 2618 nequaquam
1751 2554 2112 2620 assurgere
2144 2547 2246 2602 est
2284 2532 2617 2622 dignatus
2645 2527 2913 2600 adstanti.

422 2621 639 2689 donec
688 2621 943 2709 regiam
982 2620 1218 2688 sellam
1273 2621 1454 2688 irruis
1487 2622 1804 2710 operiret,
1843 2622 2211 2710 ipsumque
2250 2627 2499 2711 Regem
2553 2644 2635 2691 ea
2667 2619 2893 2710 corpo'

428 2723 635 2798 parte,
709 2730 845 2795 qua
894 2708 1191 2788 sedebat,
1262 2675 1522 2778 afflaret
1586 2709 2012 2778 incendium.
2068 2715 2165 2779 Ita
2217 2709 2386 2781 solio
2437 2732 2563 2779 suo
2630 2708 2917 2799 superba

422 2800 783 2876 excutitur,
854 2810 916 2864 et
967 2799 1251 2867 Martino
1320 2798 1574 2867 invitus
1632 2799 1956 2886 assurgit;
2041 2798 2911 2888 multumque.comple1us‚

424 2907 625 2971 quem
672 2907 990 2971 spernere
1020 2900 1177 2955 ante
1197 2886 1605 2966 decreverat,
1637 2887 1951 2955 virtutem
1985 2908 2056 2955 se
2081 2888 2378 2958 sensisse
2410 2888 2716 2957 divinam
2744 2903 2917 2956 emen-

423 2974 643 3042 datior
689 2973 1045 3044 fatebatur.
1102 2980 1232 3044 Nec
1280 2976 1686 3063 exspectatis
1742 2975 2010 3044 Martini
2065 2976 2421 3065 precibus,
2492 2978 2688 3066 prius
2733 2973 2915 3045 omnia

428 3063 782 3152 praestitit,
843 3085 1049 3149 quam
1111 3076 1487 3154 rogaretur.
1544 3063 1892 3151 Colloquio
1957 3064 2151 3133 illurn
2206 3077 2408 3151 atque
2467 3067 2778 3135 convivio
2828 3062 2917 3158 fre-

423 3165 709 3239 quenter
734 3151 1043 3231 adscivit,
1094 3165 1435 3242 postremo
1466 3153 1747 3222 abeunti
1785 3151 2002 3222 multa
2031 3154 2623 3223 muneraobtulit:
2665 3175 2827 3241 quae
2854 3167 2920 3214 nr

424 3241 687 3321 beatus,
728 3253 800 3311 ut
833 3262 1102 3332 semper
1151 3242 1574 3330 paupertatis
1621 3254 1876 3322 custOS,
1932 3255 2184 3311 cuncta
2234 3243 2487 3331 rejecit.
2534 3248 2611 3311 Et
2644 3244 2800 3330 quia
2840 3258 2921 3328 pa·

427 3330 664 3398 latium
712 3329 916 3398 semel
956 3330 1246 3420 ingressi
1282 3352 1550 3410 sumus,
1610 3329 1765 3399 licet
1797 3330 2087 3399 diversis
2136 3332 2202 3398 in
2244 3330 2498 3420 palatio
2549 3330 2920 3421 temporibus

425 3432 610 3506 gesta
684 3432 1132 3498 connectam,
1215 3440 1646 3504 nequaquam
1716 3420 1898 3488 enim
1968 3419 2649 3509 praetermittendum
2704 3418 2919 3487 videtur

425 3510 607 3577 circa
661 3508 928 3576 Martini
963 3507 1487 3577 admirationem
1529 3508 1827 3597 Reginae
1877 3507 2103 3577 fidelis
2148 3507 2573 3598 exemplum.
2908 3587 2917 3596 ,

513 3601 548 3684 §
597 3601 689 3668 6.
748 3598 1081 3665 Maximus
1131 3601 1510 3686 Imperator
1553 3597 2076 3686 Rctnpublicarn
2132 3597 2587 3688 gubernabat,
2636 3598 2736 3666 vir
2777 3609 2919 3665 orum

426 3686 597 3753 vitae
631 3685 868 3753 merito
920 3684 1461 3773 praedicandus,
1544 3686 1602 3753 si
1648 3685 1707 3753 ei
1761 3685 1861 3754 vel
1915 3685 2233 3754 diadema
2284 3707 2418 3754 non
2468 3686 2528 3754 le
2584 3687 2803 3764 itirne‚
2848 3696 2919 3776 ψ·

429 3773 810 3842 inultuante
852 3772 1088 3853 milite,
1145 3774 1542 3862 impositum
1581 3773 1967 3864 repudiare,
2018 3773 2115 3844 vel
2149 3775 2366 3843 armis
2411 3775 2542 3844 civi
2581 3775 2730 3844 ibus
2757 3772 2919 3862 absti-

426 3884 587 3931 nere
629 3862 956 3932 licuisset.
998 3862 1124 3932 Sed
1177 3884 1508 3952 magnum
1576 3864 1955 3963 Imperium
2011 3884 2132 3932 nec
2174 3864 2321 3934 sine
2378 3863 2685 3952 periculo
2743 3876 2913 3930 renut,

428 3973 550 4020 nec
604 3952 751 4019 sine
799 3952 1010 4020 armis
1068 3952 1287 4040 potuit
1332 3951 1569 4020 teneri.
1623 3956 1747 4020 Hic
1813 3952 2175 4020 Martinum
2240 3952 2518 4040 saepius
2564 3964 2912 4037 evocatum.
2956 3963 2959 3996 ⁴

427 4053 916 4128 receptumque
972 4041 1144 4109 intra
1200 4040 1559 4130 palatium,
1617 4040 2095 4110 venerabiliter
2149 4040 2554 4110 honorabat.
2621 4047 2804 4109 Totus
2845 4029 2915 4100 illl

424 4151 579 4196 curn
619 4150 698 4197 eo
737 4150 962 4197 sermo
991 4128 1075 4198 de
1126 4130 1626 4218 praesentibuS‚
1666 4128 1750 4197 de
1800 4129 2075 4209 futuris,
2125 4129 2208 4198 de
2256 4129 2565 4198 fidelium
2616 4127 2831 4219 gloria,
2855 4118 2913 4186 de

426 4218 820 4285 aeternitate
881 4230 1322 4287 sanctorum:
1391 4239 1551 4287 cum
1605 4218 1876 4287 interim
1936 4218 2182 4288 diebus
2236 4239 2312 4287 ac
2356 4219 2666 4288 noctibus
2715 4216 2789 4283 de
2830 4226 2912 4278 ort³

478 4376 503 4401 *¹
533 4374 894 4416 Valentinianus
925 4381 959 4420 1.
989 4381 1068 4426 qut
1101 4381 1157 4418 ab
1191 4391 1311 4418 anno
1347 4382 1424 4418 304
1463 4382 1519 4419 art
1556 4383 1631 4419 :375
1664 4382 1853 4429 imperit
1887 4382 2207 4428 gubernacula
2239 4382 2409 4422 tenuit.
2446 4384 2557 4430 Ejus
2589 4391 2694 4420 uxor
2724 4369 2909 4428 (secundi

426 4424 624 4474 scilicet,
644 4429 700 4467 de
722 4439 812 4476 qua
833 4433 1097 4470 almoricus
1119 4437 1279 4472 noster
1300 4431 1599 4483 dicit)„imptt
1620 4436 1717 4473 Arii
1740 4436 1978 4480 sectatrix,
1996 4436 2187 4475 Justnm
2206 4437 2478 4476 vocabatur.
