2993 4837
100 364 233 431 NOV.
282 367 315 430 t
875 385 952 430 ne
1000 385 1054 430 S.
1108 383 1349 432 canoto
1400 381 1737 432 nonaomto
2369 370 2496 434 163

101 468 281 537 tertiae
309 468 831 558 supplicationis
862 469 1081 558 gratia
1114 469 1398 539 Carolus
1435 469 1672 539 itidem
1709 471 1796 539 ob
1844 469 2199 540 Jubileum
2251 471 2333 540 ad
2370 475 2586 542 sancti

98 556 464 646 Simpliciani
514 579 681 627 cum
732 556 911 627 clero
966 559 1296 639 venisset,
1365 558 1575 627 aliam
1625 558 1991 629 celebravit
2042 559 2584 630 translationem.

93 653 297 716 Arenae
343 647 405 714 in
446 647 741 716 ecclesia
776 658 1168 717 sanctorum
1205 647 1422 716 Felini
1469 660 1533 717 et
1567 647 1983 728 Gratiniani,
2028 670 2236 735 quam
2276 649 2589 720 Societati

92 739 222 804 lesu
253 734 551 805 traditam
613 734 959 818 diximu5‚
1014 747 1212 806 erant
1259 758 1550 827 corpora
1599 748 1991 806 sanctorum
2045 751 2431 828 martyrum
2481 739 2590 807 Fi-

96 822 225 893 delis
269 836 328 893 et
371 824 835 914 Carpophori3
897 847 1055 895 cum
1125 847 1363 895 eorum
1428 826 1762 894 memoria
1822 827 1889 893 in
1942 825 2196 915 oppido
2246 828 2353 897 vix
2404 828 2587 918 vige-

98 923 184 992 ret;
226 910 396 982 locus
443 926 626 982 certe
698 913 999 1004 sepulcri
1049 913 1533 1005 ignoraretur;
1591 913 1907 1004 religiosa
1959 925 2230 1004 patrum
2282 921 2473 998 cura,
2518 918 2585 985 in

91 1000 242 1069 altari
285 1003 554 1072 demum
592 1003 872 1071 inventa
907 1016 1093 1072 sunt.
1144 1006 1358 1090 Atque
1387 1024 1549 1072 cum
1587 1004 1829 1073 veteris
1880 1016 1944 1073 et
1994 1018 2324 1094 angustae
2370 1006 2588 1075 sancti

92 1088 287 1159 Fidelis
327 1085 654 1160 ecclesiae
703 1090 876 1172 loco,
907 1114 1113 1179 quarn
1144 1091 1244 1161 eis
1278 1091 1442 1161 olim
1478 1091 1758 1162 Carolus
1791 1092 2155 1161 Mediolani
2193 1094 2583 1176 tradiderat,

90 1177 332 1267 amplam
396 1194 460 1249 et
509 1180 957 1270 magnificam
1026 1202 1107 1250 ex
1155 1180 1409 1250 civium
1461 1180 1865 1250 liberalitate
1915 1182 2301 1270 coepissent
2348 1183 2589 1252 aedifi-

93 1287 227 1346 care,
268 1267 345 1336 ad
389 1281 792 1339 sanctorum
844 1269 1106 1339 cultum
1174 1268 1759 1360 magnificentius,
1812 1284 1877 1338 et
1925 1270 2007 1338 ad
2064 1269 2437 1340 multorum
2483 1294 2589 1342 sa-

95 1352 251 1424 lutem
293 1357 531 1428 utilius
572 1359 718 1429 sore
764 1359 1271 1439 existimarunt,
1308 1358 1366 1428 si
1414 1381 1492 1428 ea
1542 1381 1827 1448 corpora
1864 1358 2323 1429 Mediolanum
2365 1373 2589 1430 trans-

93 1441 384 1526 ferrentur,
441 1459 507 1516 et
560 1446 813 1516 Fidelis
860 1469 1147 1548 corpuS,
1222 1469 1365 1517 una
1431 1470 1592 1517 cum
1657 1447 1972 1536 martyrii
2023 1448 2207 1518 socio
2256 1449 2323 1516 in
2378 1471 2578 1518 suam

88 1531 267 1601 aedem
314 1534 704 1606 referretur.
757 1541 848 1605 Ea
909 1536 1123 1626 igitur
1178 1558 1257 1606 ex
1306 1536 1527 1606 Caroli
1575 1557 1963 1615 consensu,
2017 1537 2139 1623 qui
2187 1559 2274 1626 op
2332 1537 2426 1606 idi
2477 1537 2587 1606 sui

48 1620 381 1712 ¹rationem,
435 1625 744 1716 augendi
807 1624 1040 1694 cultus
1088 1626 1359 1705 caussa,
1435 1625 1722 1694 minime
1774 1625 2152 1706 habuerat,
2210 1650 2247 1694 a
2366 1626 2584 1696 sancti

48 1708 454 1800 ¹simpliciani
505 1714 868 1784 ecclesiam
945 1713 1264 1804 privatim
1339 1713 1739 1803 deportata,
1809 1713 2099 1783 solemni
2166 1714 2304 1784 ritu
2384 1729 2587 1802 atque

48 1813 359 1886 ,apparatu
406 1802 493 1872 ad
547 1802 1001 1873 constitutum
1075 1801 1299 1872 locum
1358 1801 1830 1872 transferenda
1891 1816 2106 1872 erant.
2165 1803 2445 1874 Carolus
2508 1826 2587 1873 eo

48 1887 51 1904 '
82 1883 209 1957 feria
232 1903 399 1960 sexta
436 1904 640 1961 nocte
676 1891 881 1971 venit,
916 1891 1244 1979 reliquias
1292 1892 1706 1981 composuit,
1738 1890 1970 1960 divina
2022 1905 2397 1962 nocturnae
2434 1915 2587 1982 prc-

80 1978 311 2047 tationis
355 1980 588 2050 officia
642 1980 852 2064 obiit;
919 1980 1014 2049 ibi
1071 1980 1201 2051 suit
1250 1979 1467 2049 donec
1525 1980 1642 2050 lux
1697 1980 2311 2070 appropinquaret;
2387 2003 2587 2051 mane

64 2077 275 2146 autem,
316 2082 486 2139 stata
531 2068 1045 2160 supplicatione
1077 2068 1415 2148 absoluta,
1448 2075 1498 2137 V
1549 2068 1714 2137 Idus
1775 2069 2031 2139 mensis
2091 2070 2397 2226 efljusdem
2428 2125 2443 2152 ,
2497 2069 2585 2139 ad

88 2171 242 2223 novae
284 2158 618 2244 ecclesiae
668 2157 893 2227 locum
943 2180 1060 2228 eas
1096 2180 1347 2244 magna
1396 2157 1789 2227 celebritate
1844 2169 2111 2227 transtu
2145 2157 2216 2238 it,
2257 2159 2429 2247 ipsis
2479 2181 2586 2227 so·

88 2240 284 2314 rietatis
330 2246 609 2317 clericis
668 2246 1154 2316 umbraculum
1208 2247 1491 2317 honoris
1533 2249 1783 2317 caussa
1840 2267 2054 2336 supra
2102 2245 2422 2316 feretrum
2475 2268 2585 2336 ge·

90 2333 386 2405 stantibus.
440 2341 521 2405 At
645 2336 898 2427 opulus
973 2337 1380 2415 AronensiS,
1434 2357 1573 2423 quo
1651 2335 1872 2405 inscio
1951 2357 2239 2426 corpora
2315 2335 2587 2405 fuerant

48 2430 387 2509 tasportata,
447 2448 593 2516 pau
624 2447 664 2494 o
717 2437 887 2515 post,
930 2447 1090 2496 cum
1144 2425 1211 2494 id
1263 2425 1717 2515 cognovisset,
1759 2423 1953 2494 valde
1985 2436 2395 2505 commotuS,
2444 2425 2584 2494 acri

80 2508 397 2583 admodum
445 2513 708 2594 studi0,
761 2526 838 2583 ut
894 2515 1258 2583 vehemens
1316 2536 1462 2584 esse
1513 2513 1684 2583 solet
1743 2514 1813 2582 in
1872 2514 2275 2603 hujusmodi
2337 2536 2585 2604 genere

48 2600 381 2697 ,popularis
420 2604 755 2693 impetus,
791 2601 874 2672 de
924 2602 1418 2692 recuperandis
1469 2602 1782 2690 reliquiis
1830 2602 2098 2683 institit,
2159 2625 2380 2691 neque
2420 2624 2583 2673 con-

48 2672 299 2791 {qutevia
329 2691 555 2762 donec
587 2713 827 2761 eorum
869 2706 1125 2782 partem
1166 2715 1204 2761 a
1238 2691 1476 2762 Carolo
1507 2713 1664 2761 acce
1722 2702 1855 2761 tam
1893 2691 1964 2759 in
2000 2692 2313 2761 eamdem
2365 2691 2581 2761 eccle-

48 2773 208 2873 tsiam
250 2784 541 2850 Aronam
601 2778 901 2849 referret.
947 2780 1205 2850 Addam
1244 2780 1450 2850 aliam
1505 2714 1800 2849 simiiem
1858 2779 2346 2862 celebritatem,
2408 2802 2585 2867 quae

48 2858 484 2955 [fuitejusdem
541 2869 714 2939 anni
768 2891 999 2939 mense
1045 2868 1264 2939 Julio.
1318 2869 1612 2939 Obsecro
1669 2881 1925 2950 autem,
1983 2869 2042 2938 si
2089 2870 2203 2940 cui
2260 2869 2429 2939 forte
2482 2870 2582 2938 vi-

48 2950 236 3047 gdebor
277 2978 380 3027 res
430 2957 848 3046 hujusmodi
903 2969 1022 3028 aut
1068 2957 1475 3047 diligentius
1522 2957 1868 3048 colligere,
1931 2971 2051 3027 aut
2097 2957 2418 3049 pluribus
2467 2980 2582 3028 ex-

48 3052 53 3171 Ι
86 3056 288 3126 ponere,
325 3069 545 3133 quam
576 3048 659 3116 ad
699 3048 1127 3137 propositum
1165 3047 1370 3115 finem
1410 3048 1694 3127 intento,
1735 3047 2268 3136 properantique
2302 3060 2578 3137 gratum

48 3124 358 3233 ¹rideatur,
393 3140 485 3206 ‘ut
521 3157 743 3222 aequo
793 3136 1026 3205 animo
1078 3137 1398 3226 patiatur,
1438 3135 1705 3223 aliquid
1756 3157 1865 3204 me
1900 3157 2130 3204 rerum
2190 3148 2578 3205 nostrarum

48 3224 410 3319 tmemoriae,
454 3247 596 3295 non
640 3225 789 3295 sine
839 3224 1211 3294 multorum
1269 3223 1500 3294 fructu
1547 3223 1953 3304 concedere,
2011 3224 2282 3313 piisque
2333 3224 2585 3295 nostris

48 3300 417 3401 &horninibus
477 3313 879 3403 gratificari.
941 3318 1304 3382 Versamur
1328 3314 1533 3383 etiarn
1587 3313 1652 3382 in
1708 3313 1835 3382 hoc
1890 3334 2139 3402 genere
2199 3311 2576 3392 libentius,

48 3410 234 3477 2quam
264 3400 329 3469 in
379 3401 605 3471 Caroli
643 3424 868 3471 rerum
920 3401 1407 3492 asperitatibus
1465 3401 1927 3491 exponendis:
1982 3423 2158 3488 quae
2218 3400 2373 3470 licet
2420 3422 2581 3469 con-

48 3486 304 3557 istantiae
330 3546 344 3570 ,
404 3491 775 3581 patientiae
816 3490 1396 3577 sacerdotalisque
1437 3491 1702 3561 roboris
1735 3502 1971 3559 contra
2012 3488 2297 3558 adversa
2346 3488 2582 3558 omnia

48 3572 380 3659 {retinendi,
434 3580 831 3669 exemplum
886 3581 999 3649 Dei
1054 3580 1388 3649 ministris
1439 3579 1868 3667 praeclarum
1925 3579 2335 3668 praebeant3
2408 3576 2582 3648 illud

48 3668 251 3753 {tauma
322 3667 500 3737 inest
564 3668 938 3747 molestiae,
995 3668 1179 3756 quod
1241 3690 1350 3737 res
1399 3668 1533 3758 piis
1586 3667 2011 3758 temporibus
2075 3665 2576 3757 propemodum

48 3748 339 3840 {indignas
362 3757 665 3826 scribere
700 3779 975 3828 necesse
1004 3768 1126 3827 est.
1160 3758 1349 3846 Piget
1387 3756 1730 3847 explicare
1773 3756 2204 3828 turbulentos
2238 3754 2578 3842 quosdam

68 3850 272 3931 motus,
322 3845 444 3931 qui
496 3845 623 3915 hoc
657 3847 805 3934 ipso
853 3846 1125 3915 divinae
1177 3846 1579 3935 placationis
1628 3846 2062 3936 optatissimo
2099 3858 2403 3933 tempore
2461 3866 2578 3913 ex-

70 3932 324 4027 titerunt.
362 3937 604 4020 Itaque
643 3933 726 4003 ad
779 3933 982 4003 aliam
1022 3934 1537 4005 translationem
1594 3935 1976 4004 veniamus.
2022 3931 2385 4002 Nonnullis
2426 3943 2583 4001 ante

69 4016 231 4088 anius
263 4023 607 4102 monachi,
660 4024 780 4110 qui
828 4023 914 4091 ab
960 4022 1216 4092 Oliveto
1270 4037 1495 4093 monte
1549 4045 1795 4093 nomen
1830 4037 2116 4102 traxere,
2177 4043 2421 4091 novam
2471 4044 2579 4090 ec-

48 4098 298 4177 {etesium
332 4112 553 4180 sancti
588 4112 871 4193 Victoris
901 4125 1287 4201 coeperant,
1325 4112 1634 4202 pulcram
1672 4128 1736 4181 et
1770 4134 1875 4180 ma
1935 4111 2122 4180 nifici
2155 4111 2407 4199 operiS‚
2441 4132 2582 4198 qua

48 4178 341 4278 {pet-secta,
401 4212 720 4280 veterem,
758 4221 931 4287 quae
986 4201 1294 4289 proxima
1327 4215 1490 4281 erat,
1532 4200 1717 4270 dirui
1751 4200 1896 4268 vole
1951 4211 2109 4268 ant:
2166 4200 2354 4268 illam
2392 4200 2572 4280 dien,

48 4280 205 4379 [quae
248 4289 561 4357 Portiana
610 4289 948 4358 veteribus
989 4288 1333 4379 appellata
1382 4304 1507 4370 est,
1560 4301 1625 4358 et
1672 4288 1892 4359 sancti
1954 4288 2293 4359 Ambrosii
2337 4287 2581 4358 litteris

48 4370 546 4462 {actionibusque
600 4374 975 4462 illustrata;
1032 4376 1150 4446 sed
1205 4379 1397 4466 prius
1447 4392 1683 4448 sancta
1723 4398 2034 4466 corpora,
2080 4378 2337 4465 quibus
2387 4377 2582 4445 locus

79 4452 440 4545 abundabat,
490 4463 794 4535 tollenda
848 4478 1064 4547 erant,
1119 4476 1183 4533 et
1233 4466 1297 4534 in
1353 4487 1598 4537 novam
1656 4466 2016 4538 ecclesiam
2077 4464 2578 4538 transferenda.

2679 4494 2768 4545 s
