2993 4837
54 335 186 401 NOV.
230 334 265 399 3
705 351 787 399 nn
834 353 888 399 s.
941 352 1258 399 utacum
1304 353 1402 399 ει».
1455 351 1800 399 unanimus
2346 338 2430 400 95

54 435 365 527 Episcopali
412 436 586 506 nihil
642 457 922 527 prorsus
968 436 1442 517 constitutum,
1496 435 1597 504 vel
1638 434 1774 504 assi
1831 448 2092 517 natum,
2135 435 2318 507 unde
2359 438 2520 527 Epi-

48 547 244 616 scopus
270 524 534 595 viveret.
576 529 709 595 Nec
739 525 921 593 enim
967 525 1063 594 vel
1099 523 1381 594 domum
1419 525 1766 615 propriam
1848 524 2062 593 abuit.
2101 529 2256 594 Erat
2287 540 2520 597 autem

48 636 182 702 pene
208 614 615 684 incessanter
640 614 1060 683 circumiens
1094 613 1453 704 parochias
1490 634 1753 692 omnes,
1792 613 2155 704 Evangelio
2188 615 2517 696 serviens,

44 717 93 772 et
114 701 548 791 deEvangelio
584 702 841 783 vivenS,
880 702 1057 773 sicut
1085 702 1440 773 constituit
1467 703 1528 771 ei
1557 702 1889 771 Dominus
1917 703 2221 793 :Diqnus
2261 714 2378 785 est,
2423 704 2525 771 in-

42 792 254 876 quiens,
277 793 623 882 operarius
644 792 945 860 mercede
974 814 1100 860 sua
1114 791 1300 881 (Luc.
1324 790 1415 880 x).
1446 790 1583 860 Nisi
1613 789 1795 877 quod
1828 790 2253 878 frequentius
2286 793 2518 882 ipsum

48 878 420 969 Evangelium
473 880 627 968 sine
676 893 954 969 sumpto
1006 902 1317 970 ponens,
1370 879 1454 948 de
1514 879 1867 949 laboribus
1915 880 2058 950 suis
2099 901 2524 968 suorumque

48 967 282 1047 serebat,
330 968 510 1037 unde
561 989 633 1037 se
672 981 739 1038 et
785 968 997 1048 alios,
1048 968 1169 1056 qui
1209 990 1442 1038 secum
1499 967 1900 1038 laborabant
1949 969 2014 1037 in
2059 990 2260 1059 opere
2321 970 2525 1039 mini·

43 1056 210 1137 sterii,
256 1069 680 1126 sustentaret.
737 1062 941 1127 Porro
989 1058 1046 1127 si
1091 1056 1433 1127 interdum
1476 1057 1827 1144 quiescere
1858 1070 2218 1147 oporteret,
2263 1059 2328 1126 in
2365 1081 2519 1128 san·

42 1147 140 1215 ctis
176 1145 285 1215 hoc
328 1144 620 1217 faciebat
671 1145 884 1226 locis;
940 1167 1117 1233 quae
1173 1146 1322 1236 ipse
1370 1168 1488 1234 per
1535 1146 1933 1215 Hiberniam
1972 1159 2327 1239 >spat-serat
2371 1148 2524 1216 uni·

47 1254 279 1302 versam.
334 1235 527 1324 Apud
595 1257 770 1322 quos
825 1256 978 1304 vero
1051 1255 1311 1305 moram
1377 1235 1595 1304 facere
1667 1234 2030 1315 libuisset,
2104 1234 2376 1306 illorum
2452 1258 2525 1306 se

44 1319 421 1392 conformavit
462 1323 779 1394 moribus
824 1337 890 1393 et
934 1323 1411 1404 observantiis,
1465 1325 1817 1393 communi
1867 1335 2228 1393 contentus
2277 1324 2410 1393 vita
2457 1338 2524 1394 et

48 1431 250 1478 mensa.
300 1416 435 1482 Non
489 1411 623 1481 fuit
671 1413 740 1480 in
793 1412 1000 1491 victu,
1061 1433 1193 1481 non
1244 1411 1373 1480 fuit
1431 1412 1496 1480 in
1548 1412 1834 1494 vestitu,
1902 1412 1965 1480 in
2010 1434 2147 1500 quo
2190 1416 2523 1502 potuisset
2587 1465 2593 1472 -

44 1496 349 1569 Halaehias
393 1500 714 1591 dignosci
763 1501 943 1570 inter
990 1514 1290 1570 caeteros
1347 1500 1610 1569 fratres.
1676 1505 2022 1570 Intantum
2086 1523 2243 1571 cum
2303 1501 2526 1588 major

28 1599 198 1680 esset,
244 1588 630 1658 humiliavit
679 1611 750 1661 se
807 1590 870 1657 in
910 1588 1258 1659 omnibus.
1318 1588 1619 1675 Denique
1666 1611 1823 1658 cum
1877 1589 2087 1659 exiret
2124 1589 2207 1658 ad
2247 1590 2522 1680 praedi-

28 1673 307 1770 fundum,
355 1700 514 1746 cum
573 1677 922 1768 peditibus
966 1676 1171 1767 pedes
1199 1690 1264 1747 et
1300 1678 1443 1767 ipse
1478 1678 1639 1757 ibat,
1686 1678 2068 1769 Episcopus
2104 1691 2169 1747 et
2203 1683 2517 1768 Legatus.

28 1767 231 1850 &Forma
259 1766 635 1856 Apostolica
672 1767 871 1836 haec:
910 1780 974 1835 et
1007 1766 1167 1835 inde
1208 1767 1429 1857 magis
1472 1767 1643 1835 mira
1682 1768 1746 1835 in
1793 1766 2147 1847 Malachia,
2188 1789 2326 1855 quo
2370 1790 2523 1837 rara

28 1851 300 1982 [nimis'in
334 1854 514 1923 aliis.
567 1860 780 1925 Verus
817 1853 1112 1945 profecto
1146 1854 1617 1945 Apostolorum
1656 1855 1895 1928 haeres
1920 1868 2021 1926 est
2049 1856 2171 1925 iste
2205 1857 2321 1943 qui
2361 1856 2522 1926 talia

28 1942 171 2058 fagit.
197 1942 350 2025 Quid
392 1966 562 2034 ergo
619 1944 913 2024 mirum,
961 1944 1016 2015 si
1067 1944 1237 2012 mira
1286 1957 1388 2014 est
1425 1957 1748 2034 operatus
1797 1945 1895 2014 sic
1947 1944 2284 2013 mirabilis
2319 1945 2524 2036 ipse?

50 2027 216 2100 lfflmo
244 2054 388 2101 vero
420 2055 564 2102 non
606 2032 775 2123 ipse,
815 2032 927 2100 sed
975 2037 1149 2102 Deus
1197 2033 1262 2101 in
1306 2032 1479 2122 ipso.
1525 2032 1865 2120 Alioquin,
1921 2039 2010 2102 Tu
2056 2056 2122 2103 es
2175 2039 2366 2115 Deus,
2416 2034 2524 2103 in-

50 2117 308 2212 quicqua·
330 2124 506 2210 sacis
556 2123 905 2191 mirabilia
949 2121 1088 2210 (Ps.
1128 2120 1323 2209 76)...

93 2205 228 2304 ‚D.
272 2210 418 2279 Fuit
519 2209 758 2279 uidam
812 2209 1104 2279 clericus
1154 2210 1220 2277 in
1264 2215 1539 2279 Lesmor
1573 2263 1588 2286 ,
1647 2207 2021 2298 probabilis
2051 2263 2065 2288 ,
2119 2223 2196 2278 ut
2255 2207 2469 2278 fertur
2503 2265 2519 2290 ‚

56 2305 203 2394 vim.
236 2296 344 2367 sed
411 2298 453 2367 fi
511 2298 576 2368 ei
643 2319 773 2367 non
840 2297 965 2370 ita.
1008 2303 1073 2367 Is
1121 2297 1377 2367 sciolus
1427 2297 1493 2365 in
1547 2297 1769 2369 oculis
1816 2298 2000 2376 suis,
2063 2298 2526 2387 praesumpsit

50 2377 257 2467 dtcet'c,
304 2387 369 2456 in
438 2386 873 2458 Eucharistia
931 2408 1080 2457 esse
1130 2385 1606 2457 tantummodo
1663 2398 2218 2468 sacramentum,
2271 2398 2338 2456 et
2386 2407 2522 2456 non

48 2477 605 2555 msacramenti,
660 2475 725 2544 id
769 2490 890 2556 est,
939 2475 1151 2545 solam
1210 2474 1845 2557 sanctificationem,
1896 2488 1982 2546 et·
2021 2498 2153 2546 non
2215 2476 2527 2565 corporis

48 2560 349 2661 feritatem.
404 2570 635 2656 Super
665 2587 802 2652 quo
835 2588 871 2633 a
906 2563 1232 2633 Malachia
1275 2576 1556 2643 secreto,
1599 2579 1663 2634 et
1702 2586 1904 2654 saepe
1949 2577 2349 2644 conventus,
2405 2564 2519 2633 sed

132 2672 356 2735 assum,
408 2666 700 2724 vocatus
745 2653 828 2722 ad
884 2652 1185 2723 medium
1222 2666 1368 2723 est:
1422 2674 1729 2723 seorsum
1789 2667 2012 2722 tamen
2074 2676 2111 2722 a
2155 2653 2373 2735 laiciS,
2421 2666 2518 2735 ut,

40 2736 93 2802 Ξῖ
125 2736 240 2811 fleri
288 2755 537 2833 posset,
596 2753 999 2821 sanaretur,
1051 2754 1117 2810 et
1166 2763 1297 2810 non
1348 2741 1907 2812 confunderetur.
1970 2747 2202 2830 Itaque
2239 2742 2303 2811 in
2356 2764 2524 2812 con-

56 2840 199 2907 ventu
237 2830 643 2902 clericorum
695 2830 853 2900 data
901 2828 1189 2901 facultas
1239 2829 1504 2899 homini
1536 2843 1636 2900 est
1679 2852 1798 2921 pro
1846 2853 1972 2900 sua
2031 2830 2363 2901 sententia
2419 2852 2524 2899 re—

56 2914 385 2999 mendi.
440 2926 756 3006 Cumque
805 2919 960 2987 totis
1017 2918 1273 3009 ingenii
1327 2917 1591 2988 viribus
1624 2974 1638 2999 ,
1697 2941 1833 3007 quo
1899 2942 2030 2989 non
2090 2920 2526 2990 mediocriter

56 2996 291 3101 Qllsst,
324 3030 638 3078 asserere
685 3021 749 3077 et
778 3007 1137 3077 defendere
1169 3019 1533 3078 conaretur
1562 3029 1884 3089 errorem,
1925 3007 2255 3078 Malachia
2285 3024 2522 3079 contra

91 3106 369 3181 &putante
401 3111 471 3165 et
502 3096 979 3176 convincente,
1016 3096 1283 3186 judicio
1308 3097 1617 3166 omnium
1648 3110 2035 3197 superatus,
2073 3096 2158 3166 de
2182 3113 2524 3167 conventu

126 3176 309 3280 ‘fusus
344 3185 634 3273 quidem
677 3186 860 3265 exiit,
901 3185 1014 3254 sed
1069 3207 1205 3255 non
1247 3198 1614 3254 correctus.
1680 3175 1951 3254 Dicebat
1988 3197 2214 3254 autem
2268 3204 2339 3255 se
2390 3207 2522 3255 non

104 3278 250 3341 uoce
274 3273 558 3354 victum,
601 3273 715 3343 sed
754 3272 1067 3363 Episcopi
1104 3295 1415 3365 pressum
1454 3274 1895 3343 auctoritate:
1950 3295 1985 3338 «
2016 3278 2093 3342 Et
2134 3286 2228 3353 tu,
2272 3275 2519 3360 inquit,

73 3356 405 3454 ,nabebis
462 3363 616 3432 sine
654 3384 862 3431 causa
901 3384 1005 3431 me
1037 3361 1239 3431 hodie
1273 3359 1669 3443 confudisti,
1715 3362 2044 3432 adversus
2087 3362 2382 3451 profecto
2421 3383 2526 3430 ve-

91 3457 254 3517 tatem
300 3449 611 3531 locutuS,
655 3464 718 3519 et
766 3464 1001 3520 contra
1056 3462 1243 3520 tuam
1308 3450 1529 3539 ipsius
1575 3450 2089 3519 conscientiam.
2130 3473 2164 3513 »
2228 3455 2526 3520 Moestus

74 3531 354 3628 ‚alachias
390 3561 514 3629 pro
556 3539 833 3608 homine
873 3539 970 3608 sic
1020 3538 1362 3617 indurato,
1407 3538 1525 3607 sed
1579 3539 1797 3630 magis
1847 3538 2004 3608 fidei
2044 3538 2288 3609 dolens
2339 3538 2526 3624 inju-

89 3642 198 3705 ειη,
247 3627 401 3697 time
543 3625 952 3717 periculum,
1007 3627 1374 3697 Ecclesiam
1429 3641 1798 3708 convocat,
1861 3641 2197 3697 errantem
2253 3625 2528 3717 publice

77 3712 262 3810 rguit,
331 3739 424 3806 pu
529 3738 605 3785 ce
668 3726 942 3796 monet,
1006 3728 1083 3785 ut
1153 3716 1528 3805 resipiscat.
1595 3716 2057 3787 Suadentibus
2119 3717 2244 3785 hoc
2294 3716 2521 3805 ipsum

86 3803 339 3892 piscopis
371 3860 387 3886 ,
441 3818 506 3873 et
553 3803 874 3873 universo
920 3803 1124 3885 olet-0,
1180 3826 1339 3873 cum
1394 3827 1527 3874 non
1571 3805 2077 3891 acquiesceret,
2130 3803 2525 3873 contumaci

48 3889 347 3961 mathema
407 3893 649 3961 dicunt
684 3946 701 3970 ,
776 3893 1188 3963 haereticum
1259 3903 1726 3982 protestantes.
1795 3898 1923 3962 Nec
1971 3893 2069 3962 sic
2129 3891 2515 3982 evigilans:

48 3976 334 4060 *Omnes
387 3982 636 4069 inquit,
696 3980 927 4050 favetis
978 3981 1237 4051 homini
1293 3982 1540 4071 potiuS.
1596 4003 1800 4068 quam
1857 3982 2137 4050 veritati.
2193 3986 2328 4071 Ego
2374 4002 2526 4070 per-

50 4077 233 4136 wnam
268 4091 393 4139 non
439 4070 728 4160 accipi0,
786 4085 857 4138 ut
902 4070 1210 4139 deseram
1267 4070 1638 4138 veritatem.
1675 4093 1709 4136 »
1752 4070 1840 4138 Ad
1883 4070 2009 4138 hoc
2043 4070 2321 4138 verbum
2363 4070 2528 4139 sub·

52 4156 426 4228 stomachans
465 4170 745 4228 sanctus
779 4184 792 4223 ι
846 4182 880 4223 «
922 4159 1272 4235 Dominus,
1313 4157 1560 4244 inquit,
1605 4158 1796 4226 fateri
1831 4170 1890 4225 te
1941 4158 2282 4226 veritatem
2322 4156 2528 4227 faciat

58 4239 125 4305 'el
162 4263 230 4312 ex
268 4247 686 4316 necessitate.
721 4270 755 4312 »
797 4251 940 4328 Quo
976 4246 1452 4337 respondente,
1508 4251 1737 4326 Amen,
1789 4243 2073 4313 solvitur
2122 4260 2520 4316 conventus.

56 4324 154 4397 Tali
183 4331 283 4403 ille
315 4335 588 4405 inustus
638 4334 987 4417 cauterio‚.
1019 4334 1252 4426 sugam
1308 4332 1698 4411 meditatur,
1754 4331 2033 4429 infamis
2078 4345 2281 4419 atque
2330 4334 2528 4402 inho·

64 4429 216 4488 florus
240 4420 373 4493 fore
410 4447 537 4494 non
573 4422 946 4494 sustinens.
986 4429 1061 4494 Et
1089 4422 1417 4494 continuo
1445 4442 1568 4491 sua
1604 4420 1847 4491 tollens
1887 4418 2134 4500 exibat,
2171 4441 2329 4487 cum
2372 4440 2530 4490 ecce
