2993 4837
65 356 203 420 ΠΟΥ.
253 354 289 420 4
859 375 935 420 na
984 376 1037 421 s.
1093 373 1333 421 emoto
1383 374 1715 423 nonnonso
2351 363 2478 427 2⁴3

62 471 238 527 autem
285 455 396 525 ille
451 458 775 527 Carolum
825 459 1178 527 certiorem
1233 458 1404 540 fieri,
1458 472 1525 528 et
1572 480 1700 529 suo
1753 461 2028 535 nomine
2079 463 2557 532 tantummodo

60 546 374 634 postulari,
430 560 511 615 ut
577 547 716 616 sibi
777 546 1204 616 benediceret
1274 548 1631 618 morituro.
1686 551 1964 620 Carolus
2020 562 2249 620 autem
2303 563 2557 620 statum

56 635 206 704 illius
242 635 564 724 temporis
606 634 1122 706 ordinationum
1154 658 1411 706 munus
1445 637 1806 708 Francisco
1855 638 2189 710 Cittadino
2226 641 2558 730 Episcopo

56 746 179 793 cum
229 723 646 805 mandasset,
718 725 958 813 paucis
1021 724 1211 793 horis
1262 739 1411 815 post
1459 727 1795 796 nuncium
1859 728 2143 797 allatum
2204 742 2553 808 moratus,

60 825 211 882 nocte
250 814 394 901 ipsa
460 814 827 882 Novariam
895 813 1286 894 contendit,
1350 836 1527 900 quae
1593 816 1870 905 triginta
1947 839 2276 905 passuum
2338 818 2562 887 millia

60 900 380 971 Mediolano
427 901 668 980 distat,
718 915 1060 971 mortuum
1112 903 1527 992 Episcopum
1572 905 1854 985 invenit;
1902 920 2223 975 consueta
2291 908 2561 996 pietatis

59 991 328 1078 suffragia
382 991 658 1076 tribuit3
712 992 783 1059 in
833 992 1163 1060 concione
1207 991 1539 1080 populum
1583 993 1976 1063 cohortatus
2019 1008 2156 1077 est;
2216 1017 2393 1081 quae
2445 995 2559 1065 tali

56 1091 306 1168 tempore
351 1080 830 1158 conveniebat,
885 1079 1214 1150 ecclesiae
1274 1081 1624 1149 ministros
1673 1082 1960 1159 monuit,
2013 1083 2178 1169 quid
2231 1083 2555 1166 facerent,

56 1167 185 1234 dum
247 1169 632 1259 Episcopus
703 1191 741 1237 a
792 1169 1115 1238 Pontifice
1182 1168 1484 1238 daretur.
1552 1171 1835 1239 Novaria
1907 1171 2126 1241 Guido
2176 1172 2561 1242 cardinalis

36 1255 466 1337 ¹Vercellensis,
512 1280 679 1327 eum
744 1257 829 1326 ad
880 1258 1247 1327 Messerani
1302 1259 1763 1327 Marchionem
1814 1281 2252 1330 communem
2305 1283 2558 1351 cogna-

61 1354 169 1412 tum
203 1345 517 1425 adduxit,
572 1359 655 1416 ut
715 1347 778 1414 in
839 1346 1185 1415 mortifero
1238 1347 1474 1415 morbo
1528 1348 1873 1417 hominem
1928 1350 2440 1430 consolaretur,
2494 1364 2560 1419 et

38 1430 289 1519 juvaret:
341 1437 525 1521 quod
561 1434 826 1504 utiliter
858 1435 1237 1504 admodum
1272 1435 1534 1503 effecit:
1587 1458 1742 1503 nam
1779 1438 2077 1507 Marchio
2129 1452 2560 1509 sacramento

56 1523 456 1608 poenitentiae
504 1525 868 1613 expiatus,
921 1539 986 1592 et
1034 1525 1466 1593 Eucharistia
1544 1526 1981 1595 sanctissima
2031 1528 2389 1606 munituS,
2450 1528 2560 1616 pie

58 1623 290 1679 mortem
325 1613 520 1682 obiit.
554 1612 877 1683 Vercellis
912 1614 947 1647 '⁶
977 1614 1240 1701 aliquot
1286 1612 1433 1681 dies
1467 1611 1632 1693 fuit,
1668 1614 1784 1681 ubi
1828 1615 1895 1682 in
1938 1615 2437 1705 componendis
2470 1615 2556 1684 il-

42 1692 163 1779 {lius
214 1700 531 1772 ecclesiae
584 1702 838 1782 rebuS,
895 1724 1053 1771 cum
1122 1702 1500 1791 Episcopus
1561 1701 1743 1789 apud
1810 1707 2296 1793 Imperatorem
2366 1703 2558 1774 Sedis

42 1787 422 1875 ‘apostolicae
464 1791 775 1860 nuncius
820 1792 1109 1870 abesset,
1155 1805 1460 1859 versatus
1491 1803 1615 1861 est.
1657 1791 2214 1863 Constituerateo
2255 1805 2560 1883 tempore

44 1886 168 1967 fasse
206 1877 460 1951 diutius
509 1879 905 1949 salutariter
949 1878 1293 1980 colligere3
1335 1880 1594 1965 quibus
1646 1879 1710 1946 in
1767 1880 1970 1950 rebus
2005 1904 2043 1950 a
2093 1882 2398 1952 multism
2435 1903 2557 1950 en-

44 1962 209 2045 {aibus
254 1981 622 2055 peccasset,
666 1980 729 2037 et
769 1969 913 2037 suis
945 1967 1274 2036 defuisset
1321 1966 1591 2048 officiis,
1636 1977 1886 2037 attente
1923 1971 2295 2057 pervidere,
2334 1984 2556 2039 errata

46 2053 355 2145 pantheri,
411 2057 823 2143 veniamque
870 2079 909 2124 a
968 2061 1097 2124 Deo
1176 2056 1557 2144 postulare:
1627 2070 1771 2125 tum
1835 2077 1955 2146 per
2018 2057 2287 2128 divinas
2346 2059 2554 2127 etiam

46 2145 618 2235 contemplationes
654 2145 739 2213 ad
785 2146 1125 2235 pietatem,
1173 2144 1481 2229 vitaeque
1529 2145 1959 2213 sanctitatem
1994 2146 2222 2215 acrius
2273 2168 2419 2215 sese
2452 2148 2560 2215 in·

48 2228 255 2313 {eitam
300 2247 364 2303 et
409 2235 494 2303 ad
548 2234 822 2323 negotia
877 2246 1242 2321 praeterea,
1295 2254 1471 2320 quae
1505 2246 1645 2302 tum
1701 2233 1802 2302 illi
1841 2247 2035 2303 erant
2084 2236 2149 2303 in
2204 2235 2550 2315 manibuS‚

52 2317 143 2403 ‚pie
171 2332 227 2388 et
268 2321 551 2392 feliciter
601 2323 924 2412 gerenda,
978 2321 1285 2391 divinam
1334 2342 1532 2410 opem
1581 2321 1779 2391 enixe
1840 2322 2246 2411 implorare;
2300 2323 2556 2409 quibus

52 2405 223 2477 -rebus
276 2411 649 2481 solitudine
697 2434 872 2499 opus
943 2424 1108 2481 erat.
1174 2409 1527 2501 Ejusmodi
1593 2412 1981 2482 exercitatio
2046 2436 2205 2482 cum
2268 2413 2443 2484 alias
2491 2412 2554 2481 ei

52 2496 207 2564 cordi
248 2516 414 2571 esset
466 2502 943 2583 vehementer,
1009 2513 1153 2569 tum
1219 2522 1299 2569 eo
1361 2512 1666 2589 tempore
1728 2514 1872 2571 erat
1941 2501 2418 2591 optatissima,
2472 2500 2560 2571 ob

50 2585 304 2681 {mentem
363 2590 615 2682 magis,
684 2612 892 2677 quam
944 2602 1143 2658 antea
1190 2589 1586 2659 divinarum
1646 2591 2305 2681 contemplationum
2358 2591 2557 2691 cupi-

50 2665 207 2754 fflam,
252 2698 479 2748 earum
536 2680 984 2768 praesertim,
1050 2700 1227 2765 quae
1291 2678 1374 2746 de
1437 2677 1862 2748 cruciatibus
1914 2691 2262 2768 morteque
2313 2679 2560 2750 Christi

50 2745 277 2860 Domini
325 2779 593 2836 essent:
659 2789 834 2854 quas
899 2790 1019 2858 per
1064 2788 1143 2835 ea
1203 2780 1513 2856 tempora
1579 2768 2079 2839 studiosissime
2153 2769 2558 2855 ardentique

50 2851 249 2936 {nmmo
269 2853 662 2942 frequenter
701 2858 1054 2935 tractabat,
1095 2855 1511 2924 articulatim
1540 2855 1921 2938 ordinabat,
1961 2856 2340 2944 litterisque
2365 2879 2561 2927 man-

54 2931 253 3007 ·tlabat:
306 2966 441 3030 qua
490 2943 777 3032 quidem
852 2959 1075 3014 mente
1130 2943 1517 3030 studiisque
1572 2943 2154 3017 clementissimus
2223 2952 2434 3027 DeuS,
2488 2946 2555 3016 id

76 3025 211 3122 quod
235 3031 503 3101 demum
556 3047 707 3122 post
755 3032 1009 3104 factum
1052 3031 1309 3102 clarius
1340 3033 1686 3121 apparuit,
1724 3034 2144 3104 sacerdotem
2183 3058 2387 3105 suum
2409 3037 2555 3126 jam

52 3127 185 3196 ‚pm
216 3139 279 3188 ex
326 3122 451 3192 hac
495 3123 633 3190 vita
682 3123 1139 3214 migraturum
1193 3121 1277 3190 ad
1328 3134 1604 3191 aeterna
1656 3123 1960 3211 praemia
2002 3146 2411 3214 praeparare
2462 3123 2559 3190 vi-

50 3193 321 3278 {debatun
374 3211 729 3280 Varallum
772 3213 887 3281 ubi
940 3211 1111 3280 alias
1165 3208 1377 3279 simili
1427 3210 1512 3279 de
1560 3233 1807 3280 caussa
1854 3211 2098 3292 fuerat,
2155 3225 2314 3281 tunc
2354 3212 2555 3279 etiam

52 3286 134 3370 {ad
170 3314 294 3366 eam
328 3320 469 3368 rem
526 3299 801 3388 delegit.
856 3300 1012 3368 Vico
1062 3297 1127 3366 id
1183 3320 1429 3368 nomen
1481 3311 1603 3378 est,
1657 3300 1777 3385 qui
1827 3302 2111 3370 Novaria
2139 3313 2205 3369 et
2234 3297 2559 3369 Vercellis

56 3384 66 3395 '
124 3399 240 3465 *quo
282 3389 497 3476 spatio
566 3387 796 3468 distat,
851 3388 934 3457 ad
988 3409 1321 3479 passuum
1376 3387 1590 3457 millia
1642 3388 1914 3457 circiter
1964 3388 2554 3479 vigintiquinque:

48 3391 143 3624 Ξί
184 3493 380 3557 mons,
430 3477 764 3567 quoniam
816 3476 951 3547 fere
1001 3476 1130 3545 suh
1165 3475 1443 3565 alpibus
1492 3490 1591 3545 est
1640 3475 1855 3556 locus,
1888 3498 1968 3547 ex
2016 3478 2287 3567 piorum
2340 3475 2562 3544 horni-

48 3629 57 3640 .
109 3575 223 3637 Um,
254 3564 443 3633 etiam
501 3566 1036 3656 longinquorum
1080 3565 1276 3645 votis,
1322 3579 1386 3634 et
1432 3565 1715 3634 omnino
1766 3565 2119 3656 religionis
2150 3568 2398 3635 caussa
2432 3562 2560 3633 fre-

48 3657 303 3795 {fluenter
333 3654 596 3723 visitur.
653 3659 815 3723 Nam
868 3653 1231 3753 religiosus
1279 3653 1381 3722 vir
1428 3653 1705 3723 Ordinis
1754 3657 2254 3733 Minorumeex
2304 3653 2556 3721 Medio-

46 3755 61 3812 ¹:
124 3739 289 3806 nensi
318 3742 531 3811 nobili
588 3741 851 3811 familia
907 3747 1160 3821 Caima,
1214 3754 1371 3812 ante
1440 3764 1659 3811 annos
1705 3743 1844 3812 fere
1891 3758 2214 3823 centum,
2267 3764 2427 3811 cum
2478 3763 2559 3811 ex

44 3819 302 3920 {Judaeffi
353 3831 790 3902 sanctissimo
840 3831 1084 3900 Christi
1153 3831 1422 3899 Domini
1472 3832 1791 3920 sepulcro
1849 3832 2162 3934 religiose
2224 3831 2554 3919 inspectO,

44 3907 351 4012 grediisset,
400 3920 551 4008 ejus
601 3921 972 4010 imaginem
1026 3918 1260 4006 aliquo
1310 3919 1457 3989 loco
1495 3941 1744 4008 ponere
1792 3921 2167 4000 constituit,
2222 3940 2396 4005 quae
2426 3920 2560 4008 piis

44 3987 436 4096 'horninibus
474 4030 636 4077 cum
674 4008 1001 4077 Judaeam
1043 4021 1266 4097 petere
1308 4030 1441 4077 non
1499 4021 1799 4096 possent,
1843 4009 1927 4077 ad
1979 4010 2298 4098 pietatem
2362 4029 2559 4078 vene-

68 4095 488 4182 rationemque
534 4118 700 4186 erga
748 4096 1144 4183 sepulcrum
1216 4112 1585 4182 sanctaque
1638 4096 2096 4185 lerosolymae
2164 4095 2308 4165 loca
2370 4118 2559 4165 exer-

83 4175 350 4264 cendam,
410 4184 644 4272 aliquo
695 4185 896 4254 modo
958 4184 1249 4264 valeret;
1314 4207 1394 4254 ac
1445 4206 1523 4254 eo
1576 4184 1769 4266 loco,
1839 4196 2204 4270 monteque
2251 4184 2550 4267 delecto,

119 4370 138 4391 ³
158 4368 352 4417 Vercellis
370 4380 482 4420 tunc
501 4380 733 4429 temporis
752 4381 881 4429 gravi
900 4380 1062 4420 morbo
1083 4381 1303 4420 laborans
1324 4381 1637 4420 decumbebat
1667 4383 1770 4421 Dux
1799 4379 1999 4420 carolus
2028 4377 2315 4426 Emmanuel,
2343 4381 2561 4420 Euchari-

184 4430 317 4469 ⁸utem
336 4442 464 4480 pane,
481 4435 525 4474 8.
547 4434 706 4473 cni-oli
724 4443 878 4478 manu,
896 4434 1119 4480 refectus,
1142 4436 1403 4483 jussusque
1434 4434 1491 4472 ab
1513 4445 1569 4472 eo
1591 4443 1724 4482 spem
1747 4443 1932 4475 omnem
1952 4432 2002 4470 in
2021 4433 2217 4479 coelesti
2236 4432 2411 4474 auxilio
2432 4444 2562 4482 repo·

90 4475 174 4516 Ἀθη.
187 4477 306 4523 citius
326 4494 459 4533 qum
479 4487 759 4536 putabatur,
778 4483 1033 4526 convaluit.
