2993 4837
61 321 211 387 Nor.
261 322 297 385 '7
659 341 736 386 ns
783 340 838 387 s.
893 337 1327 386 wittinnoano
1378 340 1474 385 Er.
1531 338 1942 386 TRAJECTENSI
2357 325 2494 389 315.

68 424 286 492 laboris
318 424 423 492 sui
460 424 764 493 fructum
796 437 1208 513 accepturus
1240 445 1276 491 a
1322 427 1474 503 Dec,
1529 422 1840 492 seculum
1879 424 2006 492 hoc
2043 425 2461 511 relinquens,
2500 439 2577 496 ut

71 510 301 581 coelum
348 513 752 600 possideret,
793 513 1133 582 Christum
1187 513 1335 580 sine
1384 512 1518 580 fine
1560 513 1625 580 in
1677 525 1945 581 aeterna
1989 512 2203 602 gloria
2254 514 2570 584 visurus:

64 601 114 668 in
150 602 342 687 cujus
374 601 744 671 dilectione
774 624 983 689 quam
1026 600 1148 669 diu
1181 602 1538 670 nobiscum
1586 600 1861 680 vixerat,
1899 601 2209 672 laborare
2259 623 2393 672 non
2429 625 2577 672 ces-

64 690 248 759 sabat.
303 689 418 758 Die
468 692 762 780 septima
812 690 1071 760 mensis
1120 689 1537 769 novembris,
1600 689 1666 758 id
1722 701 1862 770 est,
1919 690 2212 779 septimo
2261 690 2449 769 Idus,
2502 713 2576 762 ex

67 778 170 847 hac
214 779 765 868 peregrinatione
813 779 895 847 ad
948 792 1347 868 perpetuam
1401 778 1721 869 migravit
1761 778 2054 868 patriam
2085 833 2100 860 ,
2151 791 2215 848 et
2264 780 2576 869 sepultus

9 919 10 924 η
63 880 143 935 est
189 868 249 935 in
302 869 720 938 monasterio
769 867 1219 957 Epternaco*,
1257 866 1437 952 quod
1489 868 1634 957 ipse
1676 871 1830 947 De0,
1864 880 1939 936 ut
1975 867 2255 956 praefati
2304 874 2571 947 sumus,

61 969 524 1025 construxerat.
561 957 662 1026 Ibi
697 978 919 1041 usque
952 955 1177 1035 hodie,
1226 955 1458 1023 divina
1489 969 1815 1044 operante
1850 955 2343 1036 misericordia,
2376 958 2575 1047 signa

55 1057 106 1110 et
148 1045 456 1115 sanitates
508 1046 595 1113 ad
648 1045 864 1113 sancti
919 1045 1028 1112 Dei
1083 1043 1454 1113 sacerdotis
1508 1044 1833 1131 reliquias
1890 1043 2038 1113 fieri
2088 1067 2222 1114 non
2274 1059 2569 1116 cessant.

9 1185 10 1188 ,
62 1136 134 1200 Ex
179 1133 425 1219 quibus
476 1134 716 1220 aliqua
774 1132 936 1202 huic
985 1145 1255 1202 nostrae
1313 1132 1398 1200 de
1452 1154 1532 1202 eo
1583 1133 1905 1203 historiae
1952 1133 2380 1222 subjicienda
2427 1156 2574 1203 esse

63 1222 573 1303 aestimavimus,
615 1222 680 1289 in
736 1220 1023 1310 gloriam
1066 1233 1129 1290 et
1178 1221 1450 1290 laudem
1509 1221 1772 1291 Domini
1824 1223 2033 1291 nostri
2083 1222 2568 1302 Jesu-Christi,

64 1309 160 1393 qui
210 1310 368 1380 haec
427 1333 555 1401 per
607 1312 780 1380 servi
831 1311 937 1379 sui
1004 1309 1378 1399 patrocinia
1432 1310 1706 1399 saepius
1755 1311 2024 1400 operari
2074 1310 2398 1400 dignatus
2444 1325 2568 1380 est.

64 1397 385 1467 Conditum
437 1414 545 1469 est
595 1399 980 1469 venerabile
1035 1420 1290 1488 corpus
1347 1399 1413 1465 in
1479 1397 1905 1487 sarcophago
1971 1421 2396 1480 marmoreO,
2452 1402 2574 1486 qui

68 1486 325 1573 primum
381 1489 501 1558 toti
549 1489 661 1555 Dei
713 1487 955 1556 famuli
1003 1487 1298 1576 corpori,
1344 1488 1540 1574 quasi
1592 1487 1882 1555 dimidio
1915 1488 2108 1577 pedis
2150 1489 2417 1558 brevior
2465 1492 2571 1556 in-

64 1589 272 1645 ventus
314 1590 439 1656 est,
489 1576 823 1646 fratribus
855 1577 943 1646 ob
981 1576 1110 1645 hoc
1151 1575 1343 1644 valde
1381 1576 1822 1653 contristatis,
1869 1590 1933 1645 et
1970 1577 2249 1665 saepius
2282 1590 2575 1647 tractan-

65 1662 258 1746 tibus,
301 1667 420 1736 ubi
474 1678 720 1756 aptum
778 1679 1012 1735 sancto
1063 1665 1334 1754 corpori
1383 1665 1769 1733 invenirent
1817 1664 2169 1734 locellum„
2217 1667 2340 1735 Sed
2396 1667 2570 1735 miro

66 1752 252 1832 modO,
304 1754 545 1823 divina
595 1754 892 1823 donante
945 1754 1233 1843 pietate,
1300 1753 1618 1821 inventus
1665 1765 1765 1822 est
1822 1754 2049 1824 subito
2104 1756 2574 1846 sarcophagus

66 1852 212 1910 tanto
246 1843 381 1912 viro
426 1844 544 1912 Dei
605 1843 872 1932 corpori
925 1841 1231 1931 longior,
1286 1854 1545 1928 quanto
1588 1842 1857 1910 brevior
1894 1855 2051 1911 ante
2097 1845 2443 1933 apparuit.
2498 1850 2573 1912 Et

68 1927 119 1995 in
149 1952 214 1998 eo
257 1931 378 2000 viri
435 1932 558 2001 Dei
607 1953 859 2020 corpus
905 1953 1064 2000 cum
1119 1929 1397 2019 hymnis
1430 1985 1445 2007 ,
1516 1930 1921 2019 psalmodiis
1968 1944 2032 2000 et
2077 1934 2263 2000 omni
2319 1932 2573 2001 honore

68 2018 417 2114 tondentes,
474 2020 893 2107 sepelierunt
928 2018 1100 2088 illud
1145 2020 1213 2087 in
1259 2018 1545 2088 ecclesia
1600 2018 1878 2107 praefati
1919 2021 2335 2099 monasterii,
2390 2021 2568 2107 quod

72 2102 159 2173 ille
196 2130 510 2178 summus
550 2109 662 2177 Dei
700 2108 1018 2178 sacerdos
1074 2109 1140 2176 in
1193 2108 1450 2177 honore
1482 2120 1758 2177 sanctae
1797 2108 2143 2177 Trinitatis
2191 2108 2575 2177 aedificavit

73 2204 123 2260 et
158 2193 502 2267 dedicavit.
564 2195 691 2266 Sed
750 2210 814 2265 et
868 2197 1024 2265 miri
1086 2197 1317 2266 odoris
1373 2196 1474 2266 fra
1533 2196 1747 2266 rantia
1812 2198 2121 2266 omnium
2189 2197 2575 2286 perfuderat

73 2300 254 2380 nares,
306 2300 376 2355 ut
426 2286 797 2375 perspicue
857 2285 1374 2375 intelligeretur,
1427 2309 1466 2354 a
1567 2286 1887 2372 exequias
1926 2286 2054 2354 viri
2101 2288 2314 2356 sancti
2366 2308 2573 2375 ange-

71 2365 240 2441 licum
274 2376 548 2446 venisse
591 2374 1077 2444 ministerium.

139 2468 347 2539 ἓίθ.
403 2463 535 2534 Sed
607 2477 673 2532 et
725 2464 1000 2532 cuidam
1057 2464 1375 2554 religioso
1431 2465 1647 2533 sancti
1701 2464 1825 2532 viri
1893 2462 2238 2552 discipulo
2295 2463 2573 2553 longius

72 2549 271 2633 posito.
316 2553 384 2621 in
435 2552 748 2621 oratione
798 2552 1133 2641 vigilanti,
1188 2552 1415 2622 obitus
1466 2552 1656 2622 illius
1704 2552 2041 2622 revelatus
2088 2565 2210 2622 cst.
2265 2557 2427 2622 Nam
2484 2554 2577 2621 vi-

30 2633 221 2726 ‚disse
265 2663 332 2709 se
397 2641 778 2711 testabatur
837 2642 1138 2710 animam
1210 2642 1627 2711 sanctissimi
1684 2642 1892 2731 patris
1940 2641 2050 2710 sui
2108 2664 2264 2711 cum
2327 2663 2579 2742 magna

73 2720 313 2798 luminis
359 2730 717 2808 claritate,
772 2753 931 2799 cum
994 2751 1295 2798 consona
1362 2731 1758 2799 canentium
1811 2730 2052 2810 laude,
2107 2732 2194 2799 ab
2242 2730 2574 2820 angelicis

70 2816 432 2913 exercitibus
482 2818 571 2886 ad
621 2817 965 2887 coelorum
1022 2840 1229 2908 regna
1271 2819 1549 2907 portari.
1605 2818 1792 2888 Multi
1828 2840 2102 2906 quoque
2142 2818 2432 2889 fratrum
2488 2834 2579 2889 te-

72 2913 194 2969 stati
235 2921 410 2988 sunt,
464 2907 710 2976 crebro
758 2930 830 2976 se
879 2929 1091 2995 super
1140 2906 1492 2987 lectulum,
1537 2908 1604 2975 in
1641 2929 1775 2994 quo
1813 2908 2075 2976 beatam
2114 2910 2417 2978 animam
2455 2931 2579 2978 suo

77 2992 319 3062 Creatori
370 2995 697 3075 reddidit,
738 2995 1050 3064 mirabile
1092 2995 1343 3063 vidisse
1380 2994 1640 3076 lumen,
1697 2997 2319 3084 suavissimamque
2351 2996 2582 3067 odoris

78 3074 413 3152 dulcissimi
466 3084 765 3153 sensisse
823 3083 1266 3173 fragrantiam
1308 3107 1320 3147 z
1376 3097 1450 3153 ut
1496 3085 1779 3153 omnino
1829 3086 1936 3152 his
1985 3084 2205 3173 signis
2267 3085 2577 3156 credere—

78 3174 200 3263 tur,
244 3173 567 3243 coelestes
616 3173 840 3242 locum
892 3172 1360 3259 frequentasse
1423 3172 1605 3241 cives
1640 3227 1654 3253 ‚
1730 3173 1795 3240 in
1857 3194 1992 3259 quo
2054 3188 2286 3242 sancta
2344 3174 2577 3243 anima

76 3261 342 3344 migravit
388 3261 476 3330 ad
536 3261 926 3330 Dominum.
981 3267 1104 3330 Per
1152 3263 1546 3330 unctionem
1600 3283 1873 3348 quoque
1920 3259 2074 3342 olei,
2134 3261 2316 3347 quod
2367 3282 2577 3347 supra

73 3361 285 3437 §orpus
330 3350 556 3419 sancti
605 3349 832 3418 lucere
880 3350 1162 3430 solebat,
1221 3350 1417 3419 multi
1469 3349 1754 3431 infirmi,
1812 3354 1941 3418 Deo
1974 3349 2294 3427 donante,
2341 3361 2404 3420 et
2445 3349 2579 3418 lide

74 3427 305 3504 illorum
342 3453 775 3527 cooperante,
830 3439 1051 3507 curati
1102 3452 1285 3508 sunt.
1340 3439 1763 3508 Poenitentes
1797 3459 2112 3525 quoque.
2159 3439 2434 3527 saepius
2492 3438 2573 3508 ad

22 3523 27 3536 ’
71 3523 340 3594 eamdem
393 3527 744 3597 venientes
790 3526 1174 3604 ecclesiam,
1219 3527 1499 3597 circulis
1533 3527 1769 3597 ferreis
1820 3549 2004 3596 more
2040 3526 2235 3596 solito
2281 3528 2576 3595 circum-

20 3693 27 3702 ·
72 3604 207 3707 dati,
249 3618 466 3704 ruptis
507 3615 789 3684 circulis
838 3615 1066 3684 subito
1101 3616 1376 3685 vincula
1414 3638 1539 3685 sua
1590 3615 1888 3686 resoluta
1932 3629 2342 3684 senserunt.·
2372 3616 2578 3704 cujus

72 3714 167 3777 ret,
200 3702 417 3772 adhuc
451 3705 520 3772 in
555 3704 843 3774 ecclesia
893 3704 1136 3773 circuli
1174 3705 1570 3794 pendenteS,
1609 3718 1809 3774 testes
1844 3717 2005 3774 sunt
2014 3755 2144 3772 .....

20 3861 23 3870 “
112 3859 131 3883 ‘¹
156 3861 255 3901 Post
282 3868 575 3914 apostolatus
606 3877 755 3907 annos
784 3863 1144 3917 quinquaginta.
1172 3867 1225 3906 In
1254 3867 1542 3906 monasterio
1563 3868 1838 3914 Epternaco,
1858 3864 2040 3906 scilicet
2079 3867 2358 3908 Echrernach.
2379 3863 2425 3902 in
2460 3863 2580 3904 dioe-

74 3913 425 3972 cesifl'revirensi
460 3930 619 3962 sacrae
646 3923 750 3970 ejus
771 3922 966 3960 exuviae
987 3920 1255 3960 reconditae
1276 3924 1403 3960 sunt.
1423 3922 1540 3968 Ejus
1560 3922 1795 3960 virtutum
1816 3923 1957 3968 atque
1980 3920 2190 3960 laborum
2212 3919 2366 3962 breve,
2386 3918 2467 3956 sed
2489 3929 2584 3957 ma-

72 3964 159 4005 timi
184 3979 290 4011 sane
317 3975 538 4022 ponderis
560 3972 890 4024 compendium
911 3974 1043 4013 nobis
1065 3970 1255 4013 exbibet
1271 3974 1321 4012 in
1343 3983 1429 4012 sua
1449 3972 1650 4021 epistola
1670 3975 1726 4013 ad
1745 3975 1919 4021 Papam
1941 3974 2229 4022 Stephanum
2249 3973 2293 4012 S.
2315 3970 2581 4010 Bonisacius
2627 3983 2632 3986 ·

16 4051 25 4062 .
73 4017 134 4063 ‘lul
158 4032 254 4063 cum
282 4027 323 4065 S.
350 4024 664 4072 willibrordo,
692 4028 744 4067 in
776 4027 955 4068 Christi
985 4027 1074 4066 fide
1103 4027 1414 4074 praedicanda
1442 4028 1542 4066 tres
1578 4036 1725 4066 annos
1747 4028 1796 4065 in
1818 4027 1971 4066 Frisia
1990 4026 2385 4066 conlaboraverat.
2408 4025 2473 4062 En
2498 4034 2586 4063 sua

76 4074 209 4127 verba:
238 4077 257 4098 ⁶
284 4081 511 4129 Tempore
540 4082 706 4130 Sergii,
740 4081 1025 4129 apostolicae
1046 4081 1175 4119 sedis
1195 4080 1452 4128 Pontiflcls,
1473 4076 1607 4119 venit
1627 4081 1689 4119 ad
1708 4076 1874 4119 limina.
1893 4080 1968 4120 SS.
1991 4081 2318 4128 Apostolorum
2340 4077 2586 4126 presbyter

14 4145 25 4158 ·
74 4127 229 4169 quidam
256 4133 397 4172 mirae
428 4133 742 4174 abstinentiae
777 4139 824 4173 et
860 4131 1141 4178 sanctitatis,
1180 4134 1366 4182 generis
1400 4134 1649 4177 Saxonum,
1680 4133 1867 4172 nomine
1903 4133 2155 4173 willein-oct
2191 4134 2239 4172 et
2273 4132 2364 4171 alio
2397 4130 2586 4170 nomine

16 4177 25 4224 Ε
76 4176 254 4222 Clemens
273 4187 475 4232 vocatus,
496 4197 637 4235 quem
658 4188 899 4236 praetatus
921 4188 1047 4236 Papa
1067 4187 1338 4234 episcopum
1363 4183 1604 4225 ordinavit
1627 4187 1674 4224 et
1695 4186 1751 4224 sd
1771 4186 2132 4233 praedicandam
2150 4195 2377 4234 paganam
2401 4185 2588 4230 gentem

14 4243 25 4294 Ξ
76 4227 296 4277 fresonum
323 4238 588 4280 transmisit
615 4243 666 4280 in
695 4241 938 4281 littoribus
969 4240 1140 4279 Oceani
1162 4237 1359 4279 occidui.
1391 4237 1499 4287 Qui.
1522 4249 1605 4286 per
1625 4237 1968 4288 quinquaginta
1987 4249 2132 4279 annos
2151 4238 2441 4288 praedicans,
2459 4246 2588 4294 perae·

14 4315 21 4330 1
76 4279 187 4324 stiam
203 4295 395 4345 ‚gentem
424 4294 683 4333 Fresonnm
719 4295 920 4334 maxims
939 4303 995 4332 ex
1015 4294 1148 4341 parte
1168 4292 1405 4332 convertit
1425 4291 1484 4332 ad
1508 4292 1645 4331 fldem
1668 4290 1857 4336 Christi.
1875 4293 1983 4333 fana
2002 4297 2050 4332 et
2070 4293 2266 4332 delubra
2286 4290 2524 4329 destruxit
2543 4292 2590 4328 et

12 4337 23 4349 '
78 4341 280 4396 ⁹⁰9¹fffi¹³⁸=
291 4347 568 4391 construxit.
596 4348 873 4395 praedicans
904 4356 1056 4394 usque
1088 4347 1143 4385 ad
1168 4345 1373 4386 debilem
1393 4347 1684 4384 senectutem
1704 4344 1979 4392 permansit,
1999 4349 2046 4387 et
2071 4345 2160 4385 sibi
2183 4343 2511 4398 coepiscopum
2533 4344 2594 4381 td

81 4395 354 4448 tut-ninnium
369 4400 660 4448 implendum
679 4401 943 4440 substituit.
957 4401 1005 4438 et
1021 4400 1170 4438 fluitis
1187 4399 1441 4442 longaevae
1457 4397 1588 4436 vitae
1607 4397 1770 4436 diebus
1789 4400 1837 4438 iu
1856 4410 1968 4448 pace
1985 4397 2204 4450 migravit
2222 4399 2278 4436 ad
2297 4398 2548 4435 Dominum
2574 4425 2594 4442 „

11 4463 16 4474 ·
82 4440 211 4489 mittet.
236 4450 305 4488 105
323 4453 399 4493 Ed.
423 4453 657 4504 Wfirdtw).
690 4455 755 4492 De
778 4454 821 4491 S.
846 4453 1138 4492 willibrordo
1161 4452 1299 4500 plura
1316 4447 1512 4500 scripsit
1534 4451 1581 4488 et
1602 4449 1712 4487 Ven.
1735 4452 1859 4492 Beda
1879 4455 1929 4493 in
1947 4455 2060 4493 mse.
2085 4452 2167 4492 lib.
2192 4452 2242 4489 V.
2681 4465 2760 4510 d·-
