2993 4837
502 340 627 406 350
720 406 725 413 ,
1092 354 1171 404 1113
1220 359 1273 405 s.
1330 358 1678 405 oooarnmo
1729 359 1824 407 ΕΡ.
1879 359 2264 406 mmmmm
2680 341 2844 406 Nov.
2891 346 2924 408 8

414 444 623 513 altare
672 443 1057 520 accedebat,
1119 444 1267 532 ipso
1307 443 1502 512 vultu
1558 443 1947 533 Angelicam
2001 443 2511 531 quodammodo
2554 443 2923 532 dignitatem

418 554 578 622 prae
618 555 688 601 se
727 532 899 601 ferre
948 532 1329 601 videbatur.
1385 534 1526 602 Sub
1562 533 1901 601 sacrificio
1940 554 2069 601 non
2107 545 2250 601 erat
2294 544 2516 602 mente
2555 555 2787 623 vagus,
2830 534 2923 602 sed

414 623 715 712 seipsum
763 621 1277 701 transcenden5‚
1314 620 1537 691 oculis
1569 621 1728 689 fidei
1764 621 2098 691 incarnati
2135 622 2333 690 Verbi
2369 621 2931 711 contemplabatur

416 711 739 799 mysteria
773 766 787 791 ,
840 723 905 779 et
965 709 1413 797 frequentiam
1481 711 1850 800 spirituum
1907 711 2301 780 beatorum:
2357 712 2599 797 sicque
2646 710 2931 780 extremis

462 800 667 868 edum
711 798 1020 869 articulis
1069 811 1203 868 toto
1250 819 1533 888 corpore
1592 800 1893 879 innixuS,
1950 821 2082 868 non
2141 820 2366 889 genua
2416 799 2771 889 defigens,
2824 821 2930 867 non

416 822 625 958 patera
677 900 796 958 aut
843 887 1124 957 brachia
1172 893 1523 977 deponens
1559 943 1575 967 ,
1632 887 1803 956 adeo
1849 910 1925 957 ex
1972 888 2396 957 abundantia
2441 888 2690 958 mundi
2738 888 2932 958 cordis

417 978 616 1046 verba
654 976 955 1066 proferre
1003 976 1401 1057 videbatur,
1458 972 1628 1045 adeo
1678 976 1810 1066 piis
1859 977 2219 1047 desideriis
2274 990 2451 1052 totus
2496 979 2928 1055 cremebatur,

413 1066 582 1134 adeo
637 1065 958 1153 lacrymis
1014 1065 1471 1155 irrigabatur,
1529 1079 1603 1134 ut
1652 1067 1759 1133 vix
1810 1087 2036 1135 vocem
2090 1065 2431 1145 attollere,
2497 1067 2610 1135 vix
2661 1065 2928 1135 codicem

418 1154 683 1244 aperire
719 1167 966 1244 posset.
1021 1158 1230 1241 Atque
1279 1155 1369 1223 ita
1416 1154 1650 1223 divina
1701 1155 2066 1245 peragebat
2115 1155 2463 1246 mysteria.
2520 1160 2686 1223 Eam
2738 1170 2930 1223 autem

415 1244 631 1312 animi
683 1244 1046 1333 puritatem
1101 1264 1538 1332 summopere
1588 1242 1773 1312 horis
1822 1244 2148 1319 omnibus
2196 1265 2605 1313 conservare
2653 1264 2732 1311 ac
2791 1243 2934 1312 tueri

420 1332 786 1414 nitebatur,
822 1333 1010 1401 omni
1048 1331 1381 1412 custodia,
1426 1342 1502 1401 ut
1535 1332 1857 1401 admonet
1890 1334 2207 1422 sapienS,
2245 1354 2528 1402 servans
2579 1354 2700 1402 cor
2731 1353 2929 1401 suum.

507 1423 541 1507 ξ
593 1426 754 1491 28.
810 1426 972 1490 Cum
1019 1419 1392 1506 aliquando
1440 1420 1543 1488 vir
1590 1421 1827 1491 beatus
1862 1420 2224 1490 dioecesim
2265 1444 2459 1490 suam
2508 1422 2833 1497 visitaret,
2867 1419 2931 1487 ad

421 1509 596 1578 beati
632 1509 944 1579 Walerici
983 1510 1468 1579 monasterium
1510 1510 1713 1578 venit.
1749 1509 1822 1578 Id
1863 1511 1979 1580 ubi
2022 1511 2243 1581 Abbas
2281 1510 2693 1579 Lambertus
2726 1523 2791 1579 et
2821 1531 2935 1578 mo·
2979 1578 2980 1583 ,

413 1598 616 1667 nachi
650 1610 1117 1687 perceperunt,
1160 1597 1341 1665 illico
1368 1597 1451 1667 ad
1480 1611 1790 1687 cryptam
1835 1612 2222 1688 properant,
2262 1599 2380 1668 ubi
2419 1599 2534 1668 ille
2574 1598 2928 1668 residebat:
2979 1686 2980 1689 Ἴ

414 1700 659 1775 rogant
692 1708 827 1774 qua
858 1708 1064 1754 causa
1096 1707 1173 1755 eo
1209 1687 1589 1757 accesserit.
1633 1688 2019 1777 Respondet
2060 1689 2161 1756 vir
2198 1689 2307 1761 Dei
2342 1711 2356 1755 ε
2395 1711 2430 1754 ((
2462 1688 2545 1757 Ηί
2586 1685 2929 1779 presbyteri

414 1774 551 1865 (illi
582 1776 767 1843 enim
831 1774 1402 1863 circumstabant)
1451 1774 1651 1865 longe
1680 1775 1765 1844 ab
1798 1776 2286 1846 Ambianorum
2322 1777 2600 1846 civitate
2642 1775 2926 1866 separati.

411 1878 609 1933 orant
659 1887 803 1943 me,
857 1875 932 1933 ut
978 1863 1223 1934 calices
1271 1877 1335 1933 et
1386 1863 1614 1945 lintea,
1671 1865 1737 1932 in
1789 1865 2044 1952 quibus
2094 1865 2323 1934 divina
2382 1879 2772 1935 tractantur
2819 1885 2928 1950 my·

412 1953 637 2032 steria,
693 1954 863 2043 ipsis
910 1974 1403 2022 consecrem.»
1468 1959 1636 2022 Tum
1692 1953 1790 2022 illi
1845 1976 2093 2045 magno
2143 1955 2371 2023 furore
2423 1955 2697 2043 perciti,
2749 1966 2809 2021 et
2850 1953 2924 2019 vix

418 2063 669 2112 manus
716 2041 1151 2111 cohibentes:
1212 2065 1239 2106 α
1276 2046 1676 2129 Nunquam,
1723 2041 1965 2129 ajunt,
2022 2044 2211 2113 ullus
2263 2043 2760 2112 Ambianorum
2811 2040 2926 2130 Epi·

415 2153 670 2221 scopus
730 2131 842 2200 hic
904 2131 1437 2200 consecrationis
1485 2129 1786 2218 alicujus
1853 2132 2309 2201 ministerium
2373 2146 2710 2201 executus
2757 2145 2922 2198 est.»

414 2224 713 2289 Cernens
761 2221 862 2288 vir
893 2219 1132 2289 beatus
1168 2219 1536 2288 immodice
1591 2219 1742 2288 illos
1793 2222 2229 2299 commoveri,
2274 2220 2553 2290 blandis
2598 2220 2815 2289 verbis
2857 2218 2923 2284 ait

416 2308 498 2376 ad
536 2330 674 2389 eOS,
730 2308 943 2378 lenire
992 2330 1104 2377 eos
1156 2307 1428 2376 volens:
1485 2330 1519 2373 «
1557 2308 1731 2376 Licet
1761 2310 2116 2399 Episcopis
2169 2309 2394 2378 ubivis
2444 2309 2754 2378 locorum
2803 2327 2924 2375 vasa

413 2397 749 2467 Dominici
785 2396 1145 2467 ministerii
1183 2420 1607 2466 consecrare.
1663 2397 1852 2480 Quod
1888 2422 2048 2488 ergo
2095 2398 2420 2467 omnibus
2521 2399 2736 2469 assim
2781 2397 2918 2472 licet,
2977 2471 2978 2484 ξ

410 2487 581 2555 mibi
632 2489 751 2555 uni
805 2487 929 2556 hoc
982 2487 1129 2554 loco
1165 2508 1296 2554 non
1341 2486 1623 2555 licebit?
1657 2509 1691 2552 »
1742 2493 2047 2556 Attamen
2104 2488 2351 2556 cedens
2409 2510 2444 2555 a
2552 2502 2820 2575 tempus
2851 2486 2921 2552 in·
2977 2501 2978 2556 ἲ

412 2575 656 2655 vidiae,
694 2575 860 2644 abiit
897 2576 1075 2652 inde,
1124 2575 1366 2665 lugens
1394 2574 1675 2643 domum
1709 2577 2036 2644 orationis
2072 2590 2396 2645 mutatam
2438 2577 2505 2644 in
2554 2577 2918 2668 speluncam
2977 2585 2978 2592 ’

414 2661 787 2733 latronum.
825 2670 908 2732 Ea
944 2665 1124 2733 enim
1167 2676 1564 2752 tempestate
1595 2664 1844 2733 domus
1878 2664 1992 2733 illa
2045 2666 2222 2734 vitiis
2272 2679 2531 2734 scatere
2574 2665 2914 2736 videbatur,

411 2752 767 2828 sed,uunc
808 2752 977 2821 adeo
1030 2752 1095 2821 in
1150 2752 1399 2820 melius
1451 2766 1709 2821 mutata
1762 2766 1906 2834 est,
1965 2767 2037 2823 ut
2091 2754 2225 2824 illis
2275 2754 2341 2822 in
2386 2756 2706 2842 partibus
2756 2751 2919 2820 totius

413 2841 768 2930 religionis
799 2840 1147 2930 exemplar
1187 2841 1293 2909 sit.
1332 2846 1698 2927 Postquam
1735 2855 1958 2910 autem
1992 2842 2272 2911 domum
2314 2843 2511 2911 rediit
2554 2844 2915 2933 Episcopus,

412 2943 777 2998 convocato
827 2930 1013 3000 Clero
1044 2986 1058 3009 ,
1121 2930 1393 3020 exponit
1440 2931 1590 3009 εἰς,
1649 2930 2022 3000 monachos
2072 2933 2284 3000 sancti
2349 2932 2662 3000 Walerici
2704 2933 2918 3018 jactare

410 3017 915 3087 immunitatem
970 3041 1195 3098 suam,
1252 3033 1316 3086 et
1355 3019 1535 3104 quod
1583 3041 1715 3088 non
1776 3020 1911 3088 sint
1961 3021 2250 3107 subjecti
2302 3021 2645 3089 Ecclesiae
2694 3017 2917 3088 Ambia-

414 3108 637 3187 nensi,
696 3129 901 3194 seque
937 3131 1091 3176 cum
1132 3108 1512 3198 ignominia
1564 3107 1651 3177 ab
1699 3106 1838 3177 illis
1892 3109 2268 3199 repulsum.
2324 3109 2395 3177 Id
2439 3108 2536 3176 illi
2574 3110 2914 3200 audientes.

413 3194 611 3265 valde
661 3198 982 3266 commoti
1021 3209 1205 3277 sunt,
1249 3197 1620 3283 missisque
1659 3196 1923 3278 litteris,
1962 3197 2347 3266 accersiunt
2379 3197 2729 3267 Abbatem.
2766 3200 2916 3262 Venit

412 3284 527 3353 ille
579 3284 663 3354 ad
707 3286 1191 3354 Ambianorum
1233 3287 1472 3355 urbem
1512 3310 1525 3350 ε
1570 3284 1683 3353 sed
1722 3286 1872 3354 auri
1914 3308 2104 3354 sacra
2149 3285 2363 3356 fames
2399 3288 2566 3374 quid
2605 3308 2736 3355 non
2773 3301 2915 3352 mor·

407 3373 568 3443 talia
606 3376 796 3466 cogis
832 3375 1157 3463 pectora?
1205 3379 1344 3443 Non
1393 3374 1593 3463 pauci
1626 3375 1712 3443 ab
1750 3374 2002 3443 Abbate
2033 3374 2393 3465 largitione
2423 3375 2752 3464 corrupti,
2789 3387 2912 3437 eum

405 3462 735 3532 adversus
784 3465 1196 3553 Episcopum
1249 3475 1314 3531 et
1380 3475 1660 3532 matrem
1727 3463 2097 3532 Ecclesiam
2158 3465 2490 3532 acerrime
2556 3465 2906 3533 tuebantur.

408 3550 480 3620 Id
528 3553 629 3621 vir
664 3553 903 3621 beatus
937 3551 1515 3632 animadvertenS,
1550 3550 1631 3619 ad
1669 3550 2274 3652 Archiepiscopum
2321 3553 2769 3622 Rbemensem
2801 3551 2908 3615 Ma-

411 3662 658 3709 nassen
698 3663 976 3710 causam
1015 3640 1454 3727 rejiciendam
1501 3641 1757 3710 statuit.
1800 3644 2034 3728 Itaque
2073 3663 2170 3709 sic
2206 3653 2350 3710 tum
2394 3642 2767 3711 discessum
2810 3644 2905 3703 est.

495 3731 530 3816 ξ
568 3734 712 3801 2³2.
767 3735 972 3800 Porro
1006 3728 1329 3798 monachi
1361 3729 1826 3799 commentitia
1862 3730 2136 3820 fingunt
2171 3730 2551 3822 privilegia,
2586 3748 2795 3825 eaque⁸
2818 3742 2908 3790 cu·
2975 3757 2976 3790 ι

398 3819 683 3907 jusdam
728 3818 1016 3888 Romani
1066 3818 1415 3887 Pontificis
1466 3817 1745 3886 nomine
1792 3817 1963 3887 falso
2012 3819 2421 3892 inscribunt.
2461 3833 2664 3905 atque
2699 3808 2902 3883 deinde

407 3906 797 3995 frequentes
832 3908 912 3975 ad
956 3906 1409 3977 Rhemensem
1445 3907 1687 3976 urbem
1724 3907 2084 3988 accedunt,
2123 3906 2243 3976 ubi
2278 3921 2420 3978 tum
2459 3903 2900 3998 celeberrimus

411 4018 769 4086 procerum
824 3996 1080 4067 Galliae
1131 4007 1509 4065 conventus
1558 3996 1961 4066 habebatur.
2013 3995 2241 4065 Adfuit
2288 3998 2490 4067 etiam
2546 3986 2899 4064 venerabilis

404 4086 894 4155 Ambianorum
949 4086 1332 4175 Episcopus
1399 4083 1829 4154 Godesridus.
1884 4084 2193 4154 Procedit
2247 4084 2314 4154 in
2377 4086 2674 4155 medium
2722 4077 2899 4149 Abbas

407 4196 563 4243 cum
606 4174 965 4244 monachis
998 4175 1166 4255 suis,
1207 4185 1486 4243 accusat
1536 4174 1945 4264 Episcopum
1985 4173 2454 4257 Godefridum,
2484 4171 2658 4261 quod
2691 4181 2892 4254 magna

407 4262 636 4351 ipsum
675 4263 930 4352 injuria
962 4263 1284 4344 affecerit,
1342 4262 1606 4351 prosert—
1647 4263 1899 4331 litteras
1929 4264 2457 4343 commentitias,
2514 4260 2700 4334 nulli,
2739 4271 2892 4345 prae·

406 4361 716 4438 terquam
770 4357 1075 4421 Romano
1109 4351 1445 4432 Pontifici,
1488 4351 1675 4441 ipsos
1708 4373 1857 4422 esse
1887 4352 2256 4439 subjectos.
2289 4357 2628 4442 Leguntur
2653 4348 2884 4446 litterae,

396 4439 682 4527 jubente
727 4441 1293 4532 Archiepiscop0‚
1348 4463 1638 4530 moxque
1688 4441 2060 4512 insultatur
2122 4443 2458 4532 Episcopo
2506 4443 2589 4511 ab
2632 4435 2752 4505 iths
2790 4445 2881 4514 qm
