2993 4837
80 377 214 441 noi:
260 377 295 439 3
765 392 843 437 nc
891 392 945 437 s.
997 392 1283 438 flucano
1332 394 1432 437 se.
1490 391 1812 437 iconiensi
2393 376 2474 437 6³5

79 489 311 546 mentem
346 476 619 545 valeant
666 474 1063 544 defricatam
1118 476 1361 565 ignire,
1407 486 1611 561 atque
1649 473 2075 565 jamjamque
2122 475 2398 555 fessam,
2446 498 2566 566 ap-

18 586 21 621 ¹
76 567 239 655 petitu
297 565 443 634 novi
505 566 741 653 operis
805 584 1143 633 recreare:
1202 566 1346 633 viro
1398 565 1594 633 beato
1648 585 1780 632 non
1843 564 2008 632 satis
2074 576 2256 645 erat,
2312 565 2566 633 talibus

18 688 19 691 ¹
72 676 131 722 ac
164 654 340 723 tantis
368 655 706 747 virtutum
740 653 1135 741 insignibus
1165 653 1418 735 cluere,
1460 652 1576 723 sed
1632 653 2081 722 reminiscens
2134 652 2569 742 perfectionis

68 743 387 813 decessoris
435 743 574 823 sui,
634 741 918 811 ardebat
966 741 1343 831 cupiditate
1394 741 1753 829 martyrii,
1811 741 2044 810 minus
2101 763 2173 810 se
2229 741 2572 831 deputans

18 868 19 895 1
71 832 271 901 habere
315 831 757 920 perfectionis
791 886 805 911 ‚
859 831 977 917 qui
1029 830 1339 900 nondum
1395 853 1518 921 pro
1569 830 1853 899 Domino
1913 829 2305 901 tradidisset
2370 834 2570 900 morti

72 920 225 989 etiam
280 919 497 990 officia
549 920 885 1008 corporis.
957 920 1220 989 Doloris
1269 942 1568 1007 namque
1616 919 1807 987 illius
1868 919 2115 988 interni
2166 920 2573 989 amaritudi-

18 1034 21 1087 ι
72 1010 265 1095 nisque
299 1009 536 1089 animi,
573 1030 716 1096 quo
743 1008 1074 1099 flagrabat
1114 1030 1346 1078 amore
1376 1008 1710 1099 martyrii,
1744 1019 1945 1077 testes
1979 1021 2172 1078 erant
2201 1008 2565 1096 lacrymae.

18 1176 19 1179 Ἴ
69 1118 207 1179 quae
234 1098 437 1167 solent
480 1098 772 1186 prodere
833 1098 1073 1166 intima
1116 1098 1616 1167 conscientiae.
1671 1119 1846 1183 quas
1902 1098 1968 1164 in
2025 1098 2567 1167 recordationem

18 1194 19 1199 ’
70 1185 208 1253 beati
255 1187 587 1255 Lamberti
643 1186 886 1257 solitus
935 1199 1079 1255 erat
1117 1185 1313 1256 dolor
1370 1186 1655 1261 elicere.
1702 1207 2176 1276 genarumque
2225 1187 2424 1256 orbes
2466 1210 2572 1256 as-

18 1290 23 1345 t
70 1274 228 1343 sidua
254 1275 759 1344 humectatione
790 1274 1070 1344 alluere.
1109 1274 1297 1344 Unde
1332 1276 1508 1345 inter
1551 1275 1696 1365 pias
1728 1276 2249 1344 exuberationes
2279 1276 2564 1345 fletuum

18 1392 21 1439 ι
70 1362 174 1431 alta
205 1364 484 1453 suspiria
530 1363 971 1453 pulmonum,
1026 1364 1263 1433 crebro
1316 1364 1475 1433 talia
1516 1376 1931 1451 conquestus
1971 1377 2112 1432 est:
2169 1387 2204 1429 «
2235 1369 2284 1433 O
2327 1386 2434 1432 me
2467 1366 2572 1432 in-

18 1528 21 1541 ,
70 1448 304 1528 felicem,
337 1462 575 1539 terque
621 1452 1119 1533 miserandum,
1158 1453 1363 1541 eujus
1398 1475 1470 1521 se
1507 1464 1776 1543 peccata
1818 1453 1881 1519 in
1924 1465 2174 1521 tantam
2223 1453 2569 1524 sustulere

18 1580 21 1617 ÷
70 1542 424 1630 congeriem,
480 1555 560 1610 ut
613 1563 747 1609 non
800 1541 1090 1610 idoneus
1137 1540 1529 1631 dignusque
1582 1542 1834 1630 possim
1893 1542 2174 1630 reperiri
2222 1542 2569 1612 consortio

18 1634 21 1683 l
74 1631 203 1696 tanti
245 1631 379 1709 viri,
435 1631 750 1719 martyrii
808 1630 1239 1719 triumphum
1292 1631 1699 1707 subeuntis,
1756 1630 2194 1719 palmamque
2249 1632 2572 1699 victoriae

74 1716 429 1787 invadentis!
469 1744 505 1784 »
541 1720 654 1788 Sic
688 1719 788 1787 sic
826 1719 1155 1787 nimirum
1197 1718 1729 1808 imperfectionis
1761 1740 1905 1787 sese
1933 1720 2284 1808 arguebat,
2326 1733 2400 1789 ut
2433 1742 2571 1807 quo

77 1806 253 1895 magis
283 1807 639 1895 perfectuS,
685 1829 764 1876 eo
804 1808 1077 1877 sibimet
1113 1807 1454 1877 videretur
1492 1809 1784 1898 exiguus
1818 1833 1830 1871 :
1890 1808 2254 1895 minusque
2288 1810 2570 1879 oculum

80 1895 277 1964 mentis
320 1896 640 1966 tendebat
692 1897 758 1963 in
814 1897 919 1965 bis
966 1918 1142 1983 quae
1198 1897 1264 1964 in
1317 1919 1389 1966 se
1442 1898 1590 1987 jam
1640 1909 1703 1964 et
1756 1896 2002 1964 victore
2057 1898 2321 1967 Christo
2372 1899 2581 1967 sube-

82 1997 246 2070 gerat,
289 1997 349 2053 et
376 1999 605 2054 satore
638 1985 815 2053 bona
855 1986 1262 2054 nutriverat:
1317 1985 1432 2055 sed
1486 1984 1570 2054 ad
1623 2007 1696 2053 ea
1743 1986 2160 2073 capessenda
2213 1987 2582 2055 irreverbe-

88 2082 197 2140 rato
239 2073 544 2143 tendebat
599 2076 867 2154 obtutu,
923 2095 1100 2160 quae
1150 2074 1483 2155 nondum,
1539 2074 1625 2142 ob
1674 2074 2258 2143 conservationem
2303 2075 2578 2143 humili·

96 2160 227 2240 tatis,
252 2162 484 2232 Christi
519 2163 581 2230 ei
636 2162 927 2231 discreta
979 2162 1260 2252 largitas
1300 2163 1728 2242 attribuerat,
1768 2162 2124 2231 attendens
2177 2162 2345 2230 illud
2399 2164 2577 2249 quod

102 2262 335 2320 anneta
373 2252 735 2341 Scriptura
771 2251 1230 2341 praecipitur:
1286 2255 1545 2334 Quanto
1593 2274 1881 2340 maynus
1930 2273 2018 2330 es,
2085 2252 2375 2319 humilia
2415 2262 2478 2320 te
2517 2254 2585 2319 in

100 2340 347 2434 mnibus,
378 2352 440 2411 et
470 2364 705 2410 coram
738 2345 867 2409 Deo
892 2343 1187 2409 invenies
1217 2344 1518 2431 qratiam
1555 2342 1790 2498 SEccli.
1826 2339 1952 2428 iii).
1989 2340 2106 2409 His
2150 2340 2363 2430 igitur
2393 2352 2457 2408 et
2491 2353 2588 2407 ta-

98 2421 235 2497 libus
257 2431 590 2499 exercitiis
619 2431 689 2498 in
727 2431 1090 2518 gymnasio
1126 2444 1399 2499 sanctae
1434 2436 1561 2499 Ecc
1594 2430 1774 2498 esiae
1811 2451 1931 2518 per
1967 2452 2188 2498 annos
2223 2428 2585 2499 duodecim

94 2518 466 2599 exercitatus,
524 2520 640 2588 his
705 2518 1125 2609 palaestricis
1186 2520 1678 2589 certaminibus
1746 2531 1978 2587 contra
2053 2519 2283 2588 carnis
2334 2519 2584 2597 hosteS,

94 2604 348 2693 aerisque
385 2609 742 2698 principes
781 2620 880 2676 est
913 2608 1309 2697 proeliatus.

139 2694 192 2790 ,ξ
228 2702 301 2767 ὅ.
346 2701 535 2767 Anno
570 2711 800 2766 autem
838 2696 1294 2766 ordinationis
1326 2697 1479 2782 ejus
1514 2696 1924 2766 duodecimo
1957 2697 2232 2766 crebras
2267 2698 2395 2766 sibi
2436 2719 2592 2786 pro-

96 2776 232 2851 didit
257 2785 501 2856 oblatas
545 2787 682 2854 sub
733 2786 949 2855 noctis
997 2787 1224 2872 quiete
1272 2787 1569 2854 visiones
1602 2841 1616 2867 ,
1668 2785 1926 2871 quibus
1980 2808 2050 2856 se
2090 2786 2588 2856 commonitum

106 2863 392 2957 tuebatur,
435 2877 537 2944 uti
575 2897 615 2942 a
653 2875 1064 2964 Trajectensi
1098 2875 1132 2901 ⁸
1165 2875 1420 2965 oppido
1468 2896 1621 2943 ossa
1675 2875 1888 2943 sancti
1934 2874 2183 2943 levaret
2225 2875 2587 2954 Lamberti,

112 2956 411 3115 etiirco
447 3020 463 3045 ,
519 2985 662 3050 quo
725 2963 1133 3032 celebratam
1185 2965 1336 3053 ojus
1386 2964 1774 3064 passionem
1829 2977 2099 3044 nosset,
2166 2964 2408 3031 iterum
2463 2963 2597 3041 liu-

114 3057 233 3113 mafl
268 3051 708 3121 iii-educeret.
764 3057 1067 3134 Quarum
1122 3051 1501 3120 admonitio
1549 3052 1700 3139 ejus
1742 3053 2052 3120 animum
2110 3053 2594 3121 inaestimabili

106 3139 364 3207 recreavit
412 3140 698 3229 gaudio.
770 3146 1073 3209 Attamen
1125 3141 1194 3208 in
1247 3140 1547 3227 quodam
1617 3139 1999 3209 meditullio
2068 3141 2377 3229 positus,
2438 3163 2594 3209 cum

106 3237 273 3322 ,neque
314 3228 558 3299 visioni
610 3241 862 3298 certam
916 3229 1119 3298 fidem
1176 3230 1535 3309 tribueret,
1591 3228 1771 3315 quod
1827 3228 1956 3297 sibi
2008 3228 2351 3298 occultum
2405 3242 2594 3302 erat.

92 3310 370 3395 judicavit
400 3341 435 3386 a
473 3319 768 3387 Domino
815 3317 1315 3403 quaerendum.
1372 3324 1534 3387 Nam
1592 3318 1846 3386 indicto
1881 3319 2148 3386 cunctis
2187 3331 2319 3385 tani
2364 3340 2603 3385 mona—

102 3401 459 3498 sterialibuS,
498 3428 709 3492 quam
748 3427 784 3474 e
818 3407 1111 3475 civitatis
1159 3407 1448 3486 clericis,
1492 3428 1754 3475 necnon
1789 3420 1853 3475 et
1887 3406 2078 3474 laicis
2114 3407 2390 3496 jejunio,
2427 3428 2605 3491 quae

187 3488 439 3562 idivina
475 3495 798 3564 voluntas
824 3494 908 3563 de
945 3495 1050 3562 liis
1083 3517 1284 3586 agere
1313 3497 1756 3586 praeciperet,
1812 3516 2222 3585 magnopere
2263 3495 2606 3582 requirere

100 3576 341 3676 studuit.
390 3582 833 3668 Tandemque
878 3582 1184 3663 edoctuS,
1240 3585 1524 3674 ancipiti
1580 3585 1896 3653 submota
1948 3585 2324 3665 sententia,
2383 3584 2607 3652 tertio-

100 3659 323 3737 decimo
375 3692 560 3740 anno
624 3673 733 3740 sui
801 3672 1232 3760 praesulatus
1300 3686 1496 3742 coetu
1569 3672 1975 3750 clericorum
2032 3673 2163 3742 sibi
2225 3672 2602 3761 adjunct0‚

102 3768 320 3825 necnon
361 3760 676 3851 populari
726 3783 759 3828 a
820 3761 1002 3828 mine
1035 3774 1289 3841 coacto.
1350 3760 1589 3830 accitis
1637 3761 1837 3828 etiam
1891 3762 2402 3830 venerabilibus
2453 3762 2613 3851 Epi-

104 3845 289 3938 scopis
330 3861 390 3917 et
435 3848 770 3918 sacerdoti
830 3871 932 3928 us,
980 3850 1327 3919 tumulum
1377 3850 1745 3917 venerandi
1785 3849 1908 3917 viri
1945 3849 2154 3917 adiit:
2211 3850 2614 3938 ibidemque

104 3933 447 4016 spirituales
493 3940 934 4009 observantes
981 3939 1331 4018 excubiaS,
1380 3939 1949 4025 divinitatemque
1994 3937 2349 4028 pulsantes
2394 3942 2615 4029 preci-

106 4012 228 4098 bus,
276 4022 676 4097 honorantes
724 4027 1073 4108 laudibus,
1132 4029 1489 4117 rogabant,
1537 4040 1614 4097 ut
1661 4028 1782 4114 qui
1817 4027 2101 4096 antistiti
2142 4049 2266 4096 suo
2301 4026 2617 4098 facienda

108 4108 542 4195 mandaverat,
613 4138 752 4203 quo
805 4117 1339 4206 perficerentur,
1395 4117 1655 4205 coeptis
1702 4130 2081 4196 annueret,
2138 4119 2616 4205 secundosque

112 4210 426 4293 proventus
472 4205 933 4286 attribuendo,
974 4228 1170 4274 suam
1230 4206 1648 4274 voluntatem
1711 4219 1785 4273 ut
1840 4206 2062 4274 taliter
2111 4205 2372 4284 tierent,
2443 4229 2617 4276 cun-

112 4291 210 4382 cus
248 4289 456 4376 palam
505 4293 913 4362 ostenderet.
986 4299 1292 4377 Quorum
1351 4295 1480 4384 piis
1534 4295 1702 4362 votis
1769 4292 2303 4382 omnipotentiae
2372 4296 2625 4362 Divini-

118 4379 238 4440 tatis
278 4397 568 4450 annuere
618 4382 841 4450 libuit.
897 4387 1059 4452 Nam
1115 4405 1272 4450 cum
1330 4383 1625 4452 maxima
1669 4383 2097 4451 veneratione
2151 4401 2427 4462 urnam,
2487 4403 2626 4467 qua

158 4497 176 4518 ¹·
200 4499 384 4548 Scilicet,
401 4508 640 4556 Trajeeeum
661 4509 721 4547 od
742 4509 923 4555 Mosam,
944 4511 1068 4557 quod
1094 4510 1235 4558 vulgo
1262 4489 1510 4547 &obteri-iem
1537 4513 1854 4556 nuncupatur.

246 4585 467 4646 Sui-ius
496 4619 521 4632 ·
562 4588 727 4648 Vitae
758 4586 861 4650 SS.
894 4622 916 4632 -
945 4589 1068 4650 Vol.
1100 4588 1196 4647 Xl.
2441 4586 2480 4643 33
