2993 4837
34 343 109 406 ot.
163 343 227 405 16
513 362 589 407 ns
638 363 692 408 s.
748 362 1042 408 ommno
1090 364 1330 408 Anaua
1382 361 1810 409 SANcAthNsi
2221 348 2349 411 515

34 444 165 512 idern
213 445 634 526 veherentur,
690 447 1040 515 sentirent.
1080 453 1246 515 Nam
1303 446 1587 538 pelagus
1621 447 2168 534 circumquaque
2203 448 2439 517 imbri-

33 551 74 602 ω
111 546 479 622 tempestate
509 549 955 615 commotum,
995 535 1355 622 undasque
1391 537 1458 603 in
1495 535 1714 605 altum
1769 537 2225 624 suspendens,
2262 537 2430 606 nihil

33 622 186 690 :nino
231 624 722 712 remigantibus
764 623 1112 694 molestiae
1157 624 1426 694 intulit:
1474 624 1589 694 sed
1626 625 1692 692 in
1727 647 2243 712 quamcumque
2280 648 2434 716 par·

35 729 66 780 n
104 712 274 779 navis
318 711 608 793 devenit,
667 713 932 803 rejectis
990 713 1269 782 flatibus
1300 767 1316 792 ,
1379 726 1720 783 tumentes
1769 715 1840 783 in
1891 737 1962 783 se
2011 716 2265 784 fluctus
2320 716 2435 782 de-

36 800 175 870 assit.
229 805 302 869 Et
347 801 438 869 ita
486 802 674 869 omni
723 822 801 870 ex
854 814 1039 888 parte
1087 801 1433 871 undarum
1490 803 1813 882 molibuS‚
1877 803 2205 872 imbrium
2258 804 2433 871 effu—-

45 888 232 968 uibus,
272 903 762 976 ventorumque
823 891 1101 959 flatibus
1162 913 1297 959 non
1352 913 1558 980 parvo
1608 892 1830 980 spatio
1879 892 2181 973 dimotiS,
2228 893 2429 978 quasi

40 1000 115 1064 epe
156 978 476 1064 quaedam
530 980 787 1065 scapha
853 980 1282 1069 cingebatur,
1336 993 1413 1049 ut
1463 1003 1547 1048 ne
1620 1002 1759 1049 una
1831 980 2108 1066 quidem
2165 981 2439 1070 pluviae

41 1079 123 1142 tta,
156 1088 317 1152 quae
364 1067 523 1136 hinc
561 1067 722 1136 inde
771 1068 1206 1137 vehementer
1253 1068 1663 1148 inundabat,
1706 1070 1774 1159 in
1815 1069 2002 1137 illam
2055 1069 2431 1139 descende-

43 1205 49 1216 .
94 1155 254 1223 Cerei
298 1175 616 1242 quoque,
680 1158 802 1243 qui
849 1158 917 1225 in
971 1156 1149 1226 beati
1202 1158 1415 1246 patris
1472 1158 1883 1244 obsequium
1937 1157 2288 1238 ardentes,
2345 1160 2430 1227 ad

45 1257 117 1309 »ut
152 1244 475 1332 pedesque
522 1244 794 1314 fuerant
840 1244 1177 1324 collocati,
1228 1246 1463 1315 lumen
1531 1247 1796 1334 primae
1841 1248 2271 1315 accensionis
2315 1269 2432 1316 ne-

46 1352 238 1417 iquam
284 1335 712 1414 amiserunt,
783 1334 1235 1421 quoadusque
1296 1357 1550 1425 corpus
1599 1336 1747 1421 ejus
1794 1335 1880 1403 ad
1937 1334 2428 1404 monasterium

49 1433 290 1489 erretur.

86 1512 165 1577 9.
205 1511 391 1579 Aliud
440 1509 673 1580 adhuc
707 1524 910 1580 restat
947 1510 1388 1587 miraculum,
1426 1511 1610 1598 quod
1665 1511 1733 1580 in
1768 1511 2006 1580 eadem
2058 1512 2234 1580 sacri
2283 1537 2434 1582 cor·

57 1597 100 1664 is
144 1598 572 1669 translatione
612 1599 868 1669 devotis
902 1600 1231 1668 fratribus
1285 1602 1612 1668 Dominus
1664 1600 1998 1689 patefecit.
2053 1605 2220 1669 Nam
2269 1623 2428 1671 cum

53 1687 233 1756 nimia
274 1689 656 1778 remigandi
714 1689 1037 1758 instantia
1085 1688 1271 1768 fessi,
1330 1688 1734 1758 adveniente
1794 1689 2180 1759 resectionis
2233 1690 2424 1770 horst,

62 1777 534 1864 recuperandas
574 1776 901 1846 alimento
932 1798 1261 1866 corporeo
1311 1778 1512 1857 vires,
1551 1777 1877 1847 laudibus
1915 1778 2179 1847 Domini
2237 1801 2430 1867 prae-

50 1865 157 1942 xsiS‚
188 1866 674 1944 consedissent,
716 1866 1129 1953 tandemque
1174 1865 1351 1935 felici
1383 1864 1693 1935 convivio
1733 1868 2185 1936 intermisceri
2231 1880 2432 1956 potus

50 1953 143 2021 itia
185 1968 718 2034 commonerent,
774 1977 958 2024 unus
1007 1956 1484 2024 ministrorum
1529 1955 1782 2034 intulit,
1826 1955 1919 2024 nil
1973 1957 2068 2024 ibi
2110 1957 2258 2042 jam
2310 1979 2430 2046 po-

56 2060 104 2106 m
146 2064 514 2130 superesse,
558 2058 821 2143 praeter
848 2042 1033 2130 quod
1090 2044 1154 2111 in
1200 2045 1501 2114 flascone
1545 2066 1750 2132 parvo
1783 2044 2207 2121 servabatur,
2243 2045 2431 2113 unde

69 2131 406 2217 unicuique
454 2133 813 2221 quippiam
869 2132 952 2200 ad
1005 2132 1430 2221 gustandum
1535 2134 1738 2212 otius,
1789 2155 1995 2220 quam
2049 2132 2133 2201 ad
2187 2133 2430 2201 biben-

51 2235 105 2292 11,
139 2220 430 2306 praeberi
476 2222 827 2310 potuisset.
870 2220 977 2290 Illi
1022 2244 1176 2290 vero
1219 2222 1478 2291 miracu
1512 2244 1710 2291 orum
1757 2222 2050 2302 Domini,
2083 2222 2429 2307 quomodo

49 2305 142 2372 teis
184 2310 474 2397 panibus
528 2309 1040 2378 multitudinem
1095 2310 1455 2380 hominum
1501 2312 1762 2397 paverit
1815 2331 2280 2388 numerosam,
2331 2311 2428 2378 sa-

47 2405 155 2463 ntes
199 2399 635 2477 mentionem,
679 2422 757 2468 ex
789 2398 1025 2468 eodem
1074 2422 1301 2487 parv0,
1343 2400 1525 2486 quod
1581 2399 1949 2480 habebant,
1995 2399 2266 2468 cunctis
2307 2399 2424 2486 qui

47 2497 197 2565 rant,
245 2509 402 2558 cum
457 2488 789 2557 charitate
832 2487 1153 2557 distribui
1204 2487 1534 2557 fecerunt.
1592 2493 1669 2558 Et
1720 2490 1973 2557 mirum
2027 2489 2094 2556 in
2143 2487 2422 2557 modum

48 2573 126 2659 pit
168 2575 226 2643 in
275 2576 515 2645 eodem
572 2575 844 2645 vasculo
896 2577 983 2645 ita
1038 2576 1324 2662 liquoris
1372 2577 1665 2646 haustus
1714 2599 2041 2658 crescere,
2087 2591 2164 2646 ut
2211 2578 2429 2645 conti—

46 2678 65 2725 1
106 2663 420 2734 effusione
470 2664 642 2733 nihil
688 2665 910 2733 minui
963 2665 1324 2743 videretur,
1362 2665 1817 2752 quoadusque
1866 2667 2178 2736 bibentes
2268 2688 2428 2734 ocu-

46 2767 124 2843 {nn
155 2756 341 2843 copia
377 2755 834 2823 vincerentur.
868 2758 1041 2842 Ergo
1074 2775 1195 2841 pro
1239 2754 1332 2821 rei
1365 2755 1659 2824 novitate
1693 2755 2171 2846 obstupefacti,
2242 2757 2423 2844 argi-

44 2843 352 2911 tomnium
383 2844 720 2912 bonorum
753 2843 1061 2921 Domino,
1085 2842 1205 2928 qui
1227 2842 1325 2911 eis
1355 2856 1487 2910 tam
1516 2844 1922 2913 mirabiliter
1943 2844 2423 2914 sufficientiam

42 2925 230 3023 lehun,
264 2931 530 3000 debitas
579 2930 958 3020 gratiarum
1009 2932 1314 3001 actiones
1347 2953 1504 3000 cum
1559 2930 1884 3002 laudibus
1929 2933 2423 3020 persolverunt.

50 3024 266 3103 tumque
299 3034 373 3089 ut
416 3021 546 3088 iter
589 3032 902 3108 coeptum
958 3020 1192 3088 itidem
1231 3020 1540 3109 aggressi
1585 3033 1768 3100 sunt,
1808 3022 1875 3088 in
1913 3020 2192 3090 vasculo
2224 3036 2426 3111 potus

44 3107 201 3201 stavit.
249 3112 558 3195 Cumque
605 3109 816 3197 optati
870 3108 1115 3178 littoris
1167 3123 1440 3197 portum
1499 3108 1870 3188 subissent,
1912 3108 2264 3189 fratribus,
2308 3111 2430 3196 qui

38 3206 164 3261 tiam
194 3218 345 3265 cum
399 3198 514 3266 Dei
554 3196 877 3267 laudibus
915 3211 1267 3277 venerunt,
1306 3219 1482 3285 quae
1516 3211 1702 3287 gesta
1744 3197 2035 3277 fuerant,
2074 3220 2152 3266 ex
2187 3198 2427 3267 ordine

37 3296 347 3354 exuerunt.
394 3285 880 3373 celebratoque
923 3287 986 3354 in
1024 3308 1394 3355 commune
1434 3285 1711 3376 gaudio,
1749 3287 1964 3357 sancti
1999 3286 2137 3354 Viri
2175 3308 2427 3375 corpus

36 3389 155 3465 ¹gno
198 3388 604 3465 sumptuum
670 3398 827 3443 cum
880 3375 1137 3445 honore
1184 3375 1265 3444 ad
1330 3375 1821 3444 monasterium
1895 3373 2418 3452 transtulerunt,

42 3472 184 3528 mter
213 3485 395 3531 aram
452 3464 668 3533 sancti
716 3464 997 3533 Joannis
1045 3465 1386 3552 Baptistae
1424 3479 1488 3533 et
1529 3464 1853 3553 parietem
1889 3463 1956 3532 in
2002 3463 2428 3562 sarcophago

33 3563 316 3620 suerunt:
390 3553 510 3622 ubi
563 3553 765 3621 etiam
823 3553 1254 3643 postmodum
1289 3607 1304 3634 ‚
1372 3554 1593 3641 ipsius
1661 3552 2076 3622 facientibus
2134 3551 2421 3629 meritis,

33 3639 221 3741 :moria
247 3640 457 3729 digna
497 3642 828 3710 Dominus
860 3642 1186 3743 dignatus
1218 3656 1319 3712 est
1354 3641 1789 3712 manifestare
1823 3638 2155 3710 miracula
2197 3641 2231 3675 '⁵
2241 3688 2374 3707 .....

33 3731 216 3804 tm.
268 3730 548 3800 Talibus
612 3729 822 3817 igitur
871 3731 1365 3801 miraculorum
1418 3729 1693 3801 indiciis
1745 3731 1845 3799 vir
1893 3731 2006 3799 Dei
2057 3728 2430 3798 Othmarus

33 3821 67 3876 §t
92 3813 386 3887 altarium
433 3820 650 3889 sancti
684 3819 860 3887 Petri
903 3819 1279 3890 honorifice
1320 3819 1654 3908 sepultuS,
1693 3819 1894 3889 annis
1945 3818 2224 3907 triginta
2256 3838 2430 3903 qua-

33 3916 182 4000 lrget
215 3920 483 3976 centum
532 3909 905 3997 nonaginta
960 3922 1256 3995 quatuor
1310 3908 1581 3985 diebus,
1636 3908 1702 3976 in
1761 3929 1923 3997 pace
1961 3906 2241 3993 quievit.
2299 3904 2421 3973 Sed

33 4005 219 4075 mjam
260 3996 695 4085 omnipotens
745 4001 919 4066 Deus
968 3997 1316 4066 lucernam
1354 4052 1368 4075 ‚
1425 3995 1600 4065 lucis
1648 3996 1976 4084 operibus
2013 4014 2371 4064 accensam
2407 4047 2423 4071 ,

33 4078 392 4170 minumque
444 4084 861 4175 negligentia
911 4085 1034 4154 diu
1084 4086 1150 4153 in
1200 4084 1467 4154 occulto
1577 4085 1846 4164 ositam,
1903 4084 1984 4152 ad
2038 4080 2427 4170 exemplum

33 4180 110 4243 [ue
136 4168 641 4242 illustrationem
673 4173 982 4243 fidelium
1013 4195 1224 4260 super
1250 4173 1533 4242 candela
1594 4196 1745 4242 rum
1778 4194 2049 4261 ponere,
2088 4193 2168 4241 ac
2198 4169 2430 4270 splen-

34 4269 82 4318 re
115 4260 475 4330 sanctitatis
521 4261 672 4350 ejus
721 4261 1047 4331 omnibus
1097 4262 1166 4331 in
1221 4260 1425 4329 domo
1484 4263 1593 4330 Dei
1653 4261 2092 4331 manentibus
2141 4258 2430 4327 luminis

40 4408 331 4465 Prodigiorum,
356 4432 477 4471 quae
505 4423 632 4462 Deus
654 4434 739 4472 per
758 4424 804 4463 S.
827 4423 1037 4463 Othmart
1060 4424 1465 4467 intercessionem.
1482 4420 1696 4473 perfecit,
1716 4432 1931 4473 magnam
1952 4424 2130 4474 copim
2152 4416 2431 4461 walafridu-

35 4472 54 4498 θ
70 4468 209 4510 refert:
228 4476 305 4515 sed
327 4486 380 4515 ez
397 4475 644 4517 brevitatis
664 4476 818 4522 causa.
838 4477 973 4517 nobis
994 4480 1105 4517 suut
1123 4479 1555 4526 praetermittenda.
