2993 4837
561 280 687 345 730
1181 296 1258 341 nn
1307 296 1363 341 s.
1416 294 1734 341 STEPHANO
1781 294 2050 341 sumone
2096 291 2291 361 mar.
2655 276 2803 339 Not.
2839 278 2904 339 28

469 395 534 449 et
594 378 1038 459 osculamur,
1092 392 1156 447 et
1213 400 1450 447 eorum
1505 378 1937 468 perceptione
1987 378 2416 448 sanctitatem
2481 378 2907 463 consequimur.

471 474 596 537 Vos
656 468 864 567 igitur
916 469 1090 536 inter
1140 479 1457 536 sanctum
1528 489 1607 536 ac
1675 466 2041 557 profanum
2111 466 2399 534 minime
2452 464 2909 555 distinguentes.

471 556 717 627 Christi
751 556 1148 646 imaginem,
1189 578 1326 626 non
1356 577 1553 626 secus
1583 569 1787 642 atque
1810 555 2144 645 Apollinis
2186 568 2504 635 statuam,
2537 554 2916 643 Deiparaeque

470 646 628 714 item
679 665 811 713 non
865 666 1065 715 secus
1103 666 1182 714 ac
1222 643 1499 725 Dianae,
1552 644 1815 713 idolum
1864 642 2214 734 appellare
2250 643 2533 712 minime
2593 643 2911 713 horruistis.

470 732 645 816 Quin
681 733 903 821 ipsam
960 754 1232 820 quoque
1281 732 1573 823 pedibus
1615 733 2022 822 protrivistis
2075 746 2141 801 et
2172 732 2547 801 exussistis.
2582 754 2614 795 »
2662 731 2746 800 Ad
2801 731 2916 798 haer

470 827 881 910 Imperator:
936 844 971 888 «
1001 826 1051 891 Ο
1099 844 1298 891 caeca
1337 834 1560 892 mente
1594 820 1918 911 praedite,
1959 822 2207 909 inquit,
2245 844 2326 889 ac
2362 842 2565 909 supra
2593 840 2805 889 omnes
2824 824 2911 886 Im·

472 910 953 980 memorandos
1010 909 1350 979 oblivione
1398 911 1629 1001 digne,
1683 909 1791 979 bis
1839 911 1981 979 ima
2029 910 2266 979 inibus
2330 908 2724 999 proculcatis
2784 907 2944 975 Chri-¹

470 1011 746 1068 stumne
796 998 1454 1088 proculcavimus‘l»
1505 1005 1674 1068 Tum
1733 1020 1890 1069 vero
1930 998 1976 1068 il
2009 1021 2089 1078 e,
2160 1019 2312 1067 vere
2364 998 2434 1066 in
2495 997 2732 1066 divinis
2775 995 2907 1063 rebus

469 1086 684 1156 solers
724 1087 1135 1177 Stephanus,
1174 1088 1242 1155 in
1281 1109 1537 1157 morem
1579 1110 1844 1169 eorum,
1899 1088 2021 1175 qui
2076 1086 2321 1156 bellica
2377 1086 2576 1155 laude
2623 1097 2900 1174 praestant

470 1176 941 1246 adversarium
982 1189 1250 1246 suomet
1285 1177 1413 1246 telo
1447 1176 1669 1256 ferire,
1723 1198 1801 1245 ac
1836 1198 1956 1266 per
1985 1197 2067 1245 ea
2096 1177 2248 1265 ipsa
2293 1197 2472 1262 quae
2504 1176 2764 1253 dixerat,
2813 1194 2900 1261 pm-

470 1264 709 1354 ssigare
755 1266 1045 1354 cupiens
1096 1287 1378 1334 manum
1415 1266 1482 1334 in
1519 1263 1867 1334 cucullam
1912 1265 2313 1344 immittenS,
2368 1278 2570 1351 atque
2613 1262 2757 1331 inde
2782 1280 2898 1328 num·

474 1376 664 1422 mum
715 1353 783 1421 in
832 1376 969 1440 quo
1003 1354 1262 1443 impius
1301 1353 1415 1422 ille
1454 1354 1771 1443 sculptus
1815 1366 1982 1434 erat,
2033 1353 2418 1433 extrahens,
2450 1372 2732 1438 eumque
2751 1369 2900 1435 quea

470 1440 843 1511 admodum
908 1441 1215 1512 Christus
1260 1442 1421 1511 olim
1482 1442 1787 1513 Caesaris
1830 1464 2195 1512 nummum
2244 1440 2536 1510 Judaeis
2582 1438 2898 1509 ostendens:

472 1552 508 1595 «
537 1530 933 1619 cujusnam,
978 1531 1223 1617 inquit,
1277 1545 1378 1600 est
1419 1532 1582 1600 haec
1617 1531 1843 1620 imago
1875 1543 1939 1617 et
1994 1530 2586 1619 superscriptio?»
2634 1534 2715 1597 Eo
2755 1541 2902 1594 autem

471 1618 783 1698 mirante,
822 1640 900 1686 ac
936 1640 1041 1687 res
1094 1620 1427 1689 ondente:
1486 1642 1523 1685 «
1560 1619 1772 1707 Cujus
1808 1618 2079 1688 tandem
2123 1617 2327 1698 aliuS‚
2378 1640 2584 1706 quam
2629 1622 2906 1705 Imperator

472 1710 662 1775 rum?
686 1729 873 1773 »—«
898 1707 1028 1789 Qui
1085 1762 1098 1789 ,
1139 1708 1361 1794 inquit
1393 1708 1494 1776 vir
1521 1720 1823 1788 sanctuS,
1855 1709 1912 1779 si
1944 1707 2291 1797 quispiam
2325 1729 2483 1777 eum
2518 1703 2908 1775 contumelias»²

472 1794 539 1861 in
597 1808 845 1864 terram
920 1796 1297 1885 projectum
1361 1796 1652 1886 pedibus
1701 1809 1918 1880 terat,
1983 1817 2325 1885 poenasne
2395 1796 2655 1882 aliquas
2719 1791 2908 1861 lueth

472 1906 507 1948 «
538 1883 791 1965 Quidni
841 1897 1094 1966 autem,
1162 1884 1481 1954 dixerunt
1519 1885 1592 1965 ii,
1643 1886 1766 1972 qui
1811 1884 2195 1965 adstabant,
2275 1906 2439 1953 cum
2490 1880 2910 1971 Imperatorum

469 1970 763 2062 effigiem
806 1974 1202 2061 proculcet?
1245 1998 1280 2039 »
1329 1973 1423 2042 Ad
1466 1974 1631 2042 haec
1686 1974 1790 2041 vir
1848 1986 2152 2052 sanctus,
2218 1994 2495 2062 gravem
2530 1969 2833 2058 quendam
2867 1987 2910 2032 ex

471 2060 611 2130 imo
663 2073 928 2150 pectore
966 2063 1297 2152 gemitum
1339 2063 1677 2142 emittens,
1732 2084 1810 2130 ac
1852 2084 2101 2151 magno
2149 2084 2310 2129 cum
2362 2061 2571 2130 animi
2617 2057 2820 2128 dolore
2846 2076 2910 2152 er·

471 2148 819 2218 clamans:
875 2173 909 2215 «
962 2154 1011 2219 Ο
1062 2150 1484 2230 immanem,
1558 2151 1827 2236 inquit,
1894 2151 2322 2219 caecitatem!
2391 2150 2459 2218 Si
2532 2171 2641 2237 pro
2684 2142 2909 2215 mortalis

472 2238 912 2326 Imperatoris
960 2238 1179 2308 forma
1225 2252 1290 2308 et
1334 2238 1558 2329 effigie
1605 2239 2046 2329 gravissimas
2112 2260 2368 2327 poenas
2402 2237 2777 2328 irrogandas
2820 2254 2910 2301 esse

472 2324 762 2407 dixistis,
815 2349 988 2414 quas
1053 2328 1328 2397 tandem
1394 2350 1645 2428 poenas
1694 2349 1852 2396 eum
1916 2327 2310 2397 subiturum
2372 2348 2521 2397 esse
2563 2326 2794 2415 putatis
2834 2340 2912 2404 qut

474 2414 624 2484 Filii
686 2416 799 2485 Dei
841 2440 920 2485 ac
984 2416 1214 2485 Matris
1277 2418 1500 2506 ipsius
1545 2415 1838 2508 effigiem
1900 2415 2344 2494 conculcarit,
2415 2416 2690 2506 ignique
2725 2408 2912 2480 tradere

476 2505 760 2574 minime
817 2505 1191 2575 dubitarit?
1241 2528 1277 2572 »
2943 2561 2944 2576 ,

560 2596 597 2679 ἓ
642 2598 799 2665 85.
854 2594 974 2663 Vix
1036 2594 1202 2663 haec
1242 2594 1526 2674 dixerat,
1578 2616 1738 2663 cum
1805 2593 2032 2663 subito
2081 2613 2450 2684 nummum
2498 2613 2651 2661 eum
2707 2586 2909 2678 pedith

477 2683 807 2769 protrivit.
843 2688 1008 2752 Cum
1051 2697 1280 2752 autem
1319 2684 1388 2762 ii,
1427 2684 1547 2769 qui
1588 2682 1972 2762 adstabant,
2007 2681 2308 2750 ferarum
2349 2682 2488 2750 ritu
2520 2679 2904 2772 accurrissent.

472 2783 549 2838 ut
579 2785 893 2840 sanctum
937 2772 1160 2840 virum
1214 2772 1652 2861 praecipitem
1718 2769 1794 2838 in'
1849 2792 2033 2839 mare
2095 2769 2470 2858 dejicerent
2514 2769 2748 2860 (audax
2789 2781 2904 2863 enta]

472 2870 536 2926 et
597 2881 922 2948 praeceps
980 2873 1080 2929 est
1142 2861 1533 2938 assentatio,
1602 2883 1680 2929 ao
1728 2859 1893 2928 dum
1944 2858 2293 2945 obsequiis
2342 2858 2642 2945 aliquem
2701 2856 2902 2925 nimium

474 2946 809 3016 demereri
872 2949 1121 3027 studet,
1194 2948 1680 3018 mediocritatis
1742 2949 1968 3017 omnis
2017 2947 2188 3015 fines
2248 2947 2583 3034 excedit),
2637 2952 2906 3034 Imperator

475 3033 819 3105 lenitatem
850 3037 1212 3116 simulans,
1264 3059 1401 3124 quo
1449 3036 1848 3107 iracundiae
1898 3036 2438 3122 haudquaquam
2481 3034 2786 3104 obnoxius
2818 3046 2902 3096 esse

473 3123 837 3205 videretur,
890 3126 1011 3212 qui
1048 3148 1194 3194 eam
1239 3125 1586 3216 ingentem
1635 3139 1835 3211 atque
1870 3146 2193 3194 arcanam
2227 3124 2297 3191 in
2330 3125 2564 3192 animo
2597 3120 2902 3207 insidentem

475 3214 790 3294 habebat,
847 3214 913 3283 in
954 3236 1274 3304 praesens
1341 3214 1620 3301 quidem
1662 3235 1777 3283 eos
1839 3213 2173 3303 prohibet,
2227 3224 2431 3299 atque
2479 3213 2566 3282 ab
2607 3201 2903 3298 hujusmodl

474 3317 722 3372 conatu
758 3304 1077 3382 abducit;
1129 3315 1471 3372 caeterum
1533 3317 1847 3371 sanctum
1885 3303 2107 3371 virum
2149 3299 2323 3370 collo
2364 3300 2631 3390 alligari
2662 3322 2732 3368 ac
2764 3311 2904 3382 mam·

478 3392 607 3460 bus
665 3415 703 3459 a
761 3405 947 3482 tergo
1009 3392 1252 3460 vinciri
1307 3392 1581 3480 jussum
1622 3446 1636 3471 ,
1703 3389 1788 3459 ad
1853 3390 2208 3480 publicum
2277 3390 2594 3477 praetorii
2659 3399 2898 3458 carcerem

476 3480 838 3550 amandat:
897 3493 973 3550 ut
1022 3479 1332 3549 videlicet
1379 3480 1465 3548 ob
1504 3479 1854 3566 protritam
1907 3479 2348 3568 Imperatoris
2407 3477 2690 3568 effigiem
2734 3488 2900 3563 poemS
2943 3529 2944 3532 η

474 3592 515 3637 a
555 3568 701 3659 lege
733 3569 1139 3639 constitutas
1172 3569 1407 3637 lueret.
1464 3572 1643 3636 Haec
1695 3567 2020 3636 nimirum
2081 3566 2255 3636 lenis
2289 3565 2404 3636 ille
2444 3590 2524 3635 ac
2559 3564 2763 3661 facilis..
2792 3577 2894 3652 cunj

475 3670 754 3745 ctosque
803 3658 1215 3746 injuriarum
1267 3656 1606 3727 oblivione
1660 3677 2018 3744 superans.
2066 3661 2230 3724 Nam
2294 3657 2417 3742 qui
2466 3654 2694 3724 Christi
2739 3665 2897 3746 imagi·

478 3768 631 3814 nem
669 3747 1250 3837 proculcaverant,
1287 3759 1488 3832 atque
1519 3747 1588 3813 in
1628 3745 1852 3834 ignem
1889 3745 2343 3834 conjecerant,
2381 3743 2454 3811 hi
2494 3765 2648 3812 suae
2674 3744 2891 3834 imaginis

480 3835 780 3905 vindices
822 3835 1169 3914 sedebant,
1227 3846 1428 3921 atque
1461 3833 1776 3902 ultricem
1837 3833 2124 3921 hujusce
2163 3831 2490 3902 facinoris
2529 3832 2718 3921 legem
2749 3831 2891 3920 prol&

480 3926 738 3994 rebant.
781 3925 1027 4011 Ecquis
1068 3936 1292 3992 autem
1344 3944 1582 3992 eorum
1618 3922 1985 3990 amentiam
2038 3922 2203 3990 satis
2245 3921 2483 4000 rideat,
2540 3922 2717 3988 immo
2744 3925 2886 4012 palmi

476 4035 714 4082 eorum
771 4012 1153 4082 vecordiam
1209 4034 1287 4081 ac
1335 4012 1727 4080 caecitatem
1768 4010 1933 4079 satis
1973 4009 2328 4098 deplorare
2360 4014 2604 4095 queat?
2642 4012 2701 4075 At
2725 4011 2884 4091 spiritu

477 4102 712 4170 divino
778 4102 1103 4190 majorem
1171 4101 1238 4169 in
1284 4099 1562 4169 modum
1630 4098 1896 4168 afflatus
1958 4098 2367 4187 StephanuS,
2407 4096 2604 4167 simul
2640 4109 2790 4180 atque
2824 4082 2880 4151 fel

480 4192 706 4280 ipsum
766 4191 1058 4259 carceris
1114 4188 1320 4258 limen
1373 4189 1616 4278 attigit,
1682 4199 1948 4276 pectore
2009 4186 2456 4268 incalescens,
2507 4199 2679 4272 atque
2714 4180 2871 4248 abeo.

478 4301 614 4364 quo
656 4279 1004 4367 praeditus
1050 4290 1213 4359 erat,
1257 4276 1635 4367 perspicaci
1667 4275 1916 4366 spiritu
1951 4274 2355 4357 concitatuS,
2414 4274 2652 4344 dierum
2685 4279 2870 4338 suorum

482 4377 730 4436 metam
793 4368 860 4435 in
898 4367 1135 4457 lingua
1199 4388 1325 4436 sua
1385 4366 1656 4436 locutus
1713 4377 1835 4445 est,
1889 4364 1998 4433 his
2040 4363 2263 4434 verbis
2313 4376 2545 4434 utens:
2591 4385 2619 4426 a
2652 4361 2868 4428 Haec-est
