2993 4837
525 293 652 356 426
1347 310 1422 354 na
1471 310 1527 354 S.
1583 308 1857 354 manno
1908 308 2065 354 rArA
2642 284 2893 352 Novati

439 406 601 464 sunt
646 403 1075 481 quantocyus
1126 392 1349 461 valeas
1382 391 1674 481 explere.
1709 416 1744 458 »
1808 392 1939 474 Qui
2000 391 2385 480 praedictus
2431 389 2901 479 olympimno-

446 503 628 550 mam
678 481 979 560 venienS,
1022 481 1279 550 invenit
1312 491 1617 551 sanctam
1667 485 2048 550 Romanam
2090 479 2460 549 Ecclesiam
2505 477 2722 548 coadu
2763 521 2782 534 1·
2849 521 2852 534 ·

442 591 599 639 cum
636 569 960 638 omnibus
996 570 1237 659 Episco
1290 569 1349 639 is
1397 568 1654 650 Italiae,
1695 568 2166 639 sacerdotibus
2205 568 2307 638 vel
2359 567 2590 637 Clero:
2642 578 2703 636 et
2745 591 2784 623 ’·ι
2827 595 2910 636 ιιιϊ.

441 657 819 748 adimplere
855 679 933 727 ea
965 679 1139 744 quae
1172 658 1231 727 si
1287 659 1527 747 ijussa
1559 670 1743 739 sunt,
1782 678 2061 727 armans
2094 679 2166 727 se
2197 679 2353 726 cum
2389 655 2691 725 exercitu
2716 655 2775 723 vi
2806 678 2894 714 ιιιί

443 745 652 816 voluit
698 746 1001 815 schisma
1026 761 1297 816 sanctae
1345 745 1681 816 Ecclesiae
1713 747 2197 816 intromittere:
2252 744 2379 815 hoc
2411 756 2642 814 autem
2672 762 2779 832 per
2813 771 2870 802 ιιι

444 836 697 903 rimum
736 847 1003 924 tempus
1037 847 1264 904 actum
1300 848 1424 915 est,
1455 845 1522 903 et
1552 856 1684 903 non
1737 834 1933 903 illum
1975 836 2406 924 omnipotens
2456 838 2635 901 Deus
2667 828 2915 918 permisit

444 947 522 992 ea
570 945 744 1010 quae
784 922 1127 993 nitebatur
1174 923 1523 1012 perficere.
1554 922 1803 992 Videns
1847 944 2009 1012 ergo
2041 944 2114 992 se
2160 946 2200 991 a
2250 934 2483 991 sancta
2518 921 2632 990 Dei
2672 916 2918 989 Εοε1,.ιιι’

446 1011 788 1081 catholica
833 1024 899 1080 et
943 1012 1324 1101 Apostolica
1377 1023 1801 1099 superatum,
1855 1032 2132 1082 necesse
2177 1011 2421 1082 habuit
2483 1010 2574 1079 de
2612 1030 2737 1078 sua
2780 1004 2915 1075 mala

447 1100 820 1170 intentione
857 1099 1223 1170 declinare.
1271 1099 1396 1169 Sed
1432 1099 1612 1186 quod
1669 1120 1801 1168 non
1855 1100 2073 1189 potuit
2127 1122 2247 1189 per
2302 1119 2589 1168 manum
2638 1107 2886 1165 armata

444 1190 683 1269 facere,
738 1189 1141 1279 subreptitio
1179 1188 1377 1258 modo
1425 1209 1546 1278 per
1593 1189 1955 1258 Missarum
1990 1187 2321 1257 solemnia
2370 1188 2437 1255 in
2486 1185 2776 1255 ecclesia
2805 1204 2885 1252 sa·

445 1291 591 1347 ctae
628 1277 738 1346 Dei
779 1278 1139 1347 Genitricis
1185 1297 1589 1364 semperque
1642 1276 1928 1366 virginis
1966 1277 2214 1345 Mariae
2260 1273 2342 1345 ad
2396 1280 2749 1364 Praesepe,
2794 1270 2831 1340 d
2884 1297 2920 1330 n*

447 1367 508 1435 ei
560 1366 1036 1436 sanctissimus
1107 1371 1285 1454 Papa
1337 1365 1666 1434 Martinus
1725 1364 2280 1434 communionem
2342 1363 2525 1452 porri
2581 1376 2763 1442 eret,
2802 1381 2906 1429 eu:-

447 1455 835 1523 interimere
885 1453 1132 1523 voluit:
1202 1453 1629 1554 praecipiens
1699 1452 2047 1542 spathario
2121 1475 2269 1534 suo,
2342 1464 2417 1521 ut
2463 1452 2520 1519 si
2584 1452 2603 1518 i
2659 1450 2915 1520 clancu2

449 1543 615 1611 hora
663 1542 779 1611 illa
814 1542 1127 1699 spatham
1165 1542 1233 1610 in
1273 1543 1593 1612 manibus
1623 1540 1834 1620 daret,
1872 1562 2007 1627 quo
2057 1554 2320 1612 tantum
2370 1539 2563 1609 nefas
2602 1560 2806 1628 ocyus
2834 1536 2875 1604 i·
2917 1565 2920 1568 ·

449 1631 684 1721 pleret.
739 1634 817 1699 Se
920 1635 1092 1700 Deus
1131 1630 1588 1719 omnipotens,
1641 1630 1761 1717 qui
1808 1629 2049 1699 solitus
2098 1643 2201 1699 est
2254 1650 2482 1698 servos
2547 1649 2714 1698 suos
2748 1639 2892 1696 orti·

447 1720 655 1788 doxos
720 1719 1253 1808 circumtegere,
1320 1732 1385 1788 et
1437 1719 1524 1786 ab
1570 1719 1759 1786 omni
1810 1717 1990 1787 malo
2049 1719 2349 1807 eripere,
2403 1717 2554 1807 ipse
2602 1710 2922 1810 excaeca]

449 1807 876 1897 spatharium
913 1806 1211 1898 Olympii
1259 1807 1556 1888 exarchi,
1609 1819 1672 1874 et
1724 1828 1857 1875 non
1906 1818 2007 1875 est
2057 1806 2432 1897 permissus
2481 1804 2715 1874 videre
2752 1809 2889 1872 Pon

449 1897 645 1965 ficem
683 1895 1166 1986 apostolicum,
1221 1894 1499 1982 quando
1552 1895 1843 1964 exarcho
1895 1894 2449 1964 communionem
2503 1893 2818 1983 porrexit,

451 2006 683 2075 pacem
735 1983 943 2065 dedit,
997 2005 1082 2052 ne
1131 1984 1296 2053 tanti
1358 1983 1693 2073 praesulis
1737 1981 2204 2053 effunderetur
2260 1982 2546 2072 sanguis
2612 1979 2926 2051 innoxius-

448 2086 513 2142 et
560 2072 901 2148 Catholica
956 2073 1068 2141 Dei
1138 2072 1436 2141 Ecclesia
1501 2071 1830 2141 nefandae
1880 2071 2145 2141 haeresi
2198 2070 2731 2160 subjugaretur,
2791 2075 2920 2156 quw'

450 2161 886 2252 postmodum
932 2160 1321 2250 praedictus
1368 2161 1666 2260 armiger
1706 2159 1940 2229 multis
1971 2158 2425 2249 jurejurando
2461 2158 2810 2250 professus
2849 2179 2892 2214 ³⁴·

448 2256 499 2321 Ο
551 2249 898 2339 praeclara
945 2250 1059 2318 Dei
1128 2250 1380 2339 pietas!
1433 2270 1472 2318 o
1520 2248 1791 2317 divinae
1839 2248 2162 2317 bonitatis
2237 2247 2594 2316 infinitas!
2650 2247 2906 2330 Quisna

450 2339 631 2429 apud
671 2338 1110 2428 semetipsum
1163 2338 1597 2415 constitutus,
1637 2358 1768 2406 non
1821 2336 2044 2406 videat
2071 2336 2412 2424 quomodo
2448 2336 2613 2426 pius
2650 2334 2924 2404 Ποιιιίιιι·

451 2451 529 2498 ac
581 2426 988 2518 Redemptor
1036 2439 1262 2496 noster
1285 2433 1485 2496 Jesus
1534 2427 1841 2496 Christus
1870 2426 2113 2495 ovibus
2159 2426 2305 2495 suis
2353 2437 2698 2525 pastorem
2750 2446 2930 2492 nwr.

452 2517 711 2586 sarium
767 2517 832 2584 in
889 2516 1111 2584 medio
1169 2515 1488 2604 luporum
1541 2515 1986 2583 constitutum
2041 2526 2398 2583 reservavit
2461 2513 2817 2591 illaesum,
2882 2528 2924 2568 ιω·

455 2616 719 2695 pastore
767 2617 1138 2694 perempto,
1192 2625 1347 2673 oves
1393 2603 1631 2683 facile,
1700 2602 1889 2672 nullo
1948 2602 2277 2682 obstante,
2344 2602 2675 2691 luporum
2724 2597 2908 2669 lania

457 2693 1042 2783 periclitarentur?
1090 2696 1251 2760 Nam
1288 2703 1353 2760 et
1414 2692 1541 2761 hoc
1597 2711 1924 2781 magnum
1977 2712 2170 2760 verae
2225 2689 2384 2759 fidei
2436 2703 2735 2778 praestat
2780 2686 2924 2774 adj

459 2795 785 2860 mentum,
828 2780 1007 2867 quod
1044 2780 1190 2848 sine
1224 2780 1436 2849 dubio
1468 2779 1554 2848 ab
1586 2800 1694 2848 om
1709 2780 1912 2849 nibus
1941 2779 2245 2848 creditur
2281 2777 2595 2868 perfectis
2624 2776 2928 2870 fidelibus·

452 2869 617 2956 quia
666 2869 730 2936 in
782 2867 900 2937 illo
948 2880 1216 2937 nostrae
1266 2867 1751 2957 redemptionis
1802 2867 2146 2956 mysterio,
2183 2867 2267 2936 ad
2321 2888 2555 2935 vocem
2611 2864 2868 2937 sacerdo
2899 2888 2926 2917 τι·

453 2957 623 3027 coeli
672 2957 1097 3045 aperiuntur,
1150 2969 1213 3026 et
1245 2958 1390 3047 ipse
1428 2954 1744 3026 sacerdos
1791 2956 2129 3055 Angelicis
2162 2955 2727 3044 circumstipatur
2770 2947 2933 3046 mini-

455 3045 636 3125 stris,
673 3045 948 3132 quando
996 3067 1218 3135 agnus
1269 3045 1377 3115 Dei
1430 3045 1760 3125 ChristuS,
1802 3065 1917 3130 qui
1972 3044 2179 3115 semel
2231 3043 2684 3134 propeccatis
2729 3050 2861 3110 nost
2899 3064 2932 3093 ι·

457 3136 523 3202 in
566 3156 767 3204 cruce
818 3148 1126 3204 mortuus
1171 3146 1294 3213 est,
1332 3132 1450 3220 qui
1493 3154 1858 3223 resurgens
1892 3154 1928 3201 a
1967 3132 2254 3203 mortuis
2293 3138 2434 3220 jam
2471 3153 2608 3200 non
2664 3129 2925 3199 moritur,

454 3238 517 3292 et
559 3244 739 3292 mors
773 3222 872 3290 illi
909 3222 1086 3292 ultra
1129 3243 1259 3292 non
1303 3220 1794 3303 dominabitur,
1827 3221 2072 3290 iterum
2114 3243 2234 3312 per
2258 3220 2662 3308 mysterium
2696 3217 2920 3307 patitur,

456 3325 530 3380 ut
583 3332 825 3401 panem
861 3310 1268 3400 Angelorum
1314 3309 1729 3378 manducare
1778 3309 1992 3399 possit
2041 3309 2267 3390 homo,
2319 3323 2385 3378 et
2432 3329 2567 3377 non
2636 3307 2929 3376 remancat

458 3401 682 3468 homo,
723 3403 797 3468 Et
835 3399 962 3468 hoc
1000 3412 1104 3467 est
1144 3398 1393 3466 mirum
1427 3410 1493 3467 et
1538 3397 1944 3467 admirabile
1970 3398 2245 3467 'cunctis
2295 3396 2544 3467 seculis
2591 3411 2927 3487 sacramen-

457 3502 628 3569 tum,
680 3485 1021 3575 quomodo
1059 3491 1289 3576 Agnus
1338 3487 1474 3567 Dei,
1522 3486 1641 3573 qui
1680 3486 1883 3557 estin
1932 3485 2199 3555 dextera
2248 3485 2485 3565 Patris,
2537 3482 2826 3572 quotidie
2873 3494 2925 3543 m

460 3588 889 3646 sacrosancta
924 3575 1158 3644 altaris
1208 3595 1444 3643 mensa
1489 3574 1940 3664 crucifigitur,
1975 3575 2285 3653 moritur,
2328 3596 2367 3641 a
2402 3573 2721 3642 fidelibus
2753 3584 2927 3639 come·

457 3665 665 3745 ditur,
710 3675 774 3733 et
818 3686 977 3734 cum
1017 3685 1135 3753 per
1176 3663 1576 3751 mysterium
1628 3663 1697 3732 in
1750 3684 1874 3733 esu
1913 3661 2222 3731 fidelium
2272 3662 2727 3738 consumitur,
2778 3657 2926 3724 vivus

455 3767 519 3822 et
554 3754 810 3855 integer
860 3765 1107 3821 manet.
1162 3749 1285 3820 Sed
1323 3751 1485 3837 quia
1538 3751 1918 3820 secundum
1971 3750 2426 3829 Psalmistam‚
2491 3749 2722 3819 omnia
2771 3758 2926 3834 opera

462 3844 731 3912 Domini
766 3842 831 3909 in
895 3840 1052 3919 fide,
1103 3852 1167 3908 et
1195 3840 1429 3929 justus
1469 3860 1605 3908 non
1670 3840 1802 3908 nisi
1856 3860 1934 3908 ex
1986 3838 2120 3908 fide
2169 3838 2348 3914 vivit,
2399 3838 2515 3925 qui
2585 3859 2715 3906 non
2761 3833 2923 3927 potest

461 3943 682 4000 tantae
733 3928 1214 4021 profunditatis
1263 3940 1767 3998 sacramentum
1807 3927 2248 4018 intelligendo
2327 3940 2655 4005 enetrare,
2685 3919 2923 4016 sufficit*

462 4019 560 4087 illi
597 4019 917 4088 veraciter
945 4017 1241 4087 credere.
1281 4021 1442 4086 Nam
1487 4015 1727 4086 beatus
1776 4015 2021 4085 Christi
2069 4016 2256 4084 Ponti
2292 4038 2373 4086 ex
2403 4015 2724 4084 Martinus
2756 4011 2812 4078 in
2838 4002 2921 4074 1110

459 4107 731 4177 coelesti
767 4107 1087 4196 mysterio
1133 4106 1566 4186 constitutuS,
1602 4104 1767 4191 quid
1811 4106 2062 4174 mirum
2097 4104 2154 4173 si
2197 4104 2462 4175 inimici
2510 4102 2692 4172 fraus
2731 4095 2919 4188 advet-

462 4219 580 4264 sus
613 4195 808 4264 illum
856 4216 984 4263 non
1040 4192 1451 4284 praevaluit:
1504 4192 1781 4281 quando
1843 4214 1973 4262 non
2032 4193 2253 4261 solum
2306 4191 2620 4283 Angelica
2661 4197 2787 4257 erat
2826 4195 2949 4277 1111*

376 4315 386 4328 ·
463 4283 604 4349 litia
653 4294 907 4371 septus,
962 4282 1402 4352 verumetiam
1440 4281 1665 4371 ipsum
1703 4281 2107 4369 Angelorum
2161 4281 2527 4350 Dominum
2562 4275 2832 4368 portabat
2863 4284 2912 4333 m

465 4370 829 4438 manibus?
876 4382 1054 4439 certe
1089 4372 1342 4459 ipsum,
1379 4386 1443 4438 et
1493 4392 1623 4437 non
1680 4370 1919 4450 alium,
1958 4391 2163 4456 quam
2215 4391 2416 4456 quem
2470 4369 2721 4436 Simeon
2755 4371 2910 4429 senex
