2993 4837
91 312 231 377 NOV.
284 312 359 375 ⁴3
904 332 981 377 oe
1031 331 1085 377 s.
1140 330 1366 377 nimico
1415 331 1712 378 conress.
2361 315 2477 379 451

36 483 39 488 ,
88 437 143 482 ex
171 413 571 501 Apostolicae
603 414 794 483 Sedis
840 415 1483 502 circumspectione,
1524 414 2057 505 diligentissime
2090 415 2356 504 agenda
2396 438 2580 497 esse;

36 505 270 589 ¹itaque
333 502 606 572 duobus
676 504 1186 590 antiquioribus
1253 526 1623 574 causarum
1706 502 1944 572 Palatii
2022 504 2234 572 nostri
2312 504 2585 574 audito-

36 593 275 668 ribus,
327 591 638 661 doctrina
683 605 746 660 et
796 614 1025 661 rerum
1092 614 1224 661 usu
1333 593 1834 672 raestantibuS,
1911 593 2081 682 ipsis
2141 593 2278 661 sere
2339 594 2583 682 primis

82 680 477 768 pontificatus
526 681 737 749 nostri
788 681 1058 760 diebuS,
1101 703 1258 749 man
1314 683 1585 750 avimus
1634 697 1709 750 ut
1756 693 1906 750 acta
1946 682 2181 750 omnia
2231 694 2584 768 totumque

76 791 431 858 processum
482 790 757 838 summa
802 793 960 839 cum
1012 769 1372 859 diligentia
1444 771 1627 858 perle
1678 783 1869 838 erent
1935 786 2001 840 et
2058 771 2578 846 examinarent:

74 880 182 944 quo
227 857 320 926 illi
369 860 434 926 in
481 879 765 927 munere
796 881 1067 928 menses
1106 860 1500 947 complures
1550 881 1620 928 se
1677 859 1789 927 ulo
1819 871 2270 945 accurateque
2306 860 2574 941 versati,

70 948 379 1036 copiosam
434 945 828 1017 relationem
880 949 1193 1017 omnium
1246 970 1582 1034 suamque
1631 949 2037 1017 sententiam
2091 949 2291 1017 nobis
2323 949 2579 1038 scripto

75 1036 482 1105 tradiderunt.
531 1041 698 1104 Cum
766 1049 995 1107 autem
1056 1037 1451 1106 Cardinales
1520 1059 1761 1107 omnes
1825 1039 1913 1107 ab
1995 1037 2231 1106 eodem
2315 1037 2431 1106 Pio
2503 1042 2584 1106 IV

72 1125 204 1194 huic
252 1126 517 1212 negotio
565 1124 729 1194 olim
790 1127 1201 1216 praepositi,
1255 1126 1429 1194 viam
1480 1141 1707 1195 essent
1766 1126 2124 1194 universae
2186 1126 2416 1194 carnis
2473 1126 2581 1194 in-

70 1215 276 1301 gressi,
335 1219 470 1283 Nos
521 1214 743 1301 primo
800 1216 964 1283 anni
1014 1215 1388 1303 superioris
1454 1236 1711 1288 mense,
1768 1215 1834 1281 in
1898 1215 2301 1283 consistorio
2353 1229 2583 1285 nostro

67 1317 332 1384 secreto,
386 1303 561 1372 alios
626 1304 694 1370 in
743 1325 978 1372 eorum
1038 1302 1260 1372 locum
1316 1304 1764 1382 suffecimuS,
1831 1304 2121 1393 pietate,
2183 1303 2571 1393 prudentia,

67 1392 437 1474 eruditione,
494 1391 628 1460 fide
687 1392 883 1460 nobis
935 1392 1277 1481 probatos,
1332 1393 1558 1460 adhuc
1614 1405 1842 1460 autem
1894 1405 1958 1460 et
2009 1413 2296 1461 numero
2348 1391 2581 1481 plures

66 1482 401 1568 prioribuS‚
459 1493 534 1548 ut
582 1480 649 1548 in
701 1481 891 1569 gravi
925 1503 1172 1564 causa,
1230 1481 1550 1569 prudenti
1604 1481 1979 1550 multorum
2034 1482 2344 1570 gravium
2400 1482 2580 1550 viro-

62 1591 191 1638 rum
225 1571 492 1659 judicio
542 1568 872 1648 adhibito,
931 1583 1178 1638 cuncta
1229 1570 1638 1654 exquisitius
1688 1570 2219 1639 discuterentur.
2278 1570 2358 1638 Hi
2421 1591 2579 1639 vero

58 1659 221 1727 luere
261 1681 449 1727 more
491 1657 853 1744 majorum,
898 1680 977 1726 ex
1029 1659 1250 1728 tribus
1299 1658 1676 1728 Ordinibus
1708 1658 1951 1727 delecti
1987 1658 2409 1728 venerabiles
2444 1659 2581 1727 sra-

52 1760 174 1815 -tres
235 1747 553 1836 Episcopi
614 1745 988 1814 Alexander
1045 1748 1376 1816 Ostiensis
1449 1748 1865 1823 Farnesius‚
1934 1753 2201 1817 Marcus
2251 1748 2585 1817 Antonius

60 1839 517 1906 Praenestinus
551 1835 903 1910 Columna,
951 1849 1013 1903 et
1045 1835 1275 1904 dilecti
1312 1836 1435 1904 filii
1476 1836 1688 1904 nostri
1723 1836 1931 1905 frater
1965 1836 2248 1904 Micliael
2295 1840 2582 1905 Sanctae

60 1927 277 1994 Mariae
325 1945 539 2014 super
595 1925 963 1992 Minervam
1035 1925 1584 2005 Alexandrinus,
1650 1925 1878 1994 Julius
1940 1927 2274 1994 Antonius
2352 1926 2582 1995 Sancti

60 2014 531 2084 Bartliolomaei
592 2013 658 2079 in
711 2012 947 2080 Insula
1002 2017 1065 2081 S.
1124 2014 1523 2092 Severinae,
1591 2015 1925 2082 Antonius
2005 2019 2113 2082 SS.
2171 2015 2458 2084 Joannis
2517 2028 2582 2084 et

56 2103 217 2172 Pauli
268 2101 533 2180 Carasa,
582 2100 789 2169 frater
836 2103 1274 2172 Constantius
1326 2107 1389 2170 S.
1445 2103 1618 2171 Petri
1672 2103 1739 2169 in
1809 2108 2028 2170 Monte
2078 2108 2291 2170 Aureo
2355 2102 2580 2172 titulo-

58 2211 185 2258 rum
230 2190 652 2279 Presbyteri;
690 2196 1064 2270 SarnanUS‚
1115 2191 1594 2260 Ferdinandus
1630 2196 1694 2260 S.
1737 2192 1983 2258 Mariae
2035 2192 2098 2257 in
2138 2190 2254 2257 Via
2305 2195 2460 2257 Lata
2497 2190 2582 2259 de

60 2281 336 2362 Medicis,
376 2295 442 2348 et
478 2279 940 2366 Hieronymus
977 2283 1040 2347 S.
1090 2280 1337 2348 Mariae
1380 2281 1447 2347 in
1483 2280 1838 2349 Cosmedin
1892 2278 2166 2347 diaconi
2221 2279 2583 2364 Matthejus

60 2370 444 2461 nuncupati,
486 2381 760 2437 sanctae
798 2374 1144 2439 Romanae
1178 2369 1518 2438 Ecclesiae
1554 2368 1970 2449 cardinales,
2010 2368 2267 2455 quibus
2293 2369 2579 2437 commi-

54 2457 271 2539 simuS,
326 2472 411 2529 ut
462 2481 583 2546 pro
626 2458 716 2525 rei
771 2459 1123 2546 gravitate,
1186 2480 1443 2547 proque
1490 2480 1592 2537 ea,
1636 2480 1812 2543 quae
1865 2463 1992 2527 Deo
2025 2457 2337 2527 cordium
2384 2479 2581 2525 scru-

54 2551 249 2625 tatori,
296 2563 366 2617 et
410 2548 608 2615 nobis
663 2567 936 2634 quoque
988 2547 1053 2613 in
1106 2547 1450 2635 ejusmodi
1516 2548 1794 2637 publico
1857 2568 2140 2616 munere
2188 2545 2504 2615 obeunda
2540 2570 2579 2615 a

52 2638 383 2721 primariis
435 2635 776 2704 Ecclesiae
811 2635 1137 2704 membris
1174 2636 1471 2704 fidelitas
1512 2652 1575 2705 et
1620 2636 1978 2725 diligentia
2013 2636 2396 2714 deberetur,
2429 2646 2579 2703 acta

48 2724 115 2791 ‹le
160 2727 314 2794 fidei
371 2725 785 2813 integritate,
844 2724 999 2805 vita,
1069 2726 1381 2793 moribus
1430 2738 1494 2793 et
1557 2726 1914 2795 miraculis
1965 2726 2141 2793 beati
2195 2724 2462 2803 Didaci‚
2517 2735 2582 2792 et

45 2812 424 2883 auditorum
466 2826 853 2882 nostrorum
889 2812 1314 2892 relationem,
1354 2825 1613 2899 quanta
1650 2814 1946 2882 maxime
1981 2813 2126 2882 sieri
2164 2826 2388 2902 posset
2426 2812 2584 2882 dili·

44 2904 279 2987 gentia,
320 2902 744 2989 inspicerent
792 2914 856 2969 et
903 2903 1388 2990 expenderent,
1428 2914 1630 2987 atque
1678 2903 1760 2970 ad
1820 2924 1941 2971 nos
1981 2925 2066 2990 op
2121 2916 2367 2971 ortuno
2418 2917 2582 2971 tem-

47 3010 188 3075 pore
240 2992 597 3069 reserrent,
652 3001 751 3069 ut,
805 2989 1039 3058 divina
1115 2991 1412 3078 Spiritus
1485 2991 1711 3059 Sancti
1781 2990 2001 3077 gratia
2051 2991 2458 3070 ilustrante,
2497 2990 2582 3059 de

43 3078 339 3165 ipsorum
395 3095 459 3148 et
489 3090 911 3147 caeterorum
953 3084 1264 3147 Fratrum
1307 3090 1696 3148 nostrorum
1733 3078 2045 3157 consilio,
2084 3101 2260 3165 quae
2293 3079 2405 3147 Dei
2441 3079 2585 3167 glo-

44 3168 167 3237 riae
224 3168 349 3257 qui
410 3167 679 3255 justitia
742 3179 807 3236 et
855 3167 1100 3237 veritas
1150 3182 1299 3247 est,
1357 3181 1816 3237 consentanea
1881 3166 2148 3247 forent,
2203 3166 2583 3236 deliberare

36 3279 420 3354 possemus.
460 3257 691 3325 Multis
741 3256 953 3345 igitur
990 3257 1244 3347 elapsis
1280 3257 1660 3334 mensibus,
1697 3278 1856 3325 cum
1893 3255 2150 3324 interea
2185 3255 2580 3325 Cardinales

37 3348 156 3431 ipsi
206 3347 608 3434 frequenter
640 3360 1247 3434 congregarentur,
1296 3360 1469 3425 acta,
1520 3367 1905 3435 processuS,
1948 3365 2177 3412 rerum
2228 3355 2577 3431 gestarum

35 3436 299 3514 seriem,
357 3449 582 3514 testeS,
628 3434 906 3523 singula
954 3435 1249 3521 denique
1298 3435 1380 3502 ad
1434 3455 1791 3503 sacrorum
1843 3454 2189 3502 canonum
2243 3431 2579 3521 praescri-

35 3536 241 3610 ptum,
286 3537 557 3593 mature
604 3535 669 3591 et
698 3536 1015 3592 accurate
1047 3523 1584 3601 considerarent,
1629 3523 2102 3591 examinarent
2149 3532 2354 3607 atque
2398 3520 2576 3589 inter

35 3634 89 3681 se
136 3614 556 3689 conferrent,
618 3612 798 3682 viros
846 3613 1048 3680 etiam
1112 3634 1345 3683 sacrae
1407 3612 1812 3701 Theologiae
1885 3624 1950 3679 et
2012 3609 2344 3699 pontificii
2385 3609 2572 3677 Juris

35 3702 312 3771 scientia
366 3701 815 3790 peritissimos
875 3701 939 3767 in
1002 3700 1371 3770 consilium
1423 3700 1870 3780 adhiberent,
1935 3721 2095 3768 cum
2136 3699 2280 3787 jam
2334 3697 2576 3766 omnia

35 3805 259 3860 aerata
311 3813 460 3861 esse
500 3789 1065 3879 intelligeremus,
1122 3802 1458 3860 secretum
1495 3789 1984 3858 consistorium
2031 3787 2114 3856 de
2159 3786 2333 3855 mori
2386 3807 2580 3854 revo-

35 3881 560 3970 :arijussimus,
614 3879 683 3945 in
733 3901 872 3964 quo
922 3878 1332 3947 venerabilis
1373 3878 1580 3946 frater
1630 3891 1859 3947 noster
1920 3882 2188 3945 Marcus
2236 3875 2580 3944 Antonius

35 3970 408 4056 Episcopus
455 3966 837 4036 Cardinalis
890 3968 1391 4047 Praenestinus„
1446 3989 1573 4035 suo
1621 3979 1685 4034 et
1732 3966 2184 4054 collegarum,
2256 3964 2377 4049 qui
2445 3963 2581 4061 ibi-

36 4057 166 4125 lem
204 4055 632 4135 assidebant,
675 4055 973 4134 nomine,
1007 4057 1195 4145 gravi
1229 4069 1294 4123 et
1326 4054 1840 4124 accommodata
1876 4054 2185 4123 oratione
2226 4052 2308 4120 de
2348 4073 2581 4149 omni-

36 4165 146 4213 ’sus
198 4145 500 4214 fideliter
550 4143 745 4212 nobis
796 4144 1045 4223 retulit,
1099 4145 1357 4230 quibus
1399 4144 1779 4231 explicatis,
1819 4142 1904 4211 ad
1956 4155 2334 4211 extremum
2375 4139 2572 4216 dixit,

36 4233 591 4320 {nandoquidem
654 4232 829 4300 beati
899 4231 1127 4301 Didaci
1189 4232 1347 4300 fidei
1417 4233 1817 4319 iutegrita5‚
1878 4231 2195 4321 egregiae
2261 4230 2572 4305 virtuteS,

36 4324 377 4391 iraeclara
425 4334 492 4390 et
541 4320 841 4409 insignia
891 4320 1223 4390 miracula
1273 4321 1531 4409 optime
1579 4332 1806 4388 essent
1861 4320 2329 4409 comprobata,
2389 4338 2463 4384 se
2515 4328 2578 4413 et

36 4410 326 4501 :ollegas
370 4432 536 4480 suos
597 4410 958 4478 unanimes
1010 4410 1075 4477 in
1125 4432 1274 4478 eam
1328 4410 1733 4478 sententiam
1786 4411 2076 4490 venisse,
2124 4410 2183 4477 si
2228 4410 2318 4478 ita
2371 4405 2579 4475 nobis
