2993 4837
35 331 167 394 Sov.
217 331 294 394 ‘28
690 348 763 393 na
813 346 867 393 S.
924 347 1245 394 srarnfflo
1291 348 1560 395 sumena
1608 347 1794 395 mar.
2296 334 2420 397 735

35 431 277 501 >bvoluti
331 430 506 499 clam
547 430 630 499 ad
675 451 830 499 eum
895 431 1441 521 ingrederentur,
1495 445 1698 519 atque
1764 432 1985 521 ipsius
2035 432 2506 503 benedictione

35 534 182 605 itque
225 519 563 600 doctrina,
610 541 743 587 non
802 519 951 589 sine
1000 542 1253 611 magna
1299 520 1516 589 animi
1567 519 1912 609 voluptate
1957 520 2370 592 fruerentur.
2423 526 2500 590 In

37 610 100 677 iis
143 607 344 698 igitur
391 608 794 677 muneribus
833 630 994 677 cum
1034 609 1491 698 quadraginta
1535 608 1635 676 illi
1668 609 1816 679 dies
1843 611 2394 691 absumerentur,
2425 632 2503 679 ac

37 720 121 765 am
166 709 434 767 octavus
473 709 539 765 et
580 696 973 787 trigesimus
1015 697 1388 779 inchoaret,
1434 697 1841 788 hospitalem
1893 698 2082 767 illam
2145 698 2499 768 mulierem

35 807 252 854 ursum
293 786 715 865 accersitam,
771 785 1215 856 audientibus
1265 786 1604 868 Patribus,
1644 786 1736 855 ita
1782 785 2180 874 alloquitur:
2221 810 2257 853 «
2297 793 2499 869 DeuS‚

35 874 111 959 [ui
160 898 225 944 se
280 875 408 963 piis
456 874 780 944 omnibus
844 874 1157 944 laborum
1211 873 1476 945 fructus
1540 875 1998 964 centuplicato
2069 875 2501 946 redditurum

35 962 312 1045 immisit,
366 963 665 1052 benigno
697 962 897 1032 oculo
945 976 1007 1033 te
1045 985 1122 1032 ex
1157 963 1293 1034 alto
1322 976 1386 1033 et
1434 975 1668 1033 sancto
1709 985 1833 1032 suo
1866 963 2225 1052 adspiciat,
2266 987 2345 1033 ac
2383 986 2505 1054 pro

36 1073 111 1119 ,uo
154 1052 217 1120 in
266 1074 367 1121 me
400 1050 626 1121 officio
674 1051 876 1141 longe
907 1052 1355 1141 copiosiorem
1390 1051 1513 1120 tibi
1555 1051 1933 1120 mercedem
1974 1051 2235 1121 referat.
2275 1054 2506 1143 Ipsius

35 1140 169 1207 enim
202 1161 345 1209 vere
391 1140 735 1229 discipula
773 1141 1073 1221 extitisti,
1125 1142 1243 1227 qui
1292 1140 1506 1209 dixit:
1561 1141 1889 1231 Quicquid
1945 1143 2195 1228 fecistis
2245 1144 2373 1210 uni
2414 1165 2507 1211 eac

36 1230 271 1297 vti-nimis
303 1230 404 1298 lais
450 1232 640 1310 meist,
677 1230 848 1297 mz‘lzz·
874 1232 1126 1317 fecistis
1155 1230 1421 1319 (Matth.
1447 1229 1629 1317 xxv);
1674 1242 1759 1310 et,
1806 1231 1936 1312 Qui
1972 1232 2201 1320 recipit
2238 1233 2504 1320 justum

35 1318 76 1383 'n
99 1320 333 1387 nomine
351 1320 553 1409 justi,
588 1319 949 1387 mercedem
973 1320 1153 1408 justi
1187 1320 1334 1387 acci
1378 1320 1499 1397 iet,·
1537 1331 1624 1399 et,
1661 1320 1792 1401 Qui
1815 1329 2052 1408 potum
2082 1320 2198 1387 dat
2229 1320 2506 1387 calicem

35 1427 203 1493 tquae
242 1408 560 1497 sriyz'dae,
612 1430 741 1476 non
789 1408 1018 1495 perdet
1074 1430 1286 1475 merce
1372 1430 1437 1474 m
1468 1429 1664 1475 suam
1694 1407 1958 1494 (Macch.
1998 1407 2091 1495 x).
2131 1413 2224 1475 En
2277 1407 2505 1493 itaque

36 1514 150 1561 ,uae
189 1516 332 1584 erga
373 1518 478 1563 me
531 1495 896 1563 voluntatis
931 1516 1189 1564 merces
1237 1495 1498 1582 expleta
1529 1508 1651 1576 est,
1703 1517 1910 1582 quam
1964 1509 2036 1564 tu
2072 1496 2415 1585 ejusmodi
2464 1519 2505 1565 a

35 1584 129 1649 Deo
162 1581 463 1653 habitura
503 1605 600 1661 es,
655 1596 729 1653 ut
766 1605 843 1651 ea
893 1584 1015 1651 tibi
1076 1605 1430 1670 nunquam
1488 1584 1660 1673 eripi
1722 1585 1957 1672 possit.
2015 1607 2048 1650 »
2106 1588 2192 1653 Ac
2244 1599 2496 1673 postea,

35 1671 200 1739 meris
242 1672 667 1762 imaginibus
730 1672 1066 1741 ostensis:
1122 1695 1157 1738 «
1207 1673 1488 1762 Accipe,
1554 1673 1820 1759 inquit,
1882 1671 2310 1761 praeclarum
2375 1673 2503 1743 hoc

35 1778 182 1826 uum
228 1760 639 1850 depositum,
681 1759 861 1847 quod
899 1760 1177 1847 quidem
1231 1762 1353 1830 tibi
1398 1774 1462 1830 et
1510 1762 1577 1829 in
1636 1762 1973 1851 praesenti
2015 1762 2143 1830 hac
2198 1763 2335 1831 vita
2386 1762 2507 1830 ad-

35 1867 219 1917 versus
258 1871 458 1918 omne
515 1848 772 1918 malum
840 1848 1163 1937 praesidii
1222 1850 1369 1919 loco
1424 1850 1532 1931 sit,
1577 1863 1641 1918 et
1691 1851 1757 1918 in
1817 1850 2046 1920 futura
2120 1862 2273 1919 tuae
2343 1872 2416 1919 er
2466 1873 2507 1919 a

35 1935 196 2004 Deum
240 1937 769 2018 benevolentiae,
808 1949 1011 2024 atque
1055 1939 1466 2008 orthodoxae
1516 1938 1674 2008 fidei
1728 1938 2003 2029 pignus.
2060 1962 2096 2005 »
2155 1944 2331 2008 Haec
2381 1962 2431 2009 u
2483 1940 2506 2007 i

36 2021 178 2103 lixit,
215 2026 339 2096 alte
387 2048 634 2096 rursus
679 2047 758 2094 ex
807 2026 943 2095 imo
981 2040 1247 2117 pectore
1280 2027 1762 2117 ingemiscens,
1796 2040 2025 2116 aperte
2060 2028 2186 2096 hoc
2217 2027 2498 2097 extulit:

35 2132 57 2172 a
97 2115 367 2183 Crastina
422 2115 573 2185 luce
626 2137 706 2183 ex
760 2114 887 2182 hac
953 2117 1081 2183 vita
1140 2116 1469 2204 migrans,
1524 2116 1607 2184 ad
1659 2113 1871 2184 a'lium
1913 2117 2251 2185 mundum
2301 2130 2505 2202 atque

35 2200 458 2288 lmperatorem
511 2203 934 2294 proficiscar.
982 2230 1004 2265 »
1061 2209 1215 2292 Ipsa
1272 2204 1506 2293 igitur,
1543 2227 1702 2274 cum
1753 2226 2066 2274 amarum
2132 2204 2498 2292 quemdam

35 2298 84 2353 et
113 2294 396 2362 acerbum
442 2292 776 2383 gemitum
826 2290 1172 2372 edidisset,
1217 2307 1726 2381 extremamque
1760 2294 1819 2361 ei
1869 2293 2157 2364 salutem
2194 2292 2498 2373 dixisset,

36 2392 413 2469 receptasque
465 2402 606 2462 ea5‚
649 2401 823 2468 quas
871 2380 1160 2450 utendas
1208 2381 1506 2468 dederat,
1546 2386 1687 2451 Ima
1744 2382 1888 2452 ines
1946 2381 2153 2451 linteo
2202 2380 2499 2469 quodam

35 2463 406 2551 obvolvisset,
460 2470 746 2539 domum
799 2482 1028 2558 postea
1082 2492 1154 2539 se
1212 2472 1481 2559 recepit.
1537 2476 1612 2541 At
1721 2473 2000 2541 ivinitus
2048 2470 2317 2540 afflatus
2369 2475 2503 2539 Ste-

35 2552 299 2643 phanus,
359 2559 749 2628 convocatis
821 2580 1091 2627 rursum
1166 2559 1528 2640 Patribus,
1586 2581 1701 2630 eos
1758 2560 1827 2628 in
1878 2559 2129 2628 divinis
2180 2558 2508 2629 laudibus

35 2645 423 2719 concinendis
456 2657 853 2738 pernoctare
872 2647 1180 2746 jubebat.

84 2733 122 2828 ,ἓ
160 2739 288 2808 au.
340 2742 545 2806 Porro
594 2749 819 2805 autem
872 2734 986 2803 ille
1036 2740 1167 2804 Deo
1199 2757 1481 2825 prorsus
1530 2736 1796 2806 invisus
1846 2747 2204 2826 tyrannus,
2241 2746 2507 2824 praeter

35 2816 151 2914 tilia,
182 2844 345 2908 quae
381 2830 512 2894 Deo
559 2825 715 2894 odio
747 2835 948 2910 atque
986 2824 1397 2893 execrationi
1444 2837 1661 2906 erant,
1701 2824 2027 2904 lacinora,
2078 2845 2161 2893 ne
2219 2828 2505 2893 Bruma—

35 2899 231 2979 ltorum
286 2913 561 3000 quidem
622 2912 1118 2982 caeremoniam
1169 2915 1678 2991 contemnebat,
1732 2934 1966 2982 verum
2017 2934 2163 2981 eam
2228 2933 2522 2999 quoque

35 2995 337 3081 splendide
374 3024 453 3071 ac
502 3001 885 3071 luculenter
916 3000 1323 3083 celebrabat,
1363 3003 1584 3089 utqui
1638 3007 1964 3071 Brumum
2007 3000 2374 3087 quemdam
2425 3023 2504 3069 ac

35 3083 320 3157 Bacchum
380 3090 447 3158 in
504 3090 616 3160 his
675 3089 1044 3159 Gentilium
1110 3091 1245 3159 ritu
1306 3090 1528 3159 colere
1588 3092 1655 3158 in
1715 3089 2026 3158 animum
2095 3088 2497 3171 induxisset,

36 3188 231 3260 {osque
270 3191 344 3246 ut
389 3177 666 3269 frugum
717 3200 794 3247 ac
830 3178 972 3245 vini
1017 3199 1254 3247 curam
1296 3190 1629 3268 gerenteS,
1667 3190 1870 3265 atque
1920 3177 2004 3246 ad
2042 3178 2500 3247 maturitatem

36 3277 83 3325 &a
110 3264 563 3350 perducentes,
596 3266 887 3335 summis
919 3265 1299 3337 honoribus
1330 3266 1648 3337 afficeret.
1685 3267 1972 3336 Parabat
2004 3266 2232 3354 itaque
2272 3267 2506 3335 tertiae

35 3364 251 3438 tuoque
300 3355 528 3425 uxoris
577 3375 742 3425 suae
800 3354 1139 3423 Eudociae
1189 3355 1615 3425 Brumalium
1675 3355 1999 3444 postridie
2037 3357 2234 3444 juxta
2280 3355 2501 3442 quinti

35 3433 295 3511 alementi
339 3442 995 3513 circumductionem
1034 3443 1400 3513 celebrare.
1452 3450 1858 3533 Progressus
1891 3456 2142 3526 autem,
2181 3455 2383 3531 atque
2416 3443 2501 3511 ad

35 3523 368 3600 scholarum
424 3531 735 3622 portibus
782 3530 1049 3606 sedens,
1088 3553 1227 3600 una
1268 3553 1425 3601 curn
1478 3533 1854 3619 symmistis
1891 3533 1925 3568 ²*
1972 3533 2118 3602 suis
2158 3533 2508 3601 Satanicas

35 3616 310 3695 quasdam
359 3643 517 3690 curn
569 3619 844 3710 organis
877 3641 956 3688 ac
986 3619 1269 3690 citharis
1300 3622 1675 3702 cantioneS,
1712 3621 2103 3690 adventanti
2135 3621 2304 3690 festo
2336 3642 2504 3690 con-

35 3718 342 3786 gruentes,
402 3707 999 3778 addiscebat.·Hic
1050 3709 1260 3798 igitur
1311 3708 1397 3778 ab
1453 3709 1689 3798 impiis
1735 3709 2151 3797 quibusdam
2206 3710 2367 3779 viris
2415 3709 2501 3778 ad

35 3806 150 3861 tum
187 3794 478 3866 delatum
514 3811 635 3878 est,
676 3797 1096 3886 Stephanum
1146 3819 1226 3867 ex
1260 3798 1601 3867 Praetorio
1636 3798 2126 3868 monasterium
2167 3797 2496 3879 effecisse,

35 3893 277 3967 3umque
324 3898 491 3955 totas
542 3899 769 3955 noctes
821 3884 962 3954 illic
1011 3886 1079 3953 in
1135 3885 1576 3956 cantillandis
1631 3886 1920 3956 Psalmis
1970 3886 2370 3956 traducere:
2424 3907 2504 3955 ac

35 3981 327 4047 praeterea
381 3975 771 4064 complures
818 3974 999 4043 cives
1050 3973 1216 4043 illuc
1259 3975 1791 4063 proficiscenteS,
1845 3974 2183 4044 idolorum
2236 3974 2500 4043 cultum

35 4050 93 4148 tb
132 4077 200 4125 eo
227 4062 508 4132 edoceri.
553 4068 730 4133 Haec
779 4062 893 4131 ille
942 4075 1018 4132 ut
1062 4063 1304 4144 audiit,
1344 4064 1652 4163 graviore
1684 4064 1784 4132 ira
1837 4063 2328 4143 inflammatuS,
2369 4075 2506 4131 sta-

35 4149 122 4232 llm
171 4149 358 4219 militi
412 4152 711 4230 cuidam,
765 4152 883 4238 qui
941 4152 1009 4219 in
1074 4153 1361 4221 Proximi
1412 4152 1650 4221 ordine
1693 4151 2092 4240 adscriptus
2151 4163 2318 4230 erat,
2374 4149 2502 4217 hoc

35 4246 299 4318 tmperat,
333 4252 408 4309 ut
441 4253 750 4311 sanctum
788 4240 1012 4309 virum
1063 4262 1098 4308 e
1144 4262 1414 4310 carcere
1460 4241 1783 4310 eductum
1835 4252 2020 4310 extra
2078 4239 2314 4307 urbem
2378 4236 2500 4305 ob-

35 4323 274 4405 truncet,
313 4327 447 4399 illic
496 4351 740 4419 nempe
772 4328 893 4398 ubi
928 4329 1123 4417 prius
1156 4329 1442 4398 eximiae
1472 4329 1795 4419 martyris
1845 4334 2116 4397 Maurae
2169 4324 2501 4415 templum

70 4444 88 4462 ¹
115 4446 340 4496 Symmiseee
356 4451 471 4497 idem
493 4457 563 4497 est
583 4467 635 4497 ac
655 4464 897 4496 sacrorum
917 4455 1187 4496 eorumdem
1207 4455 1445 4505 particeps
1465 4456 1676 4505 ejusdem
1695 4453 1939 4506 religionis
1957 4453 2130 4494 cultor.
