2993 4837
64 350 209 415 Nov.
261 351 336 413 110
871 367 949 412 na
999 368 1053 413 s.
1108 367 1358 414 Anum-:A
1406 367 1714 415 AvELLmo
2346 353 2461 416 3821

65 456 172 521 Una
206 466 415 520 tamen
466 473 545 518 ex
597 451 699 519 eis
748 450 1078 520 diuturno
1125 451 1487 541 cujusdam
1537 452 1797 542 profani
1839 454 1961 521 viri
1997 455 2409 522 commercio
2444 453 2561 523 de-

60 540 400 624 tinebatur;
454 539 568 610 sed
643 538 943 609 Andreas
993 540 1120 609 hoc
1183 554 1374 610 vetus
1435 553 1500 610 et
1547 542 2012 612 arctissimum
2080 547 2365 612 Satanae
2413 543 2561 611 vin-

21 629 251 698 culum
291 627 437 697 forti
493 626 777 698 brachio
824 640 1169 698 conterere
1217 651 1585 719 aggressus
1633 644 1755 711 est,
1812 630 1985 700 sacto
2032 632 2307 719 utrique
2357 633 2562 700 inter-

56 716 223 797 dicta,
260 718 397 786 viro
431 718 719 797 scilicet,
759 739 840 785 ne
889 717 972 787 ad
1015 719 1532 799 monasterium,
1574 720 1852 788 moniali
1891 742 2045 789 vero
2080 742 2163 787 ne
2197 720 2276 788 ad
2313 734 2556 800 crates,

56 827 181 874 eum
212 805 599 893 alloquendi
636 808 879 896 gratier,
919 807 1340 876 accederent.
1393 812 1649 877 Tantus
1698 808 2001 878 hominis
2042 808 2231 878 illius
2267 831 2559 896 nequam

54 896 264 964 exarsit
299 895 365 963 in
420 896 773 965 bominem
813 897 924 964 Dei
976 895 1188 976 furor,
1243 908 1320 965 ut
1368 896 1676 977 sicari05‚
1731 897 1846 983 qui
1906 897 2287 979 Andream,
2342 899 2565 967 sicubi

57 982 457 1064 invenissent,
519 984 907 1074 perderent,
947 997 1189 1071 quater
1238 985 1623 1055 immiserit.
1677 989 1937 1055 Horum
2028 988 2236 1056 rimos
2271 987 2564 1056 nefarios

56 1071 268 1140 delusit
313 1073 617 1163 impetus
658 1096 791 1141 non
843 1074 943 1143 eis
983 1075 1156 1143 bene
1208 1088 1362 1142 nota
1394 1073 1764 1143 venerandi
1801 1075 1926 1143 viri
1987 1075 2205 1156 acies;
2260 1075 2564 1145 secundo

57 1159 158 1227 loci
190 1163 498 1232 sanctitas
531 1184 650 1231 eos
681 1162 1030 1243 deterruit,
1090 1183 1246 1230 nam
1300 1163 1493 1231 flexis
1526 1164 1821 1253 genibus
1854 1175 2161 1233 orantem
2194 1165 2264 1233 in
2309 1164 2564 1267 templo

57 1248 342 1319 Andream
380 1251 831 1335 invenerunt;
886 1252 1079 1320 tertio
1113 1251 1407 1340 impium
1446 1251 1716 1321 facinus
1750 1253 2080 1342 aggressi,
2137 1254 2278 1322 leve
2308 1254 2374 1321 in
2411 1276 2564 1341 ejus

59 1335 195 1406 facie
225 1338 469 1408 vulnus
518 1340 962 1419 inflixerunt;
1015 1352 1259 1425 quarto
1306 1339 1614 1420 demum,
1671 1342 1947 1430 gemina
1998 1342 2064 1409 in
2119 1341 2310 1411 vultu
2364 1343 2565 1432 plaga

60 1427 270 1513 pariter
299 1428 508 1507 illata,
574 1429 866 1517 pessime
898 1429 1215 1497 habitum
1267 1428 1714 1514 reliquerunt,
1776 1452 1930 1499 nam
1965 1431 2254 1499 alterum
2290 1453 2368 1499 ex
2420 1433 2565 1498 vul-

59 1515 298 1585 neribus
345 1517 760 1617 profundius
807 1517 1155 1598 adactum,
1209 1515 1505 1587 dissecta
1539 1519 1897 1609 insigniori
1951 1520 2223 1599 arteria,
2260 1532 2378 1589 aut
2412 1542 2566 1610 pro-

57 1602 270 1671 ximam
303 1627 360 1673 ei
397 1621 686 1675 mortem
738 1605 1138 1687 allaturum,
1177 1618 1319 1686 aut,
1375 1606 1432 1674 si
1475 1606 1778 1675 medicas
1810 1630 2115 1694 unquam
2157 1630 2405 1678 manus
2439 1608 2559 1678 ad·

62 1693 334 1773 misisset,
386 1696 767 1765 maximum
821 1707 1369 1785 perpetuumque
1416 1693 1867 1767 deformitatis
1907 1696 2268 1787 vestigium
2301 1699 2451 1786 ejus
2493 1699 2559 1765 in

59 1780 215 1849 vultu
249 1783 648 1852 relicturum
678 1783 1219 1853 existimabatur.
1254 1788 1408 1872 Ipse
1439 1784 1719 1870 quidem
1752 1808 1866 1853 ore
1893 1786 2240 1875 impavido
2283 1785 2562 1856 vulnera

66 1872 386 1953 sustinuit,
442 1886 509 1942 et
562 1872 722 1942 felix
774 1894 980 1941 cruor
1027 1871 1164 1952 ille,
1230 1873 1348 1957 qui
1405 1895 1527 1962 pro
1575 1872 1793 1962 gloria
1846 1874 1956 1942 Dei
2006 1896 2081 1943 ex
2132 1875 2557 1956 vulneribuS,

63 1956 267 2027 velute
306 1963 584 2049 gemino
618 1961 974 2030 charitatis
1005 1960 1212 2042 fonte,
1262 1962 1327 2029 in
1381 1962 1801 2030 aeternitatis
1849 1984 2169 2030 coronam
2224 1964 2555 2044 saliebat,

67 2063 167 2112 non
205 2047 446 2118 doloris
480 2050 806 2140 gemituS‚
852 2071 983 2118 non
1037 2049 1549 2119 vulnerantium
1603 2050 2117 2131 contumeliam,
2165 2052 2277 2119 sed
2325 2052 2562 2122 vulne-

69 2136 164 2199 rati
216 2139 661 2207 constantiam
729 2138 1135 2225 divinasque
1197 2138 1437 2208 laudes
1505 2161 1834 2229 generose
1908 2139 2410 2209 murmurabat.
2488 2146 2566 2209 Ut

74 2233 246 2294 autem
295 2248 413 2316 per
462 2228 768 2297 levamen
820 2239 885 2296 et
932 2227 1266 2297 auxilium
1319 2229 1387 2295 in
1440 2229 1638 2296 terris
1672 2229 1801 2298 sibi
1843 2242 2278 2316 praepararet
2320 2229 2563 2297 trium-

76 2309 281 2393 phum,
333 2338 536 2402 quem
595 2330 757 2386 tunc
809 2317 1115 2406 proxime
1167 2337 1239 2384 se
1287 2330 1767 2387 assecuturum
1814 2317 2133 2405 sperabat
2182 2318 2250 2385 in
2303 2316 2556 2395 coeliS,

71 2396 134 2465 ad
173 2407 557 2474 coenobium
614 2410 678 2476 S.
741 2404 932 2475 Pauli
989 2405 1472 2475 Theatinorum
1525 2406 1745 2477 dictae
1792 2407 2086 2476 civitatis
2135 2430 2206 2476 se
2251 2406 2562 2494 protinus

67 2487 245 2588 afferri
295 2496 671 2584 proposuit,
718 2508 794 2563 ut
833 2495 926 2563 ibi
980 2516 1019 2563 a
1075 2495 1376 2583 praefato
1422 2501 1687 2564 Joannc
1738 2496 2141 2576 Marinonio,
2190 2496 2367 2564 idem
2412 2517 2562 2564 coe-

64 2577 297 2647 nobium
335 2595 497 2652 tunc
550 2583 999 2674 gubernante,
1055 2584 1177 2669 qui
1223 2605 1379 2653 eum
1424 2583 1506 2651 ad
1550 2607 1831 2654 cursum
1886 2584 2261 2665 animavit,
2319 2584 2401 2652 ad
2455 2606 2564 2653 co-

64 2682 256 2735 ronam
303 2692 578 2758 quoque
631 2685 1009 2761 martyrum
1062 2675 1314 2761 pompa
1369 2672 1728 2740 redimitus
1763 2672 2242 2743 adduceretur.
2285 2679 2564 2742 Verum-

65 2762 269 2836 tamen,
311 2764 436 2829 Deo
470 2761 572 2829 sic
612 2760 1042 2849 disponente,
1082 2760 1165 2827 ad
1207 2760 1468 2846 majora
1504 2761 1634 2829 sibi
1670 2761 1984 2831 differtur
2014 2761 2431 2852 triumphus,
2473 2775 2557 2838 et,

65 2858 128 2907 ne
160 2845 497 2916 vulnerum
548 2849 775 2937 imago
811 2848 1144 2937 triumphi
1198 2849 1438 2916 merita
1489 2863 1895 2950 reposceret,
1935 2851 2028 2919 ita
2068 2851 2435 2927 convaluit,
2490 2865 2566 2920 ut

67 2930 290 3001 nullum
318 2937 660 3038 cicatricis
689 2937 1076 3026 vestigium,
1110 2937 1241 3004 nisi
1277 2936 1360 3005 de
1389 2960 1699 3027 proximo
1724 2952 1787 3007 et
1815 2938 2215 3026 diligentius
2247 2941 2558 3021 intuenti,

70 3036 435 3106 apparuerit.
1238 3096 1248 3108 ,

135 3109 276 3192 ἓὸ.
332 3115 813 3184 Decumbentis
853 3113 1080 3200 itaque
1119 3112 1422 3182 Andreae
1472 3114 1691 3183 virtus
1728 3115 1925 3205 juxta
1972 3120 2246 3184 Patrum
2299 3117 2565 3186 Theati-

70 3212 270 3291 norum
328 3205 640 3273 virtutem
702 3203 944 3292 posita,
1002 3200 1418 3289 illorumque
1460 3204 1791 3272 suavibus
1825 3226 1903 3272 ac
1946 3204 2077 3292 piis
2128 3207 2566 3274 sermonibus

69 3284 469 3372 lnssammata‚
515 3303 871 3381 postquam
925 3291 1449 3379 percussoribus
1489 3292 1636 3360 suis
1673 3292 1872 3360 hilari
1917 3292 2147 3360 animo
2192 3293 2560 3382 ignoverat,

67 3383 283 3470 ethunc
310 3381 701 3449 existentem
739 3401 1118 3470 proregem,
1164 3381 1365 3448 etiam
1404 3380 1715 3449 adhibita
1755 3381 2134 3450 amicorum
2173 3383 2402 3469 opera,
2446 3403 2566 3468 pro

69 3478 175 3530 reis
217 3482 606 3556 rogaverat,
677 3469 857 3555 quod
924 3468 1184 3556 grande
1249 3468 1464 3555 hujus
1530 3469 1947 3538 christianae
2016 3468 2567 3538 mansuetudinis

68 3555 408 3641 exemplum
459 3580 620 3648 erga
654 3557 1014 3646 cujusdam
1067 3557 1220 3645 ejus
1260 3557 1537 3647 ‚nepotis
1588 3557 2084 3627 interfectorem
2128 3558 2331 3626 etiam
2380 3559 2567 3626 miri-

68 3633 319 3728 ficeJ'am
369 3661 561 3715 antea
612 3646 1036 3726 exhibuerat,
1091 3645 1345 3714 divinis
1396 3668 1729 3714 succensa
1791 3646 2115 3726 flammis,
2169 3645 2566 3716 eorumdem

68 3739 296 3808 patrum
331 3735 582 3814 virtuti,
626 3757 919 3822 quorum
962 3734 1376 3804 laudabilem
1422 3735 1693 3803 vivendi
1745 3737 2073 3805 rationem
2110 3747 2173 3803 et
2209 3737 2353 3804 suis
2403 3758 2567 3805 con-

70 3832 263 3884 sonam
307 3820 661 3892 desideriis
722 3823 1164 3913 probaverat,
1224 3837 1553 3913 perpetuo
1602 3846 1883 3894 consors
1936 3822 2272 3908 efficitur,
2333 3837 2396 3892 et
2452 3846 2569 3912 per

73 3917 347 4004 mutuum
399 3913 757 3999 utriusque
798 3912 1067 3981 virtutis
1115 3913 1538 3982 consortium
1592 3934 1950 4002 gemmeus
1986 3912 2099 3981 ille
2133 3913 2570 4000 componitur

74 4007 418 4090 meritorum
472 4022 711 4081 nexus,
750 4023 887 4087 quo
937 4001 1239 4070 Andreae
1278 4023 1525 4069 nomen
1582 4001 2128 4092 congregationi,
2168 4014 2231 4069 et
2282 4007 2571 4090 Congre-

74 4091 220 4179 gatto
262 4087 554 4158 Andreae
604 4090 867 4158 nomini
918 4088 1186 4158 addicta
1242 4102 1647 4179 perpetuum
1685 4105 1749 4160 et
1780 4089 2401 4161 commendabilem
2442 4089 2569 4158 sibi

79 4182 319 4241 invicem
363 4189 766 4246 mutuantur
807 4179 874 4245 in
918 4178 1204 4246 Domino
1239 4178 1582 4247 decorem.

143 4256 172 4353 ἓ
215 4266 296 4330 Β.
347 4269 533 4333 Anno
572 4266 777 4355 igitur
815 4267 1082 4335 Domini
1124 4288 1335 4345 mmm,
1362 4267 1601 4336 aetatis
1633 4289 1798 4336 suae
1824 4291 2005 4349 xxxv,
2034 4267 2310 4337 Clericis
2351 4273 2573 4358 Regu-

79 4334 295 4418 laribus
329 4354 645 4439 praefatis
678 4354 1091 4443 adscriptuS,
1148 4355 1568 4442 sortitusque
1608 4355 1676 4422 in
1715 4356 1863 4444 ejus
1899 4356 2199 4447 regulari
2236 4358 2574 4446 tyrocinio

79 4445 530 4528 praeceptorem
589 4441 805 4525 illum,
844 4464 1046 4530 quem
1111 4442 1177 4510 in
1233 4443 1462 4513 seculo
1509 4443 1871 4533 providum
1910 4446 2060 4535 ejus
2114 4447 2575 4517 conscientiae
