2993 4837
507 277 591 339 46
1268 293 1345 337 nt:
1394 293 1720 337 finitimus
1770 291 2116 338 auruncus
2680 274 2842 338 ΜΝ.
2886 278 2914 337 2

406 376 717 465 sibiipsi,
757 397 837 444 ac
884 374 1134 443 deinde
1187 376 1532 464 proximo,
1592 374 1948 455 utilitatem
2001 374 2213 443 affert.
2272 379 2497 461 Neque
2542 376 2719 443 euim
2771 376 2921 462 inju-

421 479 567 534 stus
616 478 717 533 est
752 468 949 543 DeuS,
1007 478 1081 531 ut
1128 463 1291 532 boni
1348 464 1579 551 operis
1625 463 2092 543 obliviscatur,
2155 463 2734 549 quemadmodum
2784 476 2923 552 Apo-

419 553 639 622 stolus
679 553 1004 640 loquitur.
1042 554 1219 634 Quin
1267 575 1563 652 magnus
1600 572 1873 638 quoque
1906 552 2319 620 Athanasius
2357 552 2422 620 in
2459 551 2922 642 elegantissima

424 642 539 712 illa
591 643 929 720 Oratione,
985 662 1191 727 quam
1252 640 1338 707 de
1390 643 1515 719 its,
1567 640 1685 727 qui
1736 664 1773 709 e
1822 640 2496 731 vitadiscesserunt,
2557 640 2785 719 edidit,
2841 641 2924 708 his

418 730 644 799 verbis
680 731 934 799 utitur:
979 731 1269 799 Etiamsi
1318 732 1384 797 in
1427 741 1584 798 aere
1637 732 2000 798 collocatus
2043 731 2131 797 sit
2187 731 2329 807 ille,
2369 732 2492 819 qui
2526 753 2672 797 cum
2713 731 2960 821 pietatm

419 821 594 889 diem
639 821 821 888 vitae
859 829 1239 887 emti-emam
1273 821 1432 908 e9it,
1479 830 1707 887 tamen
1756 820 2118 908 implorata
2156 819 2410 887 Christi
2445 821 2566 887 Dei
2590 842 2708 909 ope
2743 822 2921 887 oleum

419 932 499 977 ac
533 930 753 976 ceram
811 909 902 976 ad
949 910 1160 996 ipsius
1205 911 1588 997 sepulcrum
1651 909 2008 976 accendere
2054 930 2134 974 ne
2193 930 2476 976 recuses.
2531 912 2739 976 Grata
2786 910 2924 975 enim

419 1008 480 1065 et
515 1007 792 1086 accepta
821 997 984 1065 baec
1008 1002 1136 1064 Deo
1166 1007 1343 1074 sunt,
1372 998 1735 1085 ingensque
1767 997 1848 1063 ab
1876 1019 1948 1064 eo
1971 997 2350 1085 praemium
2384 999 2705 1084 referunt.
2733 999 2924 1064 Oleum

420 1087 595 1154 enim
653 1108 732 1153 ac
791 1108 968 1165 cera,
1039 1086 1415 1154 holocausti
1459 1087 1674 1153 instar
1717 1095 1914 1153 sunt:
1968 1086 2386 1153 incruentum
2442 1096 2669 1153 autem
2713 1086 2928 1171 sacrifi-

420 1176 620 1248 cium,
676 1179 884 1242 Deum
926 1177 1185 1263 placat.
1243 1176 1684 1262 Beneficentia
1746 1174 2029 1263 denique
2091 1180 2256 1262 er'9a
2321 1194 2693 1263 pauperes,
2735 1174 2929 1240 -bonae

419 1264 631 1331 omni-s·
659 1264 1221 1331 remunerationis
1256 1264 1734 1331 incrementum
1765 1273 1882 1330 est.
1922 1262 2358 1344 Quamobrem
2391 1264 2474 1337 ei.
2531 1265 2654 1352 qui
2683 1283 2805 1352 pro
2846 1261 2928 1328 de·

417 1354 647 1439 functo
687 1353 1085 1420 oblationem
1114 1352 1305 1438 facit,
1337 1352 1514 1418 idem
1561 1353 1647 1419 sit
1671 1353 2111 1441 propositum,
2157 1351 2334 1440 quod
2386 1352 2515 1427 itti.
2554 1354 2678 1441 qui
2717 1368 2962 1451 parmi-1

422 1444 561 1508 lum
598 1441 844 1529 filium,
902 1462 981 1507 ac
1028 1461 1306 1529 prorsus
1338 1441 1678 1528 infirmum
1728 1449 1788 1508 et
1849 1440 2243 1507 imbecillem
2298 1439 2537 1507 habet.-
2610 1464 2690 1508 ac
2735 1438 2962 1507 deinde*

418 1550 491 1597 eo
524 1529 745 1597 morbo
795 1530 1140 1596 laborante
1172 1551 1388 1596 cereos
1420 1538 1484 1596 et
1529 1529 1827 1617 suffitum
1872 1551 2022 1596 cum
2064 1530 2206 1596 oleo
2254 1530 2680 1617 conjunctum
2740 1528 2823 1595 ad
2851 1528 2962 1593 dir

418 1620 650 1686 vinum
699 1628 827 1685 tem
880 1620 1020 1684 lum
1071 1616 1297 1705 affert,
1366 1639 1577 1706 eaque
1620 1619 1757 1706 filii
1802 1619 2064 1685 nomine
2110 1617 2332 1685 adolet
2386 1626 2587 1707 atque
2652 1617 2927 1685 absumit.

417 1711 559 1774 Non
592 1707 767 1774 enim
819 1640 983 1774 ssaec
1026 1727 1203 1795 puer
1254 1707 1393 1794 ipse
1449 1716 1644 1785 tenet,
1718 1717 1919 1796 atque
1965 1729 2001 1773 o
2053 1715 2176 1784 ert,
2231 1706 2788 1795 quemadmodum
2845 1727 2931 1771 nec

417 1796 947 1863 renunciationes
993 1805 1195 1884 atque
1258 1796 1745 1884 conjunctiones
1801 1796 1938 1883 ipse
1977 1817 2013 1862 o
2059 1795 2132 1871 it,
2198 1816 2352 1861 cum
2394 1795 2723 1862 divinitus
2785 1814 2931 1880 reye-

416 1893 719 1951 neratur.
762 1885 1182 1953 Consimilem
1222 1885 1290 1951 in
1329 1884 1597 1952 modum
1646 1884 1985 1951 emistimet
2033 1905 2206 1961 eum,
2260 1884 2383 1972 qui
2432 1893 2735 1951 extremo
2789 1884 2933 1949 vitae

417 1973 524 2040 die
556 1975 624 2040 in
670 1974 941 2040 Domino
995 1974 1385 2061 perfunctus
1439 1974 1548 2050 sit,
1596 1994 1812 2039 cereos
1858 1981 1919 2039 et
1959 1974 2202 2049 oleum,
2247 1994 2458 2060 eaque
2512 1974 2740 2040 omnia
2795 1990 2964 2061 quaet

412 2084 535 2150 pro
569 2063 778 2151 ipsius
806 2061 1256 2150 redemptione
1293 2063 1678 2151 offeruntur,
1715 2071 1776 2128 et
1821 2061 2128 2129 manibus
2168 2072 2408 2138 tenere,
2437 2071 2498 2128 et
2531 2062 2787 2149 offerre.
2823 2063 2932 2127 Hac
2963 2076 2964 2085 ¹

416 2152 592 2217 enim
632 2152 890 2217 ratione
926 2173 1048 2239 per
1098 2150 1218 2217 Dei
1248 2154 1550 2237 qratiam
1582 2150 1663 2217 ab
1698 2172 1771 2216 eo
1799 2172 2012 2239 scopo,
2061 2172 2256 2239 quem
2295 2171 2444 2216 cum
2475 2150 2608 2238 fide
2643 2151 2928 2223 intuetur,

418 2239 950 2328 haudquaquam
982 2238 1341 2305 aberrabit.
1383 2243 1554 2306 Nam
1602 2248 1663 2306 et
1719 2238 2102 2305 divinarum
2144 2259 2369 2305 rerum
2399 2261 2762 2327 praecones
2797 2245 2934 2325 Apo·

414 2329 593 2405 stoli,
634 2338 695 2394 et
733 2328 919 2395 sacri
965 2328 1299 2415 mayistrr‘,
1354 2337 1415 2394 ct
1460 2328 1721 2416 Spiritu
1769 2329 2010 2395 Sancto
2061 2328 2379 2416 inspirati
2415 2331 2673 2407 Patres,
2737 2332 2813 2394 ac
2840 2348 2930 2392 nie-

414 2418 589 2485 mine
637 2416 885 2494 divino,
931 2426 1258 2504 quantum
1312 2418 1421 2504 sas
1467 2427 1586 2495 est,
1643 2412 1949 2506 correpti,
2005 2417 2475 2505 potentiaeque
2516 2417 2753 2505 ipsius,
2795 2437 2935 2505 qiiae

416 2507 746 2573 bominem
799 2515 1000 2572 eoetra
1064 2527 1132 2572 se
1195 2507 1396 2594 rapit,
1448 2516 1675 2573 utcum
1728 2527 1807 2572 ue
1852 2505 2218 2595 participes
2266 2507 2499 2595 effecti,
2546 2506 2775 2574 divin-o
2825 2525 2930 2576 ore.

414 2596 521 2661 uti
546 2598 676 2662 Deo
707 2603 981 2682 gratum
1016 2604 1183 2672 erat,
1231 2595 1362 2662 ista
1393 2596 1641 2674 omnia,
1679 2529 1799 2661 χοε
1838 2604 1934 2662 est
1975 2594 2208 2664 Missas
2260 2604 2320 2661 et
2357 2616 2607 2683 preces,
2669 2617 2749 2662 ac
2783 2593 2966 2683 psal·¹

413 2704 670 2750 morum
701 2693 960 2760 cant-uS,
1014 2683 1648 2772 anniversariasque
1687 2705 1935 2761 eorum,
1973 2684 2096 2772 qui
2135 2693 2343 2751 morte
2381 2685 2740 2772 praerepti
2784 2690 2932 2754 sunt.

414 2773 1060 2839 commemorationes
1107 2773 1562 2851 instituerunt,
1622 2781 1822 2873 atque
1870 2782 2270 2839 sanoeerunt.
2310 2778 2493 2853 Quae
2542 2772 2811 2861 quidem
2867 2767 2936 2836 αΑ

415 2860 591 2928 hunc
618 2879 829 2950 usque
860 2861 1035 2928 diem
1073 2860 1346 2950 beniqni
1370 2863 1496 2929 Dei
1536 2871 1790 2950 qratia,
1846 2860 1928 2928 ab
1968 2866 2132 2929 Ortu
2170 2861 2344 2928 Solis
2389 2882 2595 2950 usque
2643 2861 2737 2927 ad
2765 2865 2932 2928 Occa-

412 2971 561 3016 sum
616 2959 679 3016 et
725 2950 1244 3038 Septentrionem
1295 2973 1374 3018 ac
1419 2950 1786 3028 Meridiem,
1835 2951 1902 3017 in
1936 2950 2204 3016 Domini
2233 2951 2372 3028 Dei,
2413 2950 2534 3038 qui
2575 2950 2840 3038 reqium
2884 2947 2934 3012 in

420 3043 505 3105 Re
557 3059 623 3104 es
661 3039 1018 3127 imperium
1065 3039 1332 3118 obtinet,
1371 3039 1640 3106 laudem
1672 3047 1876 3128 atque
1911 3039 2204 3126 yloriam
2246 3047 2605 3126 auqentur.
2650 3060 2732 3104 ac
2777 3037 2937 3104 novis

411 3149 490 3194 su
538 3127 690 3194 inde
738 3128 1215 3195 accession-ibus
1248 3129 1777 3218 amplificantur.

500 3220 537 3301 ς’
583 3219 676 3284 9.
732 3220 830 3294 At,
886 3216 1111 3303 inquit
1148 3215 1623 3294 adversarius,
1678 3217 1737 3283 si
1781 3235 1888 3282 res
1939 3215 2024 3283 ita
2079 3237 2150 3284 se
2207 3213 2431 3294 habet,
2485 3236 2728 3282 omnes
2775 3212 2937 3280 saiu-

416 3316 545 3372 tem
582 3318 1115 3391 consequentur,
1174 3326 1296 3372 nec
1351 3304 1720 3391 quisquam
1772 3304 1923 3381 erit,
1976 3303 2094 3390 qui
2154 3304 2241 3371 ab
2278 3326 2358 3372 ea
2410 3304 2701 3373 aberret.
2767 3307 2939 3371 Recte

412 3415 618 3462 sane:
667 3407 873 3480 atque
923 3394 1189 3462 utinam
1244 3394 1332 3462 ita
1400 3393 1789 3482 contingat!
1852 3395 1993 3461 Hoc
2048 3393 2230 3461 enim
2279 3392 2505 3482 ipsum
2558 3407 2622 3461 et
2670 3392 2833 3469 sitit,
2887 3399 2939 3454 et

416 3481 584 3561 vult,
627 3498 691 3551 et
724 3483 1015 3569 quaerit,
1069 3494 1133 3550 et
1165 3481 1437 3582 expetit,
1492 3497 1696 3567 atque
1747 3481 1811 3548 in
1853 3481 1980 3550 hoc
2014 3481 2268 3571 gaudet
2305 3497 2368 3548 et
2400 3480 2804 3557 oblectatur,
2843 3477 2940 3545 itte

410 3571 711 3640 bonitate
744 3573 936 3640 omni
987 3570 1355 3639 sublimior
1406 3572 1763 3649 Dominu5‚
1818 3584 1894 3639 ut
1944 3592 2027 3638 ne
2075 3571 2234 3656 quis
2280 3570 2536 3640 divinis
2587 3571 2806 3660 ipsius
2844 3569 2938 3635 be-

413 3660 679 3728 neficiis
728 3659 1020 3729 excidat.
1070 3658 1243 3742 Quid
1288 3660 1523 3727 enim?
1580 3665 1671 3727 An
1729 3659 2029 3748 praemia
2079 3673 2141 3727 ct
2182 3680 2471 3727 coronas
2519 3658 2792 3747 Angelis
2842 3676 2933 3743 pa·

411 3749 626 3817 ravit?
666 3754 758 3817 An
810 3771 889 3817 ea
937 3748 1021 3816 de
1074 3770 1280 3816 cause
1337 3749 1400 3816 in
1470 3763 1717 3817 terram
1773 3747 1975 3828 venit,
2042 3761 2107 3817 et
2153 3770 2231 3816 ex
2298 3748 2560 3836 virgine
2628 3748 2775 3815 sine
2814 3742 2962 3812 ulla¹

410 3839 873 3926 corruptionis
910 3838 1059 3906 labe
1098 3858 1373 3905 carnem
1407 3838 1733 3927 suscepit,
1781 3851 1987 3924 atque
2037 3836 2240 3904 homo
2289 3838 2528 3916 extitit,
2579 3836 2938 3904 eruciatus-

408 3948 544 4012 que
588 3942 653 3995 et
690 3941 973 3996 mortem
1028 3926 1264 4006 subiit,
1304 3939 1382 3995 ut
1429 3927 1841 3996 coelestibus
1892 3926 2229 3995 Mentibus
2287 3928 2572 3995 salutem
2637 3921 2938 3992 afferret?

406 4021 499 4082 An
554 4015 825 4103 Angelis
873 4015 1190 4084 dicturus
1236 4027 1359 4093 est,
1427 4019 1687 4094 Venite,
1742 4016 2074 4084 benedicti
2116 4017 2339 4083 Patris
2403 4018 2575 4083 mei:
2637 4011 2938 4104 percipite

408 4126 683 4189 reqnum
723 4106 898 4195 quod
948 4105 1128 4172 vobis
1178 4115 1502 4194 paratum
1536 4116 1629 4173 est
1658 4105 1924 4193 (Jlattli.
1965 4126 2108 4182 xxv,
2152 4108 2297 4182 ΞΗ.)
2347 4109 2483 4172 Hoc
2519 4116 2718 4180 certe,
2759 4124 2796 4168 o
2829 4095 2935 4165 ad-

408 4194 724 4274 versarie,
780 4194 1005 4263 dicere
1057 4215 1186 4262 non
1236 4207 1446 4283 potes,
1490 4199 1729 4262 Verum
1775 4192 2362 4279 quemadmodum
2406 4192 2702 4260 hominis
2741 4205 2932 4256 causa

409 4302 655 4371 passus
702 4296 826 4360 est,
869 4283 966 4350 sic
1016 4297 1080 4350 et
1126 4283 1357 4351 omnia
1411 4282 1634 4371 ipsius
1681 4305 1890 4350 causa
1945 4282 2226 4369 paravit.
2285 4281 2534 4367 Ecquis
2582 4280 2761 4348 enim
2819 4285 2927 4342 est.

407 4370 716 4458 quicum
769 4370 1010 4460 epulas
1073 4371 1511 4451 instruxerit,
1567 4387 1768 4458 etque
1816 4371 2074 4440 amicos
2127 4369 2469 4449 invitarit,
2531 4391 2660 4437 non
2713 4380 2930 4434 omnes
