<?xml version="1.0" encoding="UTF-8"?>
<!DOCTYPE html PUBLIC "-//W3C//DTD XHTML 1.0 Transitional//EN"
    "http://www.w3.org/TR/xhtml1/DTD/xhtml1-transitional.dtd">
<html xmlns="http://www.w3.org/1999/xhtml" xml:lang="en" lang="en">
 <head>
  <title>
</title>
<meta http-equiv="Content-Type" content="text/html;charset=utf-8" />
  <meta name='ocr-system' content='tesseract 3.04.00' />
  <meta name='ocr-capabilities' content='ocr_page ocr_carea ocr_par ocr_line ocrx_word'/>
</head>
<body>
  <div class='ocr_page' id='page_1' title='image "./historiaeseuvit05lippgoog_0268.png"; bbox 0 0 2993 4837; ppageno 0'>
   <div class='ocr_carea' id='block_1_1' title="bbox 488 308 2883 381">
    <p class='ocr_par' dir='ltr' id='par_1_1' title="bbox 488 308 2883 381">
     <span class='ocr_line' id='line_1_1' title="bbox 488 308 2883 381; baseline -0.003 0"><span class='ocrx_word' id='word_1_1' title='bbox 488 317 612 381; x_wconf 70' lang='lat'><strong>234</strong></span> <span class='ocrx_word' id='word_1_2' title='bbox 1234 331 1313 377; x_wconf 70' lang='lat' dir='ltr'><strong>na</strong></span> <span class='ocrx_word' id='word_1_3' title='bbox 1360 331 1414 377; x_wconf 92' lang='lat' dir='ltr'><strong>s.</strong></span> <span class='ocrx_word' id='word_1_4' title='bbox 1452 322 1711 378; x_wconf 60' lang='lat' dir='ltr'><strong>&#39;canoro</strong></span> <span class='ocrx_word' id='word_1_5' title='bbox 1769 327 2100 377; x_wconf 70' lang='lat' dir='ltr'><strong>nonnoueo</strong></span> <span class='ocrx_word' id='word_1_6' title='bbox 2656 308 2812 374; x_wconf 70' lang='lat' dir='ltr'>NOV.</span> <span class='ocrx_word' id='word_1_7' title='bbox 2853 311 2883 374; x_wconf 71' lang='lat' dir='ltr'><strong>t</strong></span> 
     </span>
    </p>
   </div>
   <div class='ocr_carea' id='block_1_2' title="bbox 401 411 2910 4488">
    <p class='ocr_par' dir='ltr' id='par_1_2' title="bbox 401 411 2910 4488">
     <span class='ocr_line' id='line_1_2' title="bbox 401 411 2880 506; baseline -0.003 -20"><span class='ocrx_word' id='word_1_8' title='bbox 401 421 540 486; x_wconf 87' lang='lat' dir='ltr'><strong>imo</strong></span> <span class='ocrx_word' id='word_1_9' title='bbox 587 429 651 486; x_wconf 89' lang='lat' dir='ltr'><strong>et</strong></span> <span class='ocrx_word' id='word_1_10' title='bbox 681 417 1225 506; x_wconf 82' lang='lat' dir='ltr'><strong>propinquorum</strong></span> <span class='ocrx_word' id='word_1_11' title='bbox 1260 437 1494 484; x_wconf 90' lang='lat' dir='ltr'><strong>eorum</strong></span> <span class='ocrx_word' id='word_1_12' title='bbox 1535 414 2056 484; x_wconf 88' lang='lat' dir='ltr'><strong>necessitatibus</strong></span> <span class='ocrx_word' id='word_1_13' title='bbox 2092 412 2434 481; x_wconf 89' lang='lat' dir='ltr'><strong>moderate</strong></span> <span class='ocrx_word' id='word_1_14' title='bbox 2468 411 2880 489; x_wconf 72' lang='lat' dir='ltr'><strong>subveniebat,</strong></span> 
     </span>
     <span class='ocr_line' id='line_1_3' title="bbox 404 499 2887 591; baseline -0.004 -15"><span class='ocrx_word' id='word_1_15' title='bbox 404 507 462 576; x_wconf 86' lang='lat' dir='ltr'><strong>si</strong></span> <span class='ocrx_word' id='word_1_16' title='bbox 512 527 705 575; x_wconf 87' lang='lat' dir='ltr'><strong>veras</strong></span> <span class='ocrx_word' id='word_1_17' title='bbox 761 527 911 574; x_wconf 89' lang='lat' dir='ltr'><strong>esse</strong></span> <span class='ocrx_word' id='word_1_18' title='bbox 958 504 1397 575; x_wconf 77' lang='lat' dir='ltr'><strong>necessitates</strong></span> <span class='ocrx_word' id='word_1_19' title='bbox 1447 502 1739 573; x_wconf 86' lang='lat' dir='ltr'><strong>videret:</strong></span> <span class='ocrx_word' id='word_1_20' title='bbox 1794 502 1878 571; x_wconf 90' lang='lat' dir='ltr'><strong>de</strong></span> <span class='ocrx_word' id='word_1_21' title='bbox 1945 515 2168 571; x_wconf 91' lang='lat' dir='ltr'><strong>cetero</strong></span> <span class='ocrx_word' id='word_1_22' title='bbox 2231 499 2468 591; x_wconf 88' lang='lat' dir='ltr'><strong>largiri</strong></span> <span class='ocrx_word' id='word_1_23' title='bbox 2525 500 2887 591; x_wconf 83' lang='lat' dir='ltr'><strong>Episcopum</strong></span> 
     </span>
     <span class='ocr_line' id='line_1_4' title="bbox 407 588 2892 683; baseline -0.003 -19"><span class='ocrx_word' id='word_1_24' title='bbox 407 617 537 665; x_wconf 90' lang='lat' dir='ltr'><strong>non</strong></span> <span class='ocrx_word' id='word_1_25' title='bbox 575 594 821 663; x_wconf 88' lang='lat' dir='ltr'><strong>debere</strong></span> <span class='ocrx_word' id='word_1_26' title='bbox 854 593 1111 683; x_wconf 87' lang='lat' dir='ltr'><strong>ajebat;</strong></span> <span class='ocrx_word' id='word_1_27' title='bbox 1168 593 1284 662; x_wconf 91' lang='lat' dir='ltr'><strong>sed</strong></span> <span class='ocrx_word' id='word_1_28' title='bbox 1337 592 1574 662; x_wconf 90' lang='lat' dir='ltr'><strong>omnia</strong></span> <span class='ocrx_word' id='word_1_29' title='bbox 1621 591 2045 682; x_wconf 82' lang='lat' dir='ltr'><strong>pauperibus</strong></span> <span class='ocrx_word' id='word_1_30' title='bbox 2091 588 2553 676; x_wconf 87' lang='lat' dir='ltr'><strong>ecclesiaeque</strong></span> <span class='ocrx_word' id='word_1_31' title='bbox 2614 610 2765 658; x_wconf 89' lang='lat' dir='ltr'><strong>suae</strong></span> <span class='ocrx_word' id='word_1_32' title='bbox 2816 609 2892 657; x_wconf 87' lang='lat' dir='ltr'><strong>re·</strong></span> 
     </span>
     <span class='ocr_line' id='line_1_5' title="bbox 401 675 2890 773; baseline -0.004 -19"><span class='ocrx_word' id='word_1_33' title='bbox 401 705 695 764; x_wconf 87' lang='lat' dir='ltr'><strong>servare,</strong></span> <span class='ocrx_word' id='word_1_34' title='bbox 725 704 886 752; x_wconf 91' lang='lat' dir='ltr'><strong>cum</strong></span> <span class='ocrx_word' id='word_1_35' title='bbox 918 694 1101 751; x_wconf 90' lang='lat' dir='ltr'><strong>tanta</strong></span> <span class='ocrx_word' id='word_1_36' title='bbox 1135 703 1405 773; x_wconf 86' lang='lat' dir='ltr'><strong>semper</strong></span> <span class='ocrx_word' id='word_1_37' title='bbox 1434 681 1521 749; x_wconf 90' lang='lat' dir='ltr'><strong>ad</strong></span> <span class='ocrx_word' id='word_1_38' title='bbox 1571 703 1845 772; x_wconf 78' lang='lat' dir='ltr'><strong>gregem</strong></span> <span class='ocrx_word' id='word_1_39' title='bbox 1885 702 2008 769; x_wconf 93' lang='lat' dir='ltr'><strong>pro</strong></span> <span class='ocrx_word' id='word_1_40' title='bbox 2042 679 2270 747; x_wconf 89' lang='lat' dir='ltr'><strong>debito</strong></span> <span class='ocrx_word' id='word_1_41' title='bbox 2306 677 2530 748; x_wconf 84' lang='lat' dir='ltr'><strong>officio</strong></span> <span class='ocrx_word' id='word_1_42' title='bbox 2551 675 2890 766; x_wconf 89' lang='lat' dir='ltr'><strong>juvandum</strong></span> 
     </span>
     <span class='ocr_line' id='line_1_6' title="bbox 401 766 2893 852; baseline -0.004 -9"><span class='ocrx_word' id='word_1_43' title='bbox 401 774 797 852; x_wconf 84' lang='lat' dir='ltr'><strong>offerantur,</strong></span> <span class='ocrx_word' id='word_1_44' title='bbox 846 784 920 839; x_wconf 92' lang='lat' dir='ltr'><strong>ut</strong></span> <span class='ocrx_word' id='word_1_45' title='bbox 950 772 1051 840; x_wconf 89' lang='lat' dir='ltr'><strong>vel</strong></span> <span class='ocrx_word' id='word_1_46' title='bbox 1091 771 1427 839; x_wconf 86' lang='lat' dir='ltr'><strong>maximae</strong></span> <span class='ocrx_word' id='word_1_47' title='bbox 1473 770 1833 840; x_wconf 79' lang='lat' dir='ltr'><strong>facultates</strong></span> <span class='ocrx_word' id='word_1_48' title='bbox 1868 790 1999 838; x_wconf 93' lang='lat' dir='ltr'><strong>non</strong></span> <span class='ocrx_word' id='word_1_49' title='bbox 2045 766 2414 837; x_wconf 89' lang='lat' dir='ltr'><strong>sufficiant.</strong></span> <span class='ocrx_word' id='word_1_50' title='bbox 2456 771 2617 837; x_wconf 87' lang='lat' dir='ltr'><strong>Cum</strong></span> <span class='ocrx_word' id='word_1_51' title='bbox 2658 766 2734 834; x_wconf 89' lang='lat' dir='ltr'><strong>ad</strong></span> <span class='ocrx_word' id='word_1_52' title='bbox 2767 787 2893 834; x_wconf 87' lang='lat' dir='ltr'><strong>eum</strong></span> 
     </span>
     <span class='ocr_line' id='line_1_7' title="bbox 406 855 2895 958; baseline -0.004 -27"><span class='ocrx_word' id='word_1_53' title='bbox 406 861 766 940; x_wconf 76' lang='lat' dir='ltr'><strong>retulisset,</strong></span> <span class='ocrx_word' id='word_1_54' title='bbox 801 861 921 947; x_wconf 91' lang='lat' dir='ltr'><strong>qui</strong></span> <span class='ocrx_word' id='word_1_55' title='bbox 957 859 1260 928; x_wconf 82' lang='lat' dir='ltr'><strong>familiae</strong></span> <span class='ocrx_word' id='word_1_56' title='bbox 1291 871 1623 948; x_wconf 82' lang='lat' dir='ltr'><strong>praeerat,</strong></span> <span class='ocrx_word' id='word_1_57' title='bbox 1661 881 1695 926; x_wconf 87' lang='lat' dir='ltr'><strong>a</strong></span> <span class='ocrx_word' id='word_1_58' title='bbox 1744 857 2039 958; x_wconf 91' lang='lat' dir='ltr'><strong>pedibus</strong></span> <span class='ocrx_word' id='word_1_59' title='bbox 2075 855 2425 926; x_wconf 90' lang='lat' dir='ltr'><strong>hominem</strong></span> <span class='ocrx_word' id='word_1_60' title='bbox 2454 877 2623 935; x_wconf 84' lang='lat' dir='ltr'><strong>esse,</strong></span> <span class='ocrx_word' id='word_1_61' title='bbox 2658 855 2767 941; x_wconf 90' lang='lat' dir='ltr'><strong>qui</strong></span> <span class='ocrx_word' id='word_1_62' title='bbox 2782 855 2895 943; x_wconf 90' lang='lat' dir='ltr'><strong>jam</strong></span> 
     </span>
     <span class='ocr_line' id='line_1_8' title="bbox 406 942 2898 1039; baseline -0.004 -18"><span class='ocrx_word' id='word_1_63' title='bbox 406 950 694 1021; x_wconf 90' lang='lat' dir='ltr'><strong>minime</strong></span> <span class='ocrx_word' id='word_1_64' title='bbox 730 961 933 1039; x_wconf 90' lang='lat' dir='ltr'><strong>aptus</strong></span> <span class='ocrx_word' id='word_1_65' title='bbox 983 947 1223 1028; x_wconf 84' lang='lat' dir='ltr'><strong>labori,</strong></span> <span class='ocrx_word' id='word_1_66' title='bbox 1277 947 1564 1034; x_wconf 90' lang='lat' dir='ltr'><strong>ideoque</strong></span> <span class='ocrx_word' id='word_1_67' title='bbox 1597 945 2049 1016; x_wconf 77' lang='lat' dir='ltr'><strong>dimittendus</strong></span> <span class='ocrx_word' id='word_1_68' title='bbox 2087 944 2468 1015; x_wconf 89' lang='lat' dir='ltr'><strong>videretur:</strong></span> <span class='ocrx_word' id='word_1_69' title='bbox 2521 943 2816 1012; x_wconf 85' lang='lat' dir='ltr'><strong>eamdem</strong></span> <span class='ocrx_word' id='word_1_70' title='bbox 2853 942 2898 1009; x_wconf 86' lang='lat' dir='ltr'><strong>ei</strong></span> 
     </span>
     <span class='ocr_line' id='line_1_9' title="bbox 412 1029 2897 1125; baseline -0.004 -17"><span class='ocrx_word' id='word_1_71' title='bbox 412 1039 818 1117; x_wconf 84' lang='lat' dir='ltr'><strong>mercedem,</strong></span> <span class='ocrx_word' id='word_1_72' title='bbox 861 1050 1062 1124; x_wconf 90' lang='lat' dir='ltr'><strong>atque</strong></span> <span class='ocrx_word' id='word_1_73' title='bbox 1100 1037 1269 1106; x_wconf 91' lang='lat' dir='ltr'><strong>adeo</strong></span> <span class='ocrx_word' id='word_1_74' title='bbox 1310 1037 1634 1125; x_wconf 89' lang='lat' dir='ltr'><strong>majorem</strong></span> <span class='ocrx_word' id='word_1_75' title='bbox 1675 1036 1910 1116; x_wconf 89' lang='lat' dir='ltr'><strong>tribui,</strong></span> <span class='ocrx_word' id='word_1_76' title='bbox 1956 1047 2098 1103; x_wconf 90' lang='lat' dir='ltr'><strong>tum</strong></span> <span class='ocrx_word' id='word_1_77' title='bbox 2137 1033 2546 1103; x_wconf 89' lang='lat' dir='ltr'><strong>econsuetis</strong></span> <span class='ocrx_word' id='word_1_78' title='bbox 2593 1029 2897 1101; x_wconf 82' lang='lat' dir='ltr'><strong>laboribus</strong></span> 
     </span>
     <span class='ocr_line' id='line_1_10' title="bbox 404 1120 2898 1216; baseline -0.004 -20"><span class='ocrx_word' id='word_1_79' title='bbox 404 1128 612 1196; x_wconf 82' lang='lat' dir='ltr'><strong>eximi</strong></span> <span class='ocrx_word' id='word_1_80' title='bbox 650 1127 883 1216; x_wconf 87' lang='lat' dir='ltr'><strong>j&#39;ussit.</strong></span> <span class='ocrx_word' id='word_1_81' title='bbox 924 1131 1244 1196; x_wconf 91' lang='lat' dir='ltr'><strong>Summas</strong></span> <span class='ocrx_word' id='word_1_82' title='bbox 1281 1125 1584 1195; x_wconf 89' lang='lat' dir='ltr'><strong>fructum</strong></span> <span class='ocrx_word' id='word_1_83' title='bbox 1636 1145 1947 1203; x_wconf 90' lang='lat' dir='ltr'><strong>suorum,</strong></span> <span class='ocrx_word' id='word_1_84' title='bbox 1999 1142 2599 1212; x_wconf 82' lang='lat' dir='ltr'><strong>expensarumque</strong></span> <span class='ocrx_word' id='word_1_85' title='bbox 2653 1120 2898 1189; x_wconf 80' lang='lat' dir='ltr'><strong>rationes</strong></span> 
     </span>
     <span class='ocr_line' id='line_1_11' title="bbox 411 1206 2902 1305; baseline -0.004 -20"><span class='ocrx_word' id='word_1_86' title='bbox 411 1217 578 1285; x_wconf 89' lang='lat' dir='ltr'><strong>satis</strong></span> <span class='ocrx_word' id='word_1_87' title='bbox 625 1215 918 1285; x_wconf 90' lang='lat' dir='ltr'><strong>babebat</strong></span> <span class='ocrx_word' id='word_1_88' title='bbox 975 1215 1377 1305; x_wconf 83' lang='lat' dir='ltr'><strong>generatim,</strong></span> <span class='ocrx_word' id='word_1_89' title='bbox 1429 1228 1850 1300; x_wconf 85' lang='lat' dir='ltr'><strong>eatenusque</strong></span> <span class='ocrx_word' id='word_1_90' title='bbox 1896 1234 1977 1281; x_wconf 88' lang='lat' dir='ltr'><strong>co</strong></span> <span class='ocrx_word' id='word_1_91' title='bbox 2033 1232 2300 1289; x_wconf 90' lang='lat' dir='ltr'><strong>nosere,</strong></span> <span class='ocrx_word' id='word_1_92' title='bbox 2353 1223 2695 1297; x_wconf 89' lang='lat' dir='ltr'><strong>quatenus</strong></span> <span class='ocrx_word' id='word_1_93' title='bbox 2733 1206 2902 1297; x_wconf 82' lang='lat' dir='ltr'><strong>negli-</strong></span> 
     </span>
     <span class='ocr_line' id='line_1_12' title="bbox 408 1234 2896 1395; baseline -0.004 -21"><span class='ocrx_word' id='word_1_94' title='bbox 408 1306 675 1395; x_wconf 88' lang='lat' dir='ltr'><strong>gentiae</strong></span> <span class='ocrx_word' id='word_1_95' title='bbox 724 1306 791 1373; x_wconf 89' lang='lat' dir='ltr'><strong>in</strong></span> <span class='ocrx_word' id='word_1_96' title='bbox 828 1303 1167 1373; x_wconf 85' lang='lat' dir='ltr'><strong>fructibus</strong></span> <span class='ocrx_word' id='word_1_97' title='bbox 1197 1302 1677 1394; x_wconf 68' lang='lat' dir='ltr'><strong>ecclesiasticis</strong></span> <span class='ocrx_word' id='word_1_98' title='bbox 1725 1234 2092 1391; x_wconf 44' lang='lat' dir='ltr'><strong>erogandis</strong></span> <span class='ocrx_word' id='word_1_99' title='bbox 2117 1299 2566 1369; x_wconf 89' lang='lat' dir='ltr'><strong>condemnari</strong></span> <span class='ocrx_word' id='word_1_100' title='bbox 2619 1319 2745 1367; x_wconf 91' lang='lat' dir='ltr'><strong>non</strong></span> <span class='ocrx_word' id='word_1_101' title='bbox 2781 1318 2896 1387; x_wconf 81' lang='lat' dir='ltr'><strong>pos·</strong></span> 
     </span>
     <span class='ocr_line' id='line_1_13' title="bbox 409 1383 2900 1482; baseline -0.005 -19"><span class='ocrx_word' id='word_1_102' title='bbox 409 1406 530 1473; x_wconf 89' lang='lat' dir='ltr'><strong>set,</strong></span> <span class='ocrx_word' id='word_1_103' title='bbox 570 1405 993 1479; x_wconf 85' lang='lat' dir='ltr'><strong>caveretque,</strong></span> <span class='ocrx_word' id='word_1_104' title='bbox 1048 1412 1133 1460; x_wconf 90' lang='lat' dir='ltr'><strong>ne</strong></span> <span class='ocrx_word' id='word_1_105' title='bbox 1173 1404 1457 1482; x_wconf 89' lang='lat' dir='ltr'><strong>sumptu</strong></span> <span class='ocrx_word' id='word_1_106' title='bbox 1510 1391 1722 1459; x_wconf 91' lang='lat' dir='ltr'><strong>nimio</strong></span> <span class='ocrx_word' id='word_1_107' title='bbox 1752 1411 1866 1459; x_wconf 89' lang='lat' dir='ltr'><strong>aes</strong></span> <span class='ocrx_word' id='word_1_108' title='bbox 1907 1388 2212 1461; x_wconf 90' lang='lat' dir='ltr'><strong>alienum</strong></span> <span class='ocrx_word' id='word_1_109' title='bbox 2247 1388 2687 1465; x_wconf 89' lang='lat' dir='ltr'><strong>contrahens,</strong></span> <span class='ocrx_word' id='word_1_110' title='bbox 2737 1383 2900 1454; x_wconf 87' lang='lat' dir='ltr'><strong>credi-</strong></span> 
     </span>
     <span class='ocr_line' id='line_1_14' title="bbox 414 1476 2906 1567; baseline -0.004 -16"><span class='ocrx_word' id='word_1_111' title='bbox 414 1482 674 1552; x_wconf 88' lang='lat' dir='ltr'><strong>toribus</strong></span> <span class='ocrx_word' id='word_1_112' title='bbox 704 1480 1331 1560; x_wconf 87' lang='lat' dir='ltr'><strong>essetdetrimento,</strong></span> <span class='ocrx_word' id='word_1_113' title='bbox 1357 1501 1780 1567; x_wconf 89' lang='lat' dir='ltr'><strong>quamquam</strong></span> <span class='ocrx_word' id='word_1_114' title='bbox 1818 1479 2104 1567; x_wconf 87' lang='lat' dir='ltr'><strong>accepti,</strong></span> <span class='ocrx_word' id='word_1_115' title='bbox 2135 1490 2199 1547; x_wconf 92' lang='lat' dir='ltr'><strong>et</strong></span> <span class='ocrx_word' id='word_1_116' title='bbox 2228 1477 2506 1567; x_wconf 85' lang='lat' dir='ltr'><strong>expensi</strong></span> <span class='ocrx_word' id='word_1_117' title='bbox 2544 1476 2906 1567; x_wconf 76' lang='lat' dir='ltr'><strong>plerumque</strong></span> 
     </span>
     <span class='ocr_line' id='line_1_15' title="bbox 414 1563 2904 1657; baseline -0.004 -17"><span class='ocrx_word' id='word_1_118' title='bbox 414 1572 741 1640; x_wconf 90' lang='lat' dir='ltr'><strong>rationem</strong></span> <span class='ocrx_word' id='word_1_119' title='bbox 792 1592 950 1640; x_wconf 91' lang='lat' dir='ltr'><strong>cum</strong></span> <span class='ocrx_word' id='word_1_120' title='bbox 1024 1569 1404 1648; x_wconf 88' lang='lat' dir='ltr'><strong>omitteret,</strong></span> <span class='ocrx_word' id='word_1_121' title='bbox 1459 1579 1781 1657; x_wconf 88' lang='lat' dir='ltr'><strong>sumptus</strong></span> <span class='ocrx_word' id='word_1_122' title='bbox 1845 1579 2072 1636; x_wconf 89' lang='lat' dir='ltr'><strong>autem</strong></span> <span class='ocrx_word' id='word_1_123' title='bbox 2134 1567 2265 1654; x_wconf 91' lang='lat' dir='ltr'><strong>piis</strong></span> <span class='ocrx_word' id='word_1_124' title='bbox 2312 1565 2397 1634; x_wconf 90' lang='lat' dir='ltr'><strong>de</strong></span> <span class='ocrx_word' id='word_1_125' title='bbox 2444 1564 2713 1636; x_wconf 87' lang='lat' dir='ltr'><strong>caussis</strong></span> <span class='ocrx_word' id='word_1_126' title='bbox 2760 1563 2904 1651; x_wconf 73' lang='lat' dir='ltr'><strong>larga</strong></span> 
     </span>
     <span class='ocr_line' id='line_1_16' title="bbox 414 1657 2904 1747; baseline -0.004 -19"><span class='ocrx_word' id='word_1_127' title='bbox 414 1660 794 1738; x_wconf 89' lang='lat' dir='ltr'><strong>mandaret;</strong></span> <span class='ocrx_word' id='word_1_128' title='bbox 849 1679 932 1727; x_wconf 91' lang='lat' dir='ltr'><strong>ne</strong></span> <span class='ocrx_word' id='word_1_129' title='bbox 976 1658 1101 1726; x_wconf 87' lang='lat' dir='ltr'><strong>hoc</strong></span> <span class='ocrx_word' id='word_1_130' title='bbox 1133 1658 1410 1743; x_wconf 88' lang='lat' dir='ltr'><strong>quidem</strong></span> <span class='ocrx_word' id='word_1_131' title='bbox 1441 1657 1608 1726; x_wconf 88' lang='lat' dir='ltr'><strong>satis</strong></span> <span class='ocrx_word' id='word_1_132' title='bbox 1646 1669 1905 1747; x_wconf 90' lang='lat' dir='ltr'><strong>poterat</strong></span> <span class='ocrx_word' id='word_1_133' title='bbox 1951 1676 2189 1726; x_wconf 88' lang='lat' dir='ltr'><strong>cavere</strong></span> <span class='ocrx_word' id='word_1_134' title='bbox 2213 1675 2507 1743; x_wconf 89' lang='lat' dir='ltr'><strong>semper,</strong></span> <span class='ocrx_word' id='word_1_135' title='bbox 2548 1666 2904 1737; x_wconf 75' lang='lat' dir='ltr'><strong>tantumque</strong></span> 
     </span>
     <span class='ocr_line' id='line_1_17' title="bbox 409 1745 2902 1833; baseline -0.005 -15"><span class='ocrx_word' id='word_1_136' title='bbox 409 1748 663 1828; x_wconf 88' lang='lat' dir='ltr'><strong>aberat,</strong></span> <span class='ocrx_word' id='word_1_137' title='bbox 721 1762 794 1817; x_wconf 93' lang='lat' dir='ltr'><strong>ut</strong></span> <span class='ocrx_word' id='word_1_138' title='bbox 840 1770 919 1817; x_wconf 80' lang='lat' dir='ltr'><strong>ex</strong></span> <span class='ocrx_word' id='word_1_139' title='bbox 969 1746 1309 1815; x_wconf 90' lang='lat' dir='ltr'><strong>reditibus·</strong></span> <span class='ocrx_word' id='word_1_140' title='bbox 1334 1745 1712 1832; x_wconf 89' lang='lat' dir='ltr'><strong>quidquam</strong></span> <span class='ocrx_word' id='word_1_141' title='bbox 1752 1745 1895 1814; x_wconf 91' lang='lat' dir='ltr'><strong>ullo</strong></span> <span class='ocrx_word' id='word_1_142' title='bbox 1943 1766 2125 1813; x_wconf 87' lang='lat' dir='ltr'><strong>anno</strong></span> <span class='ocrx_word' id='word_1_143' title='bbox 2172 1756 2584 1833; x_wconf 89' lang='lat' dir='ltr'><strong>superesset,</strong></span> <span class='ocrx_word' id='word_1_144' title='bbox 2640 1755 2716 1812; x_wconf 89' lang='lat' dir='ltr'><strong>ut</strong></span> <span class='ocrx_word' id='word_1_145' title='bbox 2746 1758 2902 1827; x_wconf 78' lang='lat' dir='ltr'><strong>saepe</strong></span> 
     </span>
     <span class='ocr_line' id='line_1_18' title="bbox 409 1827 2904 1925; baseline -0.004 -20"><span class='ocrx_word' id='word_1_146' title='bbox 409 1836 872 1905; x_wconf 88' lang='lat' dir='ltr'><strong>antecedentis</strong></span> <span class='ocrx_word' id='word_1_147' title='bbox 920 1836 1081 1903; x_wconf 89' lang='lat' dir='ltr'><strong>anni</strong></span> <span class='ocrx_word' id='word_1_148' title='bbox 1134 1847 1480 1925; x_wconf 89' lang='lat' dir='ltr'><strong>sumptus,</strong></span> <span class='ocrx_word' id='word_1_149' title='bbox 1530 1836 1595 1902; x_wconf 90' lang='lat' dir='ltr'><strong>in</strong></span> <span class='ocrx_word' id='word_1_150' title='bbox 1648 1834 1987 1903; x_wconf 85' lang='lat' dir='ltr'><strong>fructibus</strong></span> <span class='ocrx_word' id='word_1_151' title='bbox 2038 1833 2460 1919; x_wconf 89' lang='lat' dir='ltr'><strong>insequentis</strong></span> <span class='ocrx_word' id='word_1_152' title='bbox 2511 1852 2650 1901; x_wconf 89' lang='lat' dir='ltr'><strong>non</strong></span> <span class='ocrx_word' id='word_1_153' title='bbox 2689 1827 2904 1898; x_wconf 78' lang='lat' dir='ltr'><strong>modica</strong></span> 
     </span>
     <span class='ocr_line' id='line_1_19' title="bbox 408 1918 2904 2016; baseline -0.004 -22"><span class='ocrx_word' id='word_1_154' title='bbox 408 1949 488 1995; x_wconf 88' lang='lat' dir='ltr'><strong>ex</strong></span> <span class='ocrx_word' id='word_1_155' title='bbox 525 1937 712 2016; x_wconf 88' lang='lat' dir='ltr'><strong>parte</strong></span> <span class='ocrx_word' id='word_1_156' title='bbox 746 1926 1147 1994; x_wconf 85' lang='lat' dir='ltr'><strong>niterentur.</strong></span> <span class='ocrx_word' id='word_1_157' title='bbox 1200 1929 1654 1993; x_wconf 84' lang='lat' dir='ltr'><strong>Nummorum</strong></span> <span class='ocrx_word' id='word_1_158' title='bbox 1708 1945 1981 2012; x_wconf 87' lang='lat' dir='ltr'><strong>genera,</strong></span> <span class='ocrx_word' id='word_1_159' title='bbox 2022 1922 2345 2008; x_wconf 88' lang='lat' dir='ltr'><strong>quantive</strong></span> <span class='ocrx_word' id='word_1_160' title='bbox 2375 1933 2630 2001; x_wconf 89' lang='lat' dir='ltr'><strong>essent,</strong></span> <span class='ocrx_word' id='word_1_161' title='bbox 2669 1918 2904 1987; x_wconf 82' lang='lat' dir='ltr'><strong>minime</strong></span> 
     </span>
     <span class='ocr_line' id='line_1_20' title="bbox 415 2010 2905 2102; baseline -0.004 -20"><span class='ocrx_word' id='word_1_162' title='bbox 415 2026 713 2095; x_wconf 90' lang='lat' dir='ltr'><strong>noverat;</strong></span> <span class='ocrx_word' id='word_1_163' title='bbox 751 2036 829 2083; x_wconf 90' lang='lat' dir='ltr'><strong>ac</strong></span> <span class='ocrx_word' id='word_1_164' title='bbox 866 2035 982 2083; x_wconf 91' lang='lat' dir='ltr'><strong>eos</strong></span> <span class='ocrx_word' id='word_1_165' title='bbox 1016 2012 1117 2081; x_wconf 87' lang='lat' dir='ltr'><strong>vel</strong></span> <span class='ocrx_word' id='word_1_166' title='bbox 1169 2013 1474 2102; x_wconf 85' lang='lat' dir='ltr'><strong>aspicere</strong></span> <span class='ocrx_word' id='word_1_167' title='bbox 1505 2033 1705 2102; x_wconf 87' lang='lat' dir='ltr'><strong>aegre</strong></span> <span class='ocrx_word' id='word_1_168' title='bbox 1753 2010 2134 2081; x_wconf 86' lang='lat' dir='ltr'><strong>videbatur.</strong></span> <span class='ocrx_word' id='word_1_169' title='bbox 2167 2014 2332 2079; x_wconf 87' lang='lat' dir='ltr'><strong>Cum</strong></span> <span class='ocrx_word' id='word_1_170' title='bbox 2384 2030 2751 2078; x_wconf 88' lang='lat' dir='ltr'><strong>aureorum</strong></span> <span class='ocrx_word' id='word_1_171' title='bbox 2782 2025 2905 2093; x_wconf 86' lang='lat' dir='ltr'><strong>qua-</strong></span> 
     </span>
     <span class='ocr_line' id='line_1_21' title="bbox 411 2092 2905 2194; baseline -0.005 -21"><span class='ocrx_word' id='word_1_172' title='bbox 411 2104 729 2194; x_wconf 90' lang='lat' dir='ltr'><strong>draginta</strong></span> <span class='ocrx_word' id='word_1_173' title='bbox 781 2102 996 2171; x_wconf 89' lang='lat' dir='ltr'><strong>millia</strong></span> <span class='ocrx_word' id='word_1_174' title='bbox 1043 2124 1121 2171; x_wconf 83' lang='lat' dir='ltr'><strong>ex</strong></span> <span class='ocrx_word' id='word_1_175' title='bbox 1179 2102 1264 2170; x_wconf 89' lang='lat' dir='ltr'><strong>iis</strong></span> <span class='ocrx_word' id='word_1_176' title='bbox 1312 2122 1487 2188; x_wconf 91' lang='lat' dir='ltr'><strong>quae</strong></span> <span class='ocrx_word' id='word_1_177' title='bbox 1536 2103 1607 2168; x_wconf 92' lang='lat' dir='ltr'><strong>in</strong></span> <span class='ocrx_word' id='word_1_178' title='bbox 1644 2121 1854 2190; x_wconf 87' lang='lat' dir='ltr'><strong>regno</strong></span> <span class='ocrx_word' id='word_1_179' title='bbox 1903 2098 2343 2189; x_wconf 88' lang='lat' dir='ltr'><strong>Neapolitano</strong></span> <span class='ocrx_word' id='word_1_180' title='bbox 2385 2097 2798 2176; x_wconf 89' lang='lat' dir='ltr'><strong>vendiderat,</strong></span> <span class='ocrx_word' id='word_1_181' title='bbox 2837 2092 2905 2161; x_wconf 85' lang='lat' dir='ltr'><strong>al·</strong></span> 
     </span>
     <span class='ocr_line' id='line_1_22' title="bbox 416 2184 2905 2277; baseline -0.005 -16"><span class='ocrx_word' id='word_1_182' title='bbox 416 2193 545 2262; x_wconf 90' lang='lat' dir='ltr'><strong>lata</strong></span> <span class='ocrx_word' id='word_1_183' title='bbox 577 2202 802 2263; x_wconf 87' lang='lat' dir='ltr'><strong>essent</strong></span> <span class='ocrx_word' id='word_1_184' title='bbox 834 2191 917 2260; x_wconf 91' lang='lat' dir='ltr'><strong>ad</strong></span> <span class='ocrx_word' id='word_1_185' title='bbox 968 2212 1125 2260; x_wconf 90' lang='lat' dir='ltr'><strong>eum</strong></span> <span class='ocrx_word' id='word_1_186' title='bbox 1157 2191 1225 2258; x_wconf 90' lang='lat' dir='ltr'><strong>in</strong></span> <span class='ocrx_word' id='word_1_187' title='bbox 1278 2189 1707 2268; x_wconf 90' lang='lat' dir='ltr'><strong>cubiculum,</strong></span> <span class='ocrx_word' id='word_1_188' title='bbox 1765 2188 1883 2257; x_wconf 93' lang='lat' dir='ltr'><strong>ubi</strong></span> <span class='ocrx_word' id='word_1_189' title='bbox 1918 2200 2236 2277; x_wconf 89' lang='lat' dir='ltr'><strong>acceptae</strong></span> <span class='ocrx_word' id='word_1_190' title='bbox 2285 2187 2622 2277; x_wconf 89' lang='lat' dir='ltr'><strong>pecuniae</strong></span> <span class='ocrx_word' id='word_1_191' title='bbox 2658 2184 2905 2255; x_wconf 87' lang='lat' dir='ltr'><strong>testimo·</strong></span> 
     </span>
     <span class='ocr_line' id='line_1_23' title="bbox 416 2273 2910 2370; baseline -0.004 -22"><span class='ocrx_word' id='word_1_192' title='bbox 416 2283 634 2363; x_wconf 90' lang='lat' dir='ltr'><strong>nium,</strong></span> <span class='ocrx_word' id='word_1_193' title='bbox 680 2282 830 2370; x_wconf 88' lang='lat' dir='ltr'><strong>ipsa</strong></span> <span class='ocrx_word' id='word_1_194' title='bbox 881 2292 1237 2367; x_wconf 87' lang='lat' dir='ltr'><strong>praesente</strong></span> <span class='ocrx_word' id='word_1_195' title='bbox 1288 2279 1622 2368; x_wconf 87' lang='lat' dir='ltr'><strong>pecunia,</strong></span> <span class='ocrx_word' id='word_1_196' title='bbox 1679 2276 2187 2346; x_wconf 88' lang='lat' dir='ltr'><strong>conficiendum</strong></span> <span class='ocrx_word' id='word_1_197' title='bbox 2240 2287 2419 2356; x_wconf 89' lang='lat' dir='ltr'><strong>erat,</strong></span> <span class='ocrx_word' id='word_1_198' title='bbox 2495 2277 2591 2345; x_wconf 88' lang='lat' dir='ltr'><strong>ita</strong></span> <span class='ocrx_word' id='word_1_199' title='bbox 2646 2273 2910 2344; x_wconf 79' lang='lat' dir='ltr'><strong>exhorre-</strong></span> 
     </span>
     <span class='ocr_line' id='line_1_24' title="bbox 417 2361 2904 2458; baseline -0.005 -19"><span class='ocrx_word' id='word_1_200' title='bbox 417 2392 604 2441; x_wconf 90' lang='lat' dir='ltr'><strong>scere</strong></span> <span class='ocrx_word' id='word_1_201' title='bbox 650 2371 839 2439; x_wconf 87' lang='lat' dir='ltr'><strong>visus</strong></span> <span class='ocrx_word' id='word_1_202' title='bbox 886 2381 1009 2448; x_wconf 90' lang='lat' dir='ltr'><strong>est,</strong></span> <span class='ocrx_word' id='word_1_203' title='bbox 1065 2381 1141 2437; x_wconf 90' lang='lat' dir='ltr'><strong>ut</strong></span> <span class='ocrx_word' id='word_1_204' title='bbox 1181 2368 1240 2436; x_wconf 90' lang='lat' dir='ltr'><strong>si</strong></span> <span class='ocrx_word' id='word_1_205' title='bbox 1282 2368 1534 2458; x_wconf 88' lang='lat' dir='ltr'><strong>anguis</strong></span> <span class='ocrx_word' id='word_1_206' title='bbox 1585 2379 1761 2436; x_wconf 88' lang='lat' dir='ltr'><strong>esset</strong></span> <span class='ocrx_word' id='word_1_207' title='bbox 1807 2365 2118 2446; x_wconf 81' lang='lat' dir='ltr'><strong>oblatuS,</strong></span> <span class='ocrx_word' id='word_1_208' title='bbox 2171 2363 2636 2452; x_wconf 87' lang='lat' dir='ltr'><strong>cubiculoque</strong></span> <span class='ocrx_word' id='word_1_209' title='bbox 2695 2361 2904 2434; x_wconf 88' lang='lat' dir='ltr'><strong>relicto,</strong></span> 
     </span>
     <span class='ocr_line' id='line_1_25' title="bbox 419 2450 2908 2548; baseline -0.004 -23"><span class='ocrx_word' id='word_1_210' title='bbox 419 2460 522 2528; x_wconf 84' lang='lat' dir='ltr'><strong>vix</strong></span> <span class='ocrx_word' id='word_1_211' title='bbox 573 2457 975 2548; x_wconf 86' lang='lat' dir='ltr'><strong>perficiendi</strong></span> <span class='ocrx_word' id='word_1_212' title='bbox 1023 2468 1218 2527; x_wconf 86' lang='lat' dir='ltr'><strong>actus</strong></span> <span class='ocrx_word' id='word_1_213' title='bbox 1268 2457 1667 2526; x_wconf 88' lang='lat' dir='ltr'><strong>necessitate</strong></span> <span class='ocrx_word' id='word_1_214' title='bbox 1717 2477 2026 2525; x_wconf 89' lang='lat' dir='ltr'><strong>reversus</strong></span> <span class='ocrx_word' id='word_1_215' title='bbox 2084 2468 2229 2532; x_wconf 86' lang='lat' dir='ltr'><strong>est;</strong></span> <span class='ocrx_word' id='word_1_216' title='bbox 2304 2467 2446 2523; x_wconf 90' lang='lat' dir='ltr'><strong>tum</strong></span> <span class='ocrx_word' id='word_1_217' title='bbox 2511 2475 2671 2523; x_wconf 87' lang='lat' dir='ltr'><strong>vero</strong></span> <span class='ocrx_word' id='word_1_218' title='bbox 2730 2450 2908 2520; x_wconf 83' lang='lat' dir='ltr'><strong>statim</strong></span> 
     </span>
     <span class='ocr_line' id='line_1_26' title="bbox 413 2538 2904 2637; baseline -0.002 -21"><span class='ocrx_word' id='word_1_219' title='bbox 413 2546 669 2617; x_wconf 85' lang='lat' dir='ltr'><strong>auferri</strong></span> <span class='ocrx_word' id='word_1_220' title='bbox 710 2546 944 2637; x_wconf 87' lang='lat' dir='ltr'><strong>jussit,</strong></span> <span class='ocrx_word' id='word_1_221' title='bbox 1001 2558 1065 2614; x_wconf 92' lang='lat' dir='ltr'><strong>et</strong></span> <span class='ocrx_word' id='word_1_222' title='bbox 1112 2548 1504 2633; x_wconf 88' lang='lat' dir='ltr'><strong>Praeposito</strong></span> <span class='ocrx_word' id='word_1_223' title='bbox 1557 2545 1809 2615; x_wconf 89' lang='lat' dir='ltr'><strong>domus</strong></span> <span class='ocrx_word' id='word_1_224' title='bbox 1870 2549 2149 2613; x_wconf 84' lang='lat' dir='ltr'><strong>Caesare</strong></span> <span class='ocrx_word' id='word_1_225' title='bbox 2199 2543 2530 2631; x_wconf 91' lang='lat' dir='ltr'><strong>Speciano</strong></span> <span class='ocrx_word' id='word_1_226' title='bbox 2600 2538 2904 2612; x_wconf 79' lang='lat' dir='ltr'><strong>accersitu.</strong></span> 
     </span>
     <span class='ocr_line' id='line_1_27' title="bbox 416 2630 2908 2724; baseline -0.003 -24"><span class='ocrx_word' id='word_1_227' title='bbox 416 2637 499 2705; x_wconf 84' lang='lat' dir='ltr'><strong>de</strong></span> <span class='ocrx_word' id='word_1_228' title='bbox 545 2658 683 2722; x_wconf 91' lang='lat' dir='ltr'><strong>quo</strong></span> <span class='ocrx_word' id='word_1_229' title='bbox 732 2656 937 2723; x_wconf 87' lang='lat' dir='ltr'><strong>saepe</strong></span> <span class='ocrx_word' id='word_1_230' title='bbox 986 2635 1237 2704; x_wconf 89' lang='lat' dir='ltr'><strong>mentio</strong></span> <span class='ocrx_word' id='word_1_231' title='bbox 1285 2633 1462 2703; x_wconf 85' lang='lat' dir='ltr'><strong>facta</strong></span> <span class='ocrx_word' id='word_1_232' title='bbox 1490 2647 1615 2714; x_wconf 88' lang='lat' dir='ltr'><strong>est,</strong></span> <span class='ocrx_word' id='word_1_233' title='bbox 1670 2634 1754 2702; x_wconf 91' lang='lat' dir='ltr'><strong>ad</strong></span> <span class='ocrx_word' id='word_1_234' title='bbox 1805 2655 1976 2702; x_wconf 90' lang='lat' dir='ltr'><strong>usus</strong></span> <span class='ocrx_word' id='word_1_235' title='bbox 2014 2633 2162 2723; x_wconf 89' lang='lat' dir='ltr'><strong>pios</strong></span> <span class='ocrx_word' id='word_1_236' title='bbox 2210 2630 2713 2722; x_wconf 89' lang='lat' dir='ltr'><strong>dilargiendam</strong></span> <span class='ocrx_word' id='word_1_237' title='bbox 2750 2641 2908 2724; x_wconf 36' lang='lat' dir='ltr'><strong>tota-m</strong></span> 
     </span>
     <span class='ocr_line' id='line_1_28' title="bbox 413 2717 2906 2809; baseline -0.005 -17"><span class='ocrx_word' id='word_1_238' title='bbox 413 2724 790 2801; x_wconf 86' lang='lat' dir='ltr'><strong>distribuit,</strong></span> <span class='ocrx_word' id='word_1_239' title='bbox 841 2724 963 2804; x_wconf 87' lang='lat' dir='ltr'><strong>sie,</strong></span> <span class='ocrx_word' id='word_1_240' title='bbox 1018 2735 1093 2792; x_wconf 92' lang='lat' dir='ltr'><strong>ut</strong></span> <span class='ocrx_word' id='word_1_241' title='bbox 1140 2722 1400 2809; x_wconf 90' lang='lat' dir='ltr'><strong>aliquot</strong></span> <span class='ocrx_word' id='word_1_242' title='bbox 1426 2722 1677 2792; x_wconf 89' lang='lat' dir='ltr'><strong>addere</strong></span> <span class='ocrx_word' id='word_1_243' title='bbox 1725 2743 2089 2790; x_wconf 89' lang='lat' dir='ltr'><strong>aureorum</strong></span> <span class='ocrx_word' id='word_1_244' title='bbox 2133 2719 2351 2788; x_wconf 91' lang='lat' dir='ltr'><strong>millia</strong></span> <span class='ocrx_word' id='word_1_245' title='bbox 2402 2741 2681 2789; x_wconf 89' lang='lat' dir='ltr'><strong>necesse</strong></span> <span class='ocrx_word' id='word_1_246' title='bbox 2725 2717 2906 2786; x_wconf 79' lang='lat' dir='ltr'><strong>suerit.</strong></span> 
     </span>
     <span class='ocr_line' id='line_1_29' title="bbox 416 2805 2906 2899; baseline -0.002 -19"><span class='ocrx_word' id='word_1_247' title='bbox 416 2811 583 2899; x_wconf 82' lang='lat' dir='ltr'><strong>Ejus</strong></span> <span class='ocrx_word' id='word_1_248' title='bbox 615 2816 1041 2882; x_wconf 90' lang='lat' dir='ltr'><strong>Oeconomus</strong></span> <span class='ocrx_word' id='word_1_249' title='bbox 1081 2813 1258 2880; x_wconf 90' lang='lat' dir='ltr'><strong>inter</strong></span> <span class='ocrx_word' id='word_1_250' title='bbox 1311 2811 1483 2881; x_wconf 92' lang='lat' dir='ltr'><strong>alios</strong></span> <span class='ocrx_word' id='word_1_251' title='bbox 1532 2811 1661 2880; x_wconf 85' lang='lat' dir='ltr'><strong>fuit</strong></span> <span class='ocrx_word' id='word_1_252' title='bbox 1709 2811 1811 2879; x_wconf 91' lang='lat' dir='ltr'><strong>vir</strong></span> <span class='ocrx_word' id='word_1_253' title='bbox 1864 2810 2109 2889; x_wconf 81' lang='lat' dir='ltr'><strong>bonuS,</strong></span> <span class='ocrx_word' id='word_1_254' title='bbox 2164 2808 2360 2877; x_wconf 88' lang='lat' dir='ltr'><strong>valde</strong></span> <span class='ocrx_word' id='word_1_255' title='bbox 2410 2831 2495 2878; x_wconf 93' lang='lat' dir='ltr'><strong>ue</strong></span> <span class='ocrx_word' id='word_1_256' title='bbox 2543 2805 2906 2877; x_wconf 70' lang='lat' dir='ltr'><strong>industrius,</strong></span> 
     </span>
     <span class='ocr_line' id='line_1_30' title="bbox 415 2894 2908 2988; baseline -0.004 -18"><span class='ocrx_word' id='word_1_257' title='bbox 415 2915 480 2970; x_wconf 68' lang='lat' dir='ltr'><strong>et</strong></span> <span class='ocrx_word' id='word_1_258' title='bbox 547 2900 607 2970; x_wconf 90' lang='lat' dir='ltr'><strong>ei</strong></span> <span class='ocrx_word' id='word_1_259' title='bbox 666 2902 1009 2988; x_wconf 89' lang='lat' dir='ltr'><strong>ceteroqui</strong></span> <span class='ocrx_word' id='word_1_260' title='bbox 1058 2923 1305 2980; x_wconf 80' lang='lat' dir='ltr'><strong>caruS,</strong></span> <span class='ocrx_word' id='word_1_261' title='bbox 1370 2899 1485 2970; x_wconf 89' lang='lat' dir='ltr'><strong>sed</strong></span> <span class='ocrx_word' id='word_1_262' title='bbox 1554 2912 1740 2969; x_wconf 88' lang='lat' dir='ltr'><strong>tanto</strong></span> <span class='ocrx_word' id='word_1_263' title='bbox 1800 2898 2204 2968; x_wconf 85' lang='lat' dir='ltr'><strong>facultatum</strong></span> <span class='ocrx_word' id='word_1_264' title='bbox 2254 2902 2376 2967; x_wconf 80' lang='lat' dir='ltr'><strong>Arc</strong></span> <span class='ocrx_word' id='word_1_265' title='bbox 2434 2894 2908 2986; x_wconf 85' lang='lat' dir='ltr'><strong>iepiscopalium</strong></span> 
     </span>
     <span class='ocr_line' id='line_1_31' title="bbox 416 2981 2910 3080; baseline -0.006 -22"><span class='ocrx_word' id='word_1_266' title='bbox 416 2989 715 3080; x_wconf 86' lang='lat' dir='ltr'><strong>augendi</strong></span> <span class='ocrx_word' id='word_1_267' title='bbox 765 2989 1014 3072; x_wconf 89' lang='lat' dir='ltr'><strong>studio,</strong></span> <span class='ocrx_word' id='word_1_268' title='bbox 1055 3002 1130 3059; x_wconf 91' lang='lat' dir='ltr'><strong>ut</strong></span> <span class='ocrx_word' id='word_1_269' title='bbox 1161 2988 1535 3079; x_wconf 89' lang='lat' dir='ltr'><strong>praediola,</strong></span> <span class='ocrx_word' id='word_1_270' title='bbox 1565 2988 1665 3058; x_wconf 89' lang='lat' dir='ltr'><strong>vel</strong></span> <span class='ocrx_word' id='word_1_271' title='bbox 1716 2986 1974 3078; x_wconf 90' lang='lat' dir='ltr'><strong>agellos</strong></span> <span class='ocrx_word' id='word_1_272' title='bbox 2006 2986 2257 3055; x_wconf 82' lang='lat' dir='ltr'><strong>addere</strong></span> <span class='ocrx_word' id='word_1_273' title='bbox 2293 2986 2593 3076; x_wconf 88' lang='lat' dir='ltr'><strong>praediis</strong></span> <span class='ocrx_word' id='word_1_274' title='bbox 2635 2981 2910 3054; x_wconf 86' lang='lat' dir='ltr'><strong>ecclesiae</strong></span> 
     </span>
     <span class='ocr_line' id='line_1_32' title="bbox 423 3069 2909 3169; baseline -0.004 -21"><span class='ocrx_word' id='word_1_275' title='bbox 423 3091 745 3169; x_wconf 83' lang='lat' dir='ltr'><strong>perpetuo</strong></span> <span class='ocrx_word' id='word_1_276' title='bbox 794 3078 1134 3154; x_wconf 84' lang='lat' dir='ltr'><strong>studeret,</strong></span> <span class='ocrx_word' id='word_1_277' title='bbox 1187 3097 1325 3166; x_wconf 91' lang='lat' dir='ltr'><strong>quo</strong></span> <span class='ocrx_word' id='word_1_278' title='bbox 1375 3078 1443 3146; x_wconf 89' lang='lat' dir='ltr'><strong>in</strong></span> <span class='ocrx_word' id='word_1_279' title='bbox 1502 3099 1747 3167; x_wconf 85' lang='lat' dir='ltr'><strong>genere</strong></span> <span class='ocrx_word' id='word_1_280' title='bbox 1796 3076 2163 3163; x_wconf 90' lang='lat' dir='ltr'><strong>studioque</strong></span> <span class='ocrx_word' id='word_1_281' title='bbox 2209 3074 2470 3162; x_wconf 90' lang='lat' dir='ltr'><strong>aliquid</strong></span> <span class='ocrx_word' id='word_1_282' title='bbox 2527 3094 2761 3144; x_wconf 87' lang='lat' dir='ltr'><strong>eorum</strong></span> <span class='ocrx_word' id='word_1_283' title='bbox 2810 3069 2909 3162; x_wconf 60' lang='lat' dir='ltr'><strong>fera</strong></span> 
     </span>
     <span class='ocr_line' id='line_1_33' title="bbox 417 3163 2910 3256; baseline -0.004 -18"><span class='ocrx_word' id='word_1_284' title='bbox 417 3169 840 3238; x_wconf 65' lang='lat' dir='ltr'><strong>committere</strong></span> <span class='ocrx_word' id='word_1_285' title='bbox 880 3167 1255 3256; x_wconf 91' lang='lat' dir='ltr'><strong>oportebat,</strong></span> <span class='ocrx_word' id='word_1_286' title='bbox 1309 3166 1491 3253; x_wconf 91' lang='lat' dir='ltr'><strong>quod</strong></span> <span class='ocrx_word' id='word_1_287' title='bbox 1545 3165 1812 3255; x_wconf 86' lang='lat' dir='ltr'><strong>profani</strong></span> <span class='ocrx_word' id='word_1_288' title='bbox 1874 3164 2190 3233; x_wconf 87' lang='lat' dir='ltr'><strong>homines</strong></span> <span class='ocrx_word' id='word_1_289' title='bbox 2238 3163 2460 3232; x_wconf 86' lang='lat' dir='ltr'><strong>facere</strong></span> <span class='ocrx_word' id='word_1_290' title='bbox 2520 3163 2782 3241; x_wconf 89' lang='lat' dir='ltr'><strong>solent;</strong></span> <span class='ocrx_word' id='word_1_291' title='bbox 2824 3174 2910 3243; x_wconf 83' lang='lat' dir='ltr'><strong>qut</strong></span> 
     </span>
     <span class='ocr_line' id='line_1_34' title="bbox 416 3254 2909 3347; baseline -0.004 -27"><span class='ocrx_word' id='word_1_292' title='bbox 416 3279 786 3347; x_wconf 67' lang='lat' dir='ltr'><strong>vgenorum</strong></span> <span class='ocrx_word' id='word_1_293' title='bbox 819 3278 1020 3345; x_wconf 90' lang='lat' dir='ltr'><strong>saepe</strong></span> <span class='ocrx_word' id='word_1_294' title='bbox 1047 3255 1468 3336; x_wconf 89' lang='lat' dir='ltr'><strong>necessitate,</strong></span> <span class='ocrx_word' id='word_1_295' title='bbox 1502 3254 1586 3323; x_wconf 91' lang='lat' dir='ltr'><strong>ad</strong></span> <span class='ocrx_word' id='word_1_296' title='bbox 1628 3275 1832 3324; x_wconf 89' lang='lat' dir='ltr'><strong>suum</strong></span> <span class='ocrx_word' id='word_1_297' title='bbox 1866 3263 2255 3340; x_wconf 90' lang='lat' dir='ltr'><strong>quaestum,</strong></span> <span class='ocrx_word' id='word_1_298' title='bbox 2296 3274 2402 3321; x_wconf 89' lang='lat' dir='ltr'><strong>res</strong></span> <span class='ocrx_word' id='word_1_299' title='bbox 2440 3273 2678 3321; x_wconf 88' lang='lat' dir='ltr'><strong>eorum</strong></span> <span class='ocrx_word' id='word_1_300' title='bbox 2730 3265 2909 3318; x_wconf 89' lang='lat' dir='ltr'><strong>emen·</strong></span> 
     </span>
     <span class='ocr_line' id='line_1_35' title="bbox 417 3334 2910 3432; baseline -0.007 -18"><span class='ocrx_word' id='word_1_301' title='bbox 417 3349 531 3425; x_wconf 84' lang='lat' dir='ltr'><strong>dc,</strong></span> <span class='ocrx_word' id='word_1_302' title='bbox 584 3346 1001 3425; x_wconf 89' lang='lat' dir='ltr'><strong>abutuntur;</strong></span> <span class='ocrx_word' id='word_1_303' title='bbox 1075 3367 1155 3414; x_wconf 81' lang='lat' dir='ltr'><strong>ex</strong></span> <span class='ocrx_word' id='word_1_304' title='bbox 1224 3343 1599 3432; x_wconf 89' lang='lat' dir='ltr'><strong>cupiditate</strong></span> <span class='ocrx_word' id='word_1_305' title='bbox 1646 3354 1884 3412; x_wconf 91' lang='lat' dir='ltr'><strong>emunt</strong></span> <span class='ocrx_word' id='word_1_306' title='bbox 1948 3342 2231 3430; x_wconf 89' lang='lat' dir='ltr'><strong>majora,</strong></span> <span class='ocrx_word' id='word_1_307' title='bbox 2298 3362 2505 3428; x_wconf 88' lang='lat' dir='ltr'><strong>quam</strong></span> <span class='ocrx_word' id='word_1_308' title='bbox 2561 3354 2635 3409; x_wconf 88' lang='lat' dir='ltr'><strong>ut</strong></span> <span class='ocrx_word' id='word_1_309' title='bbox 2698 3334 2910 3429; x_wconf 88' lang='lat' dir='ltr'><strong>possint</strong></span> 
     </span>
     <span class='ocr_line' id='line_1_36' title="bbox 422 3429 2910 3524; baseline -0.004 -20"><span class='ocrx_word' id='word_1_310' title='bbox 422 3435 757 3523; x_wconf 85' lang='lat' dir='ltr'><strong>praesenti</strong></span> <span class='ocrx_word' id='word_1_311' title='bbox 799 3435 1094 3524; x_wconf 89' lang='lat' dir='ltr'><strong>pecunia</strong></span> <span class='ocrx_word' id='word_1_312' title='bbox 1123 3432 1511 3503; x_wconf 88' lang='lat' dir='ltr'><strong>satisfacere</strong></span> <span class='ocrx_word' id='word_1_313' title='bbox 1538 3487 1553 3513; x_wconf 93' lang='lat'><strong>,</strong></span> <span class='ocrx_word' id='word_1_314' title='bbox 1587 3445 1664 3501; x_wconf 91' lang='lat' dir='ltr'><strong>ut</strong></span> <span class='ocrx_word' id='word_1_315' title='bbox 1697 3452 1968 3521; x_wconf 88' lang='lat' dir='ltr'><strong>semper</strong></span> <span class='ocrx_word' id='word_1_316' title='bbox 1992 3430 2303 3511; x_wconf 89' lang='lat' dir='ltr'><strong>debeant,</strong></span> <span class='ocrx_word' id='word_1_317' title='bbox 2342 3429 2652 3515; x_wconf 89' lang='lat' dir='ltr'><strong>aliasque</strong></span> <span class='ocrx_word' id='word_1_318' title='bbox 2693 3439 2910 3512; x_wconf 83' lang='lat' dir='ltr'><strong>semper</strong></span> 
     </span>
     <span class='ocr_line' id='line_1_37' title="bbox 414 3519 2908 3610; baseline -0.004 -20"><span class='ocrx_word' id='word_1_319' title='bbox 414 3547 494 3594; x_wconf 75' lang='lat' dir='ltr'><strong>co</strong></span> <span class='ocrx_word' id='word_1_320' title='bbox 546 3536 752 3594; x_wconf 90' lang='lat' dir='ltr'><strong>antur</strong></span> <span class='ocrx_word' id='word_1_321' title='bbox 784 3543 1127 3592; x_wconf 89' lang='lat' dir='ltr'><strong>reservare</strong></span> <span class='ocrx_word' id='word_1_322' title='bbox 1164 3521 1513 3610; x_wconf 87' lang='lat' dir='ltr'><strong>pecunias;</strong></span> <span class='ocrx_word' id='word_1_323' title='bbox 1569 3520 1856 3589; x_wconf 90' lang='lat' dir='ltr'><strong>minoris</strong></span> <span class='ocrx_word' id='word_1_324' title='bbox 1891 3519 2238 3588; x_wconf 88' lang='lat' dir='ltr'><strong>interdum</strong></span> <span class='ocrx_word' id='word_1_325' title='bbox 2287 3530 2550 3598; x_wconf 89' lang='lat' dir='ltr'><strong>emunt,</strong></span> <span class='ocrx_word' id='word_1_326' title='bbox 2605 3537 2800 3603; x_wconf 88' lang='lat' dir='ltr'><strong>quam</strong></span> <span class='ocrx_word' id='word_1_327' title='bbox 2834 3527 2908 3578; x_wconf 80' lang='lat' dir='ltr'><strong>res</strong></span> 
     </span>
     <span class='ocr_line' id='line_1_38' title="bbox 419 3599 2906 3701; baseline -0.005 -25"><span class='ocrx_word' id='word_1_328' title='bbox 419 3636 494 3682; x_wconf 75' lang='lat' dir='ltr'><strong>va</strong></span> <span class='ocrx_word' id='word_1_329' title='bbox 526 3625 654 3693; x_wconf 88' lang='lat' dir='ltr'><strong>eat,</strong></span> <span class='ocrx_word' id='word_1_330' title='bbox 710 3611 795 3681; x_wconf 91' lang='lat' dir='ltr'><strong>de</strong></span> <span class='ocrx_word' id='word_1_331' title='bbox 844 3609 1244 3680; x_wconf 88' lang='lat' dir='ltr'><strong>redimenda</strong></span> <span class='ocrx_word' id='word_1_332' title='bbox 1296 3632 1365 3679; x_wconf 89' lang='lat' dir='ltr'><strong>re</strong></span> <span class='ocrx_word' id='word_1_333' title='bbox 1400 3610 1847 3701; x_wconf 87' lang='lat' dir='ltr'><strong>paciscentes;</strong></span> <span class='ocrx_word' id='word_1_334' title='bbox 1902 3607 2108 3695; x_wconf 87' lang='lat' dir='ltr'><strong>idque</strong></span> <span class='ocrx_word' id='word_1_335' title='bbox 2155 3606 2239 3675; x_wconf 90' lang='lat' dir='ltr'><strong>ad</strong></span> <span class='ocrx_word' id='word_1_336' title='bbox 2295 3607 2625 3695; x_wconf 88' lang='lat' dir='ltr'><strong>majorem</strong></span> <span class='ocrx_word' id='word_1_337' title='bbox 2684 3599 2906 3673; x_wconf 86' lang='lat' dir='ltr'><strong>interim</strong></span> 
     </span>
     <span class='ocr_line' id='line_1_39' title="bbox 423 3695 2910 3786; baseline -0.005 -15"><span class='ocrx_word' id='word_1_338' title='bbox 423 3703 751 3783; x_wconf 62' lang='lat' dir='ltr'><strong>pecuniae</strong></span> <span class='ocrx_word' id='word_1_339' title='bbox 808 3698 1152 3781; x_wconf 87' lang='lat' dir='ltr'><strong>fructum,</strong></span> <span class='ocrx_word' id='word_1_340' title='bbox 1204 3720 1381 3786; x_wconf 91' lang='lat' dir='ltr'><strong>quae</strong></span> <span class='ocrx_word' id='word_1_341' title='bbox 1429 3698 1708 3786; x_wconf 88' lang='lat' dir='ltr'><strong>quidem</strong></span> <span class='ocrx_word' id='word_1_342' title='bbox 1773 3697 2174 3785; x_wconf 88' lang='lat' dir='ltr'><strong>saepissime</strong></span> <span class='ocrx_word' id='word_1_343' title='bbox 2232 3708 2394 3764; x_wconf 88' lang='lat' dir='ltr'><strong>sunt</strong></span> <span class='ocrx_word' id='word_1_344' title='bbox 2459 3695 2701 3773; x_wconf 60' lang='grc' dir='ltr'><strong><em>ἂνω-ἦε,</em></strong></span> <span class='ocrx_word' id='word_1_345' title='bbox 2751 3702 2910 3780; x_wconf 68' lang='lat' dir='ltr'><strong>atque</strong></span> 
     </span>
     <span class='ocr_line' id='line_1_40' title="bbox 417 3782 2908 3881; baseline -0.007 -23"><span class='ocrx_word' id='word_1_346' title='bbox 417 3791 755 3881; x_wconf 89' lang='lat' dir='ltr'><strong>improbis</strong></span> <span class='ocrx_word' id='word_1_347' title='bbox 799 3787 1184 3879; x_wconf 88' lang='lat' dir='ltr'><strong>turpissimi</strong></span> <span class='ocrx_word' id='word_1_348' title='bbox 1236 3801 1566 3875; x_wconf 88' lang='lat' dir='ltr'><strong>quaestus</strong></span> <span class='ocrx_word' id='word_1_349' title='bbox 1629 3788 2140 3876; x_wconf 89' lang='lat' dir='ltr'><strong>integumenta;</strong></span> <span class='ocrx_word' id='word_1_350' title='bbox 2213 3785 2455 3871; x_wconf 87' lang='lat' dir='ltr'><strong>vixque</strong></span> <span class='ocrx_word' id='word_1_351' title='bbox 2505 3782 2735 3851; x_wconf 87' lang='lat' dir='ltr'><strong>multis</strong></span> <span class='ocrx_word' id='word_1_352' title='bbox 2778 3794 2908 3846; x_wconf 86' lang='lat' dir='ltr'><strong>asst-</strong></span> 
     </span>
     <span class='ocr_line' id='line_1_41' title="bbox 419 3870 2907 3967; baseline -0.005 -20"><span class='ocrx_word' id='word_1_353' title='bbox 419 3882 645 3967; x_wconf 75' lang='lat' dir='ltr'><strong>gnatis</strong></span> <span class='ocrx_word' id='word_1_354' title='bbox 694 3876 1231 3957; x_wconf 80' lang='lat' dir='ltr'><strong>conditionibu5‚</strong></span> <span class='ocrx_word' id='word_1_355' title='bbox 1270 3899 1307 3945; x_wconf 95' lang='lat' dir='ltr'><strong>a</strong></span> <span class='ocrx_word' id='word_1_356' title='bbox 1348 3877 1533 3964; x_wconf 86' lang='lat' dir='ltr'><strong>juris</strong></span> <span class='ocrx_word' id='word_1_357' title='bbox 1580 3874 1754 3944; x_wconf 91' lang='lat' dir='ltr'><strong>sacri</strong></span> <span class='ocrx_word' id='word_1_358' title='bbox 1793 3874 2026 3964; x_wconf 90' lang='lat' dir='ltr'><strong>peritis</strong></span> <span class='ocrx_word' id='word_1_359' title='bbox 2070 3887 2358 3964; x_wconf 88' lang='lat' dir='ltr'><strong>possunt</strong></span> <span class='ocrx_word' id='word_1_360' title='bbox 2392 3873 2653 3960; x_wconf 91' lang='lat' dir='ltr'><strong>laqueis</strong></span> <span class='ocrx_word' id='word_1_361' title='bbox 2697 3870 2907 3961; x_wconf 61' lang='lat' dir='ltr'><strong>impro-</strong></span> 
     </span>
     <span class='ocr_line' id='line_1_42' title="bbox 420 3956 2902 4058; baseline -0.004 -21"><span class='ocrx_word' id='word_1_362' title='bbox 420 3970 650 4037; x_wconf 90' lang='lat' dir='ltr'><strong>bitatis</strong></span> <span class='ocrx_word' id='word_1_363' title='bbox 689 3966 1038 4058; x_wconf 85' lang='lat' dir='ltr'><strong>expediri:</strong></span> <span class='ocrx_word' id='word_1_364' title='bbox 1078 3987 1350 4055; x_wconf 90' lang='lat' dir='ltr'><strong>semper</strong></span> <span class='ocrx_word' id='word_1_365' title='bbox 1376 3987 1531 4034; x_wconf 90' lang='lat' dir='ltr'><strong>vero</strong></span> <span class='ocrx_word' id='word_1_366' title='bbox 1580 3963 2048 4051; x_wconf 90' lang='lat' dir='ltr'><strong>suspicionem</strong></span> <span class='ocrx_word' id='word_1_367' title='bbox 2088 3984 2223 4031; x_wconf 91' lang='lat' dir='ltr'><strong>non</strong></span> <span class='ocrx_word' id='word_1_368' title='bbox 2260 3960 2483 4031; x_wconf 88' lang='lat' dir='ltr'><strong>solum</strong></span> <span class='ocrx_word' id='word_1_369' title='bbox 2534 3956 2902 4051; x_wconf 66' lang='lat' dir='ltr'><strong>cupiditatis,</strong></span> 
     </span>
     <span class='ocr_line' id='line_1_43' title="bbox 421 4050 2902 4157; baseline -0.003 -34"><span class='ocrx_word' id='word_1_370' title='bbox 421 4057 541 4126; x_wconf 84' lang='lat' dir='ltr'><strong>sed</strong></span> <span class='ocrx_word' id='word_1_371' title='bbox 590 4057 791 4125; x_wconf 90' lang='lat' dir='ltr'><strong>etiam</strong></span> <span class='ocrx_word' id='word_1_372' title='bbox 868 4055 1112 4157; x_wconf 87' lang='lat' dir='ltr'><strong>flagitii</strong></span> <span class='ocrx_word' id='word_1_373' title='bbox 1162 4054 1400 4124; x_wconf 90' lang='lat' dir='ltr'><strong>merito</strong></span> <span class='ocrx_word' id='word_1_374' title='bbox 1477 4064 1772 4122; x_wconf 90' lang='lat' dir='ltr'><strong>movent.</strong></span> <span class='ocrx_word' id='word_1_375' title='bbox 1841 4051 2002 4138; x_wconf 81' lang='lat' dir='ltr'><strong>Ejus</strong></span> <span class='ocrx_word' id='word_1_376' title='bbox 2069 4051 2280 4141; x_wconf 88' lang='lat' dir='ltr'><strong>igitur</strong></span> <span class='ocrx_word' id='word_1_377' title='bbox 2341 4050 2612 4140; x_wconf 87' lang='lat' dir='ltr'><strong>generis</strong></span> <span class='ocrx_word' id='word_1_378' title='bbox 2661 4053 2902 4134; x_wconf 79' lang='lat' dir='ltr'><strong>negotia·</strong></span> 
     </span>
     <span class='ocr_line' id='line_1_44' title="bbox 418 4129 2905 4233; baseline -0.008 -20"><span class='ocrx_word' id='word_1_379' title='bbox 418 4166 576 4214; x_wconf 84' lang='lat' dir='ltr'><strong>cum</strong></span> <span class='ocrx_word' id='word_1_380' title='bbox 610 4144 696 4213; x_wconf 90' lang='lat' dir='ltr'><strong>ab</strong></span> <span class='ocrx_word' id='word_1_381' title='bbox 727 4144 1135 4214; x_wconf 79' lang='lat' dir='ltr'><strong>administro</strong></span> <span class='ocrx_word' id='word_1_382' title='bbox 1166 4165 1290 4213; x_wconf 90' lang='lat' dir='ltr'><strong>suo</strong></span> <span class='ocrx_word' id='word_1_383' title='bbox 1325 4155 1514 4233; x_wconf 88' lang='lat' dir='ltr'><strong>gesta</strong></span> <span class='ocrx_word' id='word_1_384' title='bbox 1550 4141 1832 4211; x_wconf 89' lang='lat' dir='ltr'><strong>Carolus</strong></span> <span class='ocrx_word' id='word_1_385' title='bbox 1881 4139 2245 4220; x_wconf 90' lang='lat' dir='ltr'><strong>resciisset,</strong></span> <span class='ocrx_word' id='word_1_386' title='bbox 2274 4152 2339 4208; x_wconf 90' lang='lat' dir='ltr'><strong>et</strong></span> <span class='ocrx_word' id='word_1_387' title='bbox 2386 4160 2466 4207; x_wconf 85' lang='lat' dir='ltr'><strong>ex</strong></span> <span class='ocrx_word' id='word_1_388' title='bbox 2494 4129 2905 4227; x_wconf 85' lang='lat' dir='ltr'><strong>emptionibus</strong></span> 
     </span>
     <span class='ocr_line' id='line_1_45' title="bbox 421 4213 2904 4319; baseline -0.006 -20"><span class='ocrx_word' id='word_1_389' title='bbox 421 4232 836 4319; x_wconf 77' lang='lat' dir='ltr'><strong>quibusdam</strong></span> <span class='ocrx_word' id='word_1_390' title='bbox 878 4233 1106 4302; x_wconf 89' lang='lat' dir='ltr'><strong>adhuc</strong></span> <span class='ocrx_word' id='word_1_391' title='bbox 1142 4232 1436 4300; x_wconf 90' lang='lat' dir='ltr'><strong>multum</strong></span> <span class='ocrx_word' id='word_1_392' title='bbox 1470 4231 1728 4310; x_wconf 89' lang='lat' dir='ltr'><strong>deberi,</strong></span> <span class='ocrx_word' id='word_1_393' title='bbox 1772 4229 2230 4316; x_wconf 89' lang='lat' dir='ltr'><strong>quodtenues</strong></span> <span class='ocrx_word' id='word_1_394' title='bbox 2279 4227 2596 4296; x_wconf 90' lang='lat' dir='ltr'><strong>homines</strong></span> <span class='ocrx_word' id='word_1_395' title='bbox 2626 4213 2904 4312; x_wconf 82' lang='lat' dir='ltr'><strong>exigendo</strong></span> 
     </span>
     <span class='ocr_line' id='line_1_46' title="bbox 424 4311 2866 4410; baseline -0.003 -24"><span class='ocrx_word' id='word_1_396' title='bbox 424 4319 996 4410; x_wconf 80' lang='lat' dir='ltr'><strong>‹lefatigarentur,</strong></span> <span class='ocrx_word' id='word_1_397' title='bbox 1063 4341 1483 4407; x_wconf 89' lang='lat' dir='ltr'><strong>quamquam</strong></span> <span class='ocrx_word' id='word_1_398' title='bbox 1537 4318 1708 4388; x_wconf 83' lang='lat' dir='ltr'><strong>nihil</strong></span> <span class='ocrx_word' id='word_1_399' title='bbox 1763 4317 2074 4408; x_wconf 90' lang='lat' dir='ltr'><strong>improbe</strong></span> <span class='ocrx_word' id='word_1_400' title='bbox 2121 4328 2545 4386; x_wconf 89' lang='lat' dir='ltr'><strong>contractum</strong></span> <span class='ocrx_word' id='word_1_401' title='bbox 2594 4311 2774 4402; x_wconf 88' lang='lat' dir='ltr'><strong>argui</strong></span> <span class='ocrx_word' id='word_1_402' title='bbox 2857 4391 2866 4399; x_wconf 29' lang='lat'><em>⁶</em></span> 
     </span>
     <span class='ocr_line' id='line_1_47' title="bbox 425 4405 2897 4488; baseline -0.004 -11"><span class='ocrx_word' id='word_1_403' title='bbox 425 4418 631 4488; x_wconf 85' lang='lat' dir='ltr'><strong>terat,</strong></span> <span class='ocrx_word' id='word_1_404' title='bbox 686 4429 957 4477; x_wconf 87' lang='lat' dir='ltr'><strong>summo</strong></span> <span class='ocrx_word' id='word_1_405' title='bbox 1014 4421 1240 4477; x_wconf 90' lang='lat' dir='ltr'><strong>tamen</strong></span> <span class='ocrx_word' id='word_1_406' title='bbox 1305 4407 1538 4477; x_wconf 88' lang='lat' dir='ltr'><strong>dolore</strong></span> <span class='ocrx_word' id='word_1_407' title='bbox 1597 4408 1925 4488; x_wconf 82' lang='lat' dir='ltr'><strong>affectus,</strong></span> <span class='ocrx_word' id='word_1_408' title='bbox 1992 4407 2342 4476; x_wconf 89' lang='lat' dir='ltr'><strong>hominem</strong></span> <span class='ocrx_word' id='word_1_409' title='bbox 2413 4418 2643 4481; x_wconf 88' lang='lat' dir='ltr'><strong>vocat,</strong></span> <span class='ocrx_word' id='word_1_410' title='bbox 2708 4405 2897 4467; x_wconf 68' lang='lat' dir='ltr'><strong>mutls</strong></span> 
     </span>
    </p>
   </div>
   <div class='ocr_carea' id='block_1_3' title="bbox 2936 3718 2939 4612">
    <p class='ocr_par' dir='ltr' id='par_1_3' title="bbox 2936 3718 2939 4612">
     <span class='ocr_line' id='line_1_48' title="bbox 2936 3718 2939 4612; baseline 0 0"><span class='ocrx_word' id='word_1_411' title='bbox 2936 3718 2939 4612; x_wconf 95' lang='lat' dir='ltr'><strong> </strong></span> 
     </span>
    </p>
   </div>
  </div>
 </body>
</html>
