2993 4837
51 346 202 413 NOV.
259 346 335 411 te
937 365 1116 438 nss‘s.
1172 365 1447 412 manno
1500 363 1664 410 rapx
2360 350 2488 414 437

51 453 290 519 morer?
337 460 491 538 post
523 448 677 518 dies
714 461 886 528 oct0,
925 449 1249 519 defuncto
1282 449 1516 528 Paulo,
1558 448 1882 549 dirigitur
1921 449 2007 518 ab
2042 454 2459 540 Imperatore
2490 453 2577 521 ad

47 540 550 628 magnanimum
604 544 858 626 Papam
910 538 1299 618 Martinum‚
1345 539 1464 625 qui
1520 538 1646 607 suit
1704 560 1770 605 ιη
1830 537 2141 607 custodia
2184 539 2571 611 Diomedis:

19 622 283 718 :legatus
332 642 567 697 autern
612 626 743 695 fuit
795 627 1276 697 Demosthenes
1326 627 1691 716 rescriptor
1743 640 1823 696 et·
1855 627 2308 697 collaborator
2358 629 2576 698 sacel-

19 704 221 805 statii,
284 732 347 785 et
409 715 860 785 Libelthisius
907 739 1063 784 cum
1122 739 1221 785 eo.
1277 721 1617 785 Intrantes
1667 738 1820 785 vero
1868 716 2190 785 dixerunt
2229 717 2310 785 ad
2355 741 2515 787 eum
2554 742 2567 786 :

19 805 484 875 ⁷«Dominator
523 816 760 874 noster
804 804 1097 873 eximius
1152 809 1529 893 Imperator
1579 805 1765 874 misit
1824 827 1944 873 nos
1996 805 2079 874 ad
2133 818 2242 888 te,
2289 806 2568 876 dicens:

43 897 187 963 Ecce
242 895 309 962 in
361 906 630 981 quanta
680 893 898 983 gloria
944 894 1263 976 existenS,
1315 893 1384 961 in
1421 892 1695 980 qualem
1737 893 2049 961 ordinem
2103 895 2395 983 teipsum
2449 895 2577 965 du-

41 983 222 1050 xisti?
267 988 477 1052 Nemo
529 982 656 1051 tibi
706 981 863 1050 fecit
908 981 1060 1061 hoc,
1103 982 1220 1050 sed
1278 983 1502 1071 tuipse
1552 983 1978 1072 tibimetipsi.
2037 1006 2071 1049 »
2123 988 2277 1072 Ipse
2339 997 2569 1054 autem

49 1071 291 1141 nullum
341 1071 537 1141 aliud
595 1092 1004 1160 responsum
1067 1071 1254 1139 dedit
1304 1072 1435 1139 nisi
1485 1071 1709 1139 solum
1765 1072 1933 1140 hoc:
2003 1095 2037 1137 «
2087 1072 2356 1153 Gloria,
2419 1096 2577 1164 gra-

45 1162 264 1229 tiarum
316 1162 497 1231 actio
550 1182 674 1249 per
721 1159 956 1227 omnia
1004 1158 1132 1227 soli
1181 1160 1554 1227 immortali
1616 1160 1803 1250 Regi.
1843 1187 1865 1221 ι)
1911 1160 2081 1228 Dicit
2112 1161 2197 1228 ad
2239 1183 2395 1229 eum
2448 1168 2576 1230 De—

49 1251 411 1319 mosthenes
447 1249 866 1339 rescriptor:
925 1271 958 1314 «
995 1248 1423 1337 Significabit
1456 1249 1574 1317 tibi
1629 1253 2007 1338 Imperator
2038 1250 2189 1331 ista,
2230 1250 2341 1317 dic
2377 1251 2576 1320 nobis

48 1358 109 1405 ea
137 1361 300 1424 quae
338 1362 377 1407 a
411 1338 683 1428 Pyrrho
720 1338 829 1405 hic
868 1349 932 1405 et
966 1341 1218 1406 Romae
1257 1337 1777 1423 subsequenter,
1818 1351 2007 1426 gesta
2041 1353 2223 1407 sunt.
2280 1345 2404 1406 Pro
2438 1362 2575 1425 qua

47 1446 227 1495 causa
274 1427 444 1496 abiit
495 1433 815 1505 Romam,
853 1426 1118 1515 jussus,
1176 1448 1260 1494 an
1301 1427 1574 1515 proprio
1611 1428 2008 1515 proposito?
2041 1449 2074 1492 »
2127 1428 2574 1517 Respondens

47 1530 296 1585 sanctus
327 1522 513 1605 Papa
552 1515 763 1583 dixit:
819 1537 854 1579 «
885 1515 1166 1670 Profprio
1209 1515 1581 1604 proposit0.
1622 1538 1656 1581 »
1688 1518 1790 1584 Ait
1833 1517 2350 1585 Demosthenes:
2397 1540 2431 1581 «
2472 1518 2575 1585 Li-

47 1600 272 1673 bellum
325 1605 527 1674 illum
595 1603 938 1690 quomodo
1021 1603 1198 1672 ecit?
1258 1603 1710 1692 compellente
1770 1604 2058 1691 aliquo?
2097 1632 2119 1666 2>
2196 1606 2575 1693 Respondit

47 1708 296 1762 sanctus
345 1695 494 1761 vir:
554 1716 589 1757 <‹
627 1694 906 1762 Nemine
956 1691 1440 1781 compellente,
1499 1693 1613 1761 sed
1674 1696 1951 1781 propria
2015 1695 2569 1783 propositione.»

51 1782 508 1851 Demosthenes
559 1781 828 1867 inquit:
884 1804 920 1845 «
955 1782 1276 1849 Veniente
1315 1782 1576 1869 Pyrrho
1632 1787 1964 1859 Romam,
2019 1784 2364 1868 quomodo
2412 1805 2571 1852 eum

48 1871 315 1959 suscepit
362 1883 653 1940 sanctus
697 1870 795 1937 vir
833 1868 1226 1938 Theodorus
1263 1870 1744 1958 praedecessor
1795 1875 2003 1939 tuus?
2037 1896 2070 1936 »
2114 1872 2283 1940 Dixit
2318 1894 2573 1957 aequa-

43 1957 252 2028 nimus
293 1966 515 2050 Papa:
573 1980 608 2023 «
644 1958 744 2026 Uti
780 1959 1191 2047 Episcopum
1226 1958 1494 2028 decuit:
1539 1971 1602 2027 et
1632 1959 1978 2044 quomodo
2016 1981 2311 2047 namque
2349 1961 2574 2049 prius-

50 2064 225 2201 3uam
277 2050 540 2117 veniret
603 2047 907 2135 Pyrrhus
966 2053 1250 2115 Romam
1318 2047 1675 2116 manifeste
1724 2047 1997 2135 scripsit
2058 2049 2297 2117 beatus
2358 2050 2572 2117 Theo-

90 2157 228 2204 orus
273 2138 355 2206 ad
413 2134 736 2215 Paulum,
792 2148 1024 2223 utpote
1063 2137 1146 2205 ad
1198 2158 1354 2204 eum
1413 2138 1533 2223 qui
1585 2136 2208 2224 supplantationem
2256 2137 2455 2217 fecit,
2511 2150 2576 2205 et

55 2221 297 2295 alterius
345 2226 682 2294 thronum
736 2224 1035 2292 invasit?
1085 2224 1332 2293 deinde
1373 2238 1625 2305 autem,
1682 2225 1991 2293 veniente
2039 2224 2275 2293 eodem
2314 2225 2573 2313 Pyrrho

59 2314 301 2383 Romam
352 2328 604 2415 sponte
652 2335 775 2380 sua
824 2312 909 2380 ad
962 2314 1240 2403 vestigia
1295 2315 1464 2383 beati
1501 2314 1699 2392 Petri,
1738 2313 2083 2400 quomodo
2118 2336 2252 2382 non
2292 2314 2571 2382 haberet

53 2418 182 2470 eum
230 2424 588 2494 suscipere
637 2401 1116 2490 praedecessor
1157 2426 1350 2471 meus
1400 2408 1577 2492 Papa
1638 2402 2031 2472 Theodorus
2064 2457 2078 2476 .
2132 2416 2363 2492 utpote
2413 2403 2572 2492 Epi—

52 2493 424 2579 scopum?»
479 2491 930 2579 Respondens
985 2492 1464 2560 Demosthenes
1512 2493 1721 2560 dixit:
1790 2520 1813 2556 «ι
1855 2497 2016 2561 Vere
2061 2493 2303 2561 veritas
2353 2493 2450 2561 sic
2501 2515 2574 2561 se

35 2575 243 2654 habet.
299 2581 497 2650 Unde
535 2592 759 2649 autem
814 2581 1128 2649 sumebat
1173 2603 1252 2648 ea
1283 2602 1461 2666 quae
1509 2581 1591 2648 ad
1644 2603 1849 2650 usum
1894 2582 2000 2650 sui
2043 2581 2350 2670 corporis
2380 2594 2575 2649 erant

55 2672 448 2739 necessaria?
491 2692 526 2734 »
558 2668 730 2737 Dixit
761 2668 999 2738 beatus
1030 2669 1384 2739 Martinus:
1421 2693 1454 2735 «
1487 2670 1836 2739 Manifeste
1874 2669 1958 2738 de
1992 2671 2410 2739 Patriarchio
2444 2676 2575 2738 Ro-

55 2773 251 2826 mano.
301 2784 336 2824 »
387 2759 494 2827 Ait
535 2769 1002 2826 concertator:
1050 2782 1084 2824 «
1114 2757 1350 2840 Qualis
1387 2759 1586 2846 panis
1634 2758 1925 2827 dabatur
1964 2760 2080 2827 ei?
2112 2783 2148 2825 »
2199 2759 2576 2849 Respondit

39 2839 262 2916 ‚beatus
295 2848 675 2917 Martinus:
708 2869 742 2911 «
775 2850 848 2914 Et
883 2868 996 2914 vos
1039 2848 1314 2915 nescitis
1349 2847 1718 2916 Ecclesiam
1760 2853 2181 2917 Romanam?
2212 2849 2365 2917 dico
2391 2849 2576 2917 enim

55 2934 188 3016 quia
235 2935 558 3023 quisquis
609 2935 788 3003 venit
836 2935 1001 3003 illuc
1065 2935 1476 3004 miserabilis
1529 2935 1731 3004 horno
1789 2936 2165 3025 hospitari,
2211 2938 2442 3006 omnia
2492 2937 2578 3004 ad

57 3039 228 3092 usum
268 3027 690 3113 praebentur
734 3023 818 3102 ei,
876 3035 941 3092 et
990 3023 1257 3092 nullum
1300 3026 1680 3093 immunem
1720 3025 1863 3092 suis
1912 3024 2111 3094 donis
2147 3041 2425 3096 sanctus
2459 3032 2575 3094 Pe-

60 3115 179 3180 trus
211 3112 477 3199 repellit
511 3111 675 3181 illuc
711 3112 1154 3194 venientium,
1196 3112 1310 3180 sed
1367 3114 1564 3202 panis
1616 3113 2144 3191 mundissimuS,
2183 3128 2247 3182 et
2281 3117 2432 3182 vina
2470 3115 2575 3182 di—

59 3217 221 3269 versa
266 3203 525 3271 dantur
572 3201 681 3280 ei,
737 3222 867 3268 non
923 3200 1144 3268 solum
1197 3213 1424 3270 autem
1478 3201 1603 3282 illi,
1662 3200 1777 3269 sed
1836 3215 1900 3269 et
1949 3201 2345 3270 hominibus
2394 3202 2568 3288 esus.

58 3286 110 3353 Si
153 3310 303 3380 ergo
352 3292 422 3358 in
482 3289 904 3379 pauperibus
967 3290 1094 3358 ista
1146 3290 1365 3370 fiunt,
1429 3291 1549 3376 qui
1606 3291 1787 3359 venit
1832 3290 2035 3359 etiam
2096 3291 2426 3359 honorabi
2465 3291 2569 3370 is,

57 3373 207 3445 sicut
260 3381 684 3468 EpiscopuS,
739 3378 1010 3465 qualem
1064 3392 1416 3468 sumptum
1481 3380 1684 3448 habet
1745 3379 2141 3478 suscipere?
2184 3402 2217 3443 »
2274 3379 2441 3447 Dicit
2489 3379 2573 3447 ad

55 3481 186 3532 eum
225 3468 750 3536 Demosthenes:
808 3490 842 3532 «
876 3467 1180 3535 Dicimus
1221 3489 1344 3537 nos
1394 3466 1572 3536 sicut
1621 3480 1684 3535 et
1732 3467 2146 3546 audivimUS,
2193 3467 2355 3552 quia
2408 3472 2571 3555 Pyr-

59 3549 201 3621 rhus
248 3557 307 3623 vi
358 3556 515 3625 fecit
546 3555 858 3626 libellum
913 3560 1187 3636 Romae,
1231 3569 1295 3624 et
1333 3555 1496 3642 quia
1534 3555 1758 3644 lignea
1792 3555 2064 3624 vincula
2101 3556 2452 3635 sustinuit,
2508 3567 2572 3623 et

57 3641 239 3710 multa
280 3644 576 3713 dolenda
611 3667 854 3734 passus
884 3657 1006 3724 est,
1047 3658 1111 3712 et
1143 3644 1211 3712 in
1249 3644 1547 3712 armario
1572 3645 1894 3714 'reclusus
1927 3643 2074 3714 fuit.
2116 3668 2150 3709 »
2197 3643 2573 3732 Respondit

57 3742 305 3799 sanctus
345 3734 698 3813 Martium,
735 3745 799 3801 et
831 3732 1032 3800 dixit:
1095 3762 1116 3794 e«
1153 3733 1332 3803 Nihil
1379 3733 1507 3801 tale
1542 3732 1794 3803 factum
1835 3748 1979 3804 est:
2039 3754 2195 3801 nam
2240 3732 2374 3800 nisi
2408 3732 2572 3819 quia

57 3811 390 3889 formidine
421 3821 632 3907 aliqui
669 3833 1005 3902 tenentur,
1041 3834 1105 3889 et
1137 3844 1269 3891 non
1309 3835 1595 3911 possunt
1640 3822 1819 3908 loqui
1857 3824 2226 3900 veritatem,
2267 3822 2376 3891 hic
2409 3835 2573 3890 sunt

59 3905 610 3999 §costantinopoli
661 3909 967 4000 plurimi,
1024 3911 1143 3997 qui
1196 3923 1356 3980 tunc
1416 3923 1609 3980 erant
1666 3916 1937 3991 Romae,
2002 3924 2066 3979 et
2115 3910 2341 3979 sciunt
2396 3931 2574 3997 quae

21 3989 137 4082 ¹tbi
183 4010 364 4084 gesta
421 4013 616 4067 sunt:
670 4021 748 4067 ex
796 3999 1052 4086 quibus
1107 4000 1376 4068 interim
1432 4012 1742 4089 superest
1794 3999 1974 4067 Plato
2016 3999 2398 4089 patricius,
2453 3999 2573 4085 qui

21 4091 22 4096 ’
63 4089 199 4150 tunc
244 4086 577 4155 exarchus
623 4100 812 4168 erat,
867 4088 1125 4173 quique
1170 4088 1415 4156 direxit
1466 4099 1630 4157 tunc
1699 4088 2010 4157 homines
2059 4111 2221 4156 suos
2272 4088 2355 4155 ad
2408 4094 2571 4175 Pyr-

66 4165 236 4238 rhum
266 4178 548 4243 Romam
583 4200 596 4238 :
680 4176 1129 4244 ercontamini
1160 4199 1318 4245 eum
1353 4175 1436 4244 de
1471 4177 1603 4256 his,
1645 4177 1700 4245 si
1741 4177 2051 4244 mentior.
2091 4183 2568 4245 Verumtamen

67 4258 204 4338 quid
237 4263 550 4331 volumus
590 4285 625 4350 p
663 4265 879 4332 urima
916 4269 1299 4350 quaerere?
1327 4287 1480 4333 ecce
1517 4268 1584 4333 in
1626 4265 1947 4333 manibus
1990 4266 2229 4334 vestris
2270 4265 2574 4335 retinetis

19 4391 20 4394 κ
71 4363 194 4424 me,
235 4351 716 4436 quodcumque
773 4352 977 4420 vultis
1029 4355 1095 4421 in
1154 4376 1259 4421 me
1315 4367 1813 4422 consummate.
1870 4359 1999 4421 Deo
2051 4354 2450 4444 indulgente
2500 4355 2568 4422 in

75 4447 254 4504 vestra
292 4453 387 4508 est
430 4452 800 4529 potestate:
840 4442 1078 4527 utique
1127 4443 1184 4510 si
1237 4442 1672 4510 membratim
1728 4442 2032 4512 inciditis
2080 4465 2322 4515 carnes
2359 4466 2566 4522 mea5‚
2776 4459 2851 4512 f
