2993 4837
520 317 644 382 374
1295 333 1373 378 DE
1421 333 1478 378 s.
1532 330 1862 379 Tnnonoao
1912 331 2103 378 mar.
2686 311 2830 377 NOV.
2874 313 2915 376 9

431 417 861 487 adumbratis
903 437 1055 485 vera
1104 428 1172 484 et
1220 414 1438 485 solida
1489 416 1808 505 cogitato,
1854 415 2024 498 Quis
2070 436 2150 483 ex
2199 414 2283 483 iis
2345 414 2469 501 qui
2519 412 2694 503 apud
2737 414 2921 483 homi·

431 527 550 575 nes
604 505 881 576 fuerunt
933 504 1512 585 excellentissimi,
1567 503 1970 594 hujusmodi
2023 503 2492 573 monumentis
2539 502 2923 572 celebratur?

432 594 599 677 Quis
647 615 885 663 eorum
939 599 1463 682 Imperatorum,
1500 593 1618 680 qui
1672 593 2179 663 munitissimas
2221 593 2428 661 urbes
2458 604 2917 682 expugnarunt,

431 683 552 770 qui
586 695 820 772 gentes
854 681 1399 752 innumerabiles
1448 682 1897 772 subegerunt,
1938 682 2024 750 ita
2058 680 2461 761 decantatus
2502 694 2623 760 est,
2658 694 2730 749 ut
2763 679 2928 747 miles

433 772 545 841 hic
597 793 878 861 pauper,
931 772 1049 858 qui
1103 792 1324 860 nuper
1369 783 1515 839 erat
1561 772 1629 838 in
1687 770 2002 839 militiam
2053 770 2408 849 adscimS‚
2465 791 2666 856 quem
2714 768 2930 837 Paulus

432 861 767 941 armavit,
836 881 1040 946 quem
1091 858 1323 950 Angeli
1375 859 1458 927 ad
1512 872 1856 927 certamen
1908 870 2304 939 unxerunt,
2372 879 2577 945 quem
2653 857 2928 926 victorem

431 949 741 1018 Christus
772 948 1163 1018 coronavit?
1215 953 1458 1017 Verum
1510 949 1675 1035 quia
1722 947 2016 1017 dicendo
2064 947 2148 1016 ad
2203 947 2520 1037 Martyris
2556 968 2801 1035 pugnas
2831 968 2929 1033 ap·

429 1038 1075 1127 propinquavimus,
1115 1058 1240 1127 age
1288 1036 1712 1126 singularem
1766 1036 1851 1106 de
1883 1037 2034 1126 ipso
2068 1058 2454 1106 sermonem
2490 1035 2927 1105 instituamus:

429 1138 701 1216 gratum
753 1139 854 1195 est
900 1126 1082 1194 enim
1128 1126 1403 1212 cuique,
1442 1125 1621 1210 quod
1678 1126 1810 1214 ipsi
1864 1126 2220 1215 proprium
2271 1139 2395 1193 est.

500 1217 551 1302 ξ
597 1219 673 1286 ⁸2.
721 1216 942 1284 Patria
977 1214 1106 1284 fuit
1137 1215 1281 1282 viro
1316 1235 1647 1303 generoso
1690 1234 1767 1283 ea
1805 1215 2014 1304 regio,
2049 1235 2228 1301 quae
2259 1214 2475 1304 vergit
2505 1213 2590 1281 ad
2642 1212 2931 1281 orientem

430 1303 667 1372 solem.
727 1304 986 1373 Nobilis
1034 1304 1217 1373 enim
1269 1317 1332 1371 et
1383 1303 1518 1381 hic,
1571 1303 2161 1390 quemadmodum
2212 1302 2359 1383 lob,
2426 1303 2603 1370 inter
2649 1324 2784 1381 eoS,
2836 1300 2932 1387 qui

429 1392 513 1461 ad
573 1392 736 1462 solis
784 1406 1007 1461 ortum
1062 1391 1396 1461 habitant.
1460 1396 1684 1473 Quare
1730 1414 1889 1461 cum
1942 1391 2255 1461 eamdem
2308 1391 2589 1460 haberet
2649 1390 2928 1478 patriani.

428 1480 700 1550 eosdem
754 1481 956 1549 etiam
1005 1502 1225 1551 mores
1259 1480 1569 1550 imitatus
1603 1492 1724 1549 est.
1772 1486 1964 1551 Nunc
1999 1494 2229 1550 autem
2267 1481 2483 1570 patria
2518 1492 2619 1548 est
2654 1479 2747 1547 illi
2777 1477 2936 1547 orbis

431 1582 794 1638 terrarum.
850 1570 1091 1638 Omnis
1138 1569 1323 1637 enim
1379 1581 1660 1658 martyr,
1714 1569 1865 1657 ejus
1917 1568 2239 1659 regioniS,
2274 1590 2452 1655 quae
2502 1569 2634 1637 sub
2682 1567 2813 1637 sole
2845 1568 2937 1634 ha·

431 1659 709 1739 bitatur,
755 1657 923 1726 civis
973 1671 1312 1726 censetur.
1353 1657 1522 1725 Inde
1571 1657 1651 1727 ad
1709 1658 2026 1726 militiam
2071 1656 2437 1747 profectuS‚
2483 1679 2644 1726 cum
2697 1656 2935 1745 propria

429 1747 705 1815 cohorte
754 1747 821 1814 in
878 1746 1053 1814 hanc
1105 1746 1449 1835 regionem
1503 1769 1575 1816 se
1607 1745 1921 1815 contulit.
1970 1746 2093 1815 Hic
2142 1746 2326 1815 enim
2383 1745 2636 1814 milites
2669 1746 2751 1813 ab
2799 1745 2934 1833 ipsis

431 1835 969 1924 Imperatoribus
1008 1835 1185 1925 jussi
1260 1833 1533 1904 fuerant
1596 1835 1923 1904 hiemare.
1979 1834 2104 1904 Sed
2158 1833 2371 1915 aliud,
2416 1856 2545 1903 non
2599 1856 2678 1903 ex
2727 1835 2936 1903 barba·

430 1945 663 1992 rorum
717 1924 1003 2012 impetn,
1050 1923 1163 1992 sed
1216 1946 1297 1992 ex
1346 1923 1491 2013 lege
1540 1936 1604 1993 et
1650 1923 1922 1992 decreto
1973 1923 2188 2012 impio
2238 1934 2515 1992 satanae
2563 1924 2929 1992 suscitatum

430 2025 533 2081 est
566 2012 849 2081 bellum.
889 2017 1140 2082 Omnes
1195 2012 1378 2080 enim
1436 2013 1803 2081 Christiani
1844 2011 2100 2081 nefaria
2136 2013 2474 2081 sententia
2504 2009 2930 2080 condemnati.

429 2100 510 2170 ad
585 2100 1007 2190 supplicium
1083 2100 1539 2171 ducebantur.
1595 2106 1784 2169 Tunc
1834 2101 2068 2192 igitur,
2135 2114 2295 2171 tunc
2358 2101 2471 2169 hic
2544 2114 2645 2169 ter
2707 2101 2929 2169 beatus,

431 2190 676 2279 pietate
727 2190 1044 2281 insignis,
1105 2203 1170 2259 et
1221 2189 1421 2258 fidem
1486 2192 1551 2258 in
1598 2190 1942 2259 Christum
1995 2190 2093 2258 sic
2143 2191 2404 2277 ubique
2451 2188 2930 2259 circumferens.

430 2290 503 2347 ut
560 2291 823 2347 tantum
877 2302 1009 2348 non
1063 2279 1131 2347 in
1186 2278 1404 2349 fronte
1451 2277 1950 2348 confessionem
2019 2279 2422 2367 inscriptam
2476 2290 2783 2368 gereret,
2837 2294 2931 2345 non

429 2367 733 2458 amplius
797 2368 1106 2457 tyronis,
1160 2381 1277 2437 aut
1329 2389 1550 2458 nuper
1595 2366 1840 2436 delecti
1895 2366 2134 2438 militis
2201 2367 2410 2437 robur
2461 2389 2625 2455 prae
2674 2388 2740 2436 se
2795 2365 2929 2436 tulit.

432 2479 651 2543 neque
701 2481 771 2527 se
806 2458 898 2525 rei
953 2457 1269 2526 militaris
1321 2457 1894 2547 imperitum,aut
1936 2478 2208 2546 pugnae
2259 2457 2577 2548 ignarum
2631 2454 2930 2526 exhibuit:

431 2545 548 2614 sed
632 2567 949 2616 enerosos
998 2569 1076 2615 ac
1125 2557 1441 2615 strenuos
1475 2545 1763 2635 spiritus
1796 2545 1880 2614 ad
1920 2544 2285 2614 subeunda
2319 2544 2625 2634 pericula
2665 2563 2930 2614 sumens,

431 2634 568 2702 hau
622 2656 968 2721 quaquam
1021 2635 1297 2703 demisit
1345 2634 1686 2714 animum,
1726 2646 1845 2703 aut
1896 2633 2273 2715 haesitavit,
2321 2646 2439 2702 aut
2486 2632 2706 2702 ullam
2760 2635 2827 2703 in
2868 2630 2933 2725 loj

429 2722 704 2808 quendo
756 2723 1019 2791 timoris
1068 2723 1536 2812 suspicionem
1599 2722 1936 2810 praebuit.
2013 2727 2177 2791 Nam
2254 2731 2411 2792 cum
2495 2723 2796 2810 improbi
2865 2716 2931 2786 illl

421 2810 738 2899 judiceS‚
798 2816 938 2879 Dux
985 2825 1049 2880 et
1096 2813 1415 2882 Centurio
1466 2812 1535 2879 in
1590 2810 1817 2892 idem,
1882 2824 1956 2880 ut
2002 2810 2165 2880 olim
2228 2810 2529 2880 Herodes
2578 2825 2644 2880 et
2696 2811 2931 2900 Pilatus

430 2899 904 2988 conspirantes
972 2899 1495 2980 consedissent,
1550 2901 1879 2986 crucique
1932 2899 2114 2984 affixi
2168 2922 2438 2970 servum
2515 2899 2583 2968 in
2637 2893 2930 2988 eJusmodi

421 2986 766 3076 judicium
804 3043 818 3069 ,
871 3010 1007 3075 quo
1054 2989 1383 3059 Dominus
1431 2988 1779 3076 quondam
1822 2989 1973 3077 ejus
2014 2990 2530 3057 circumventus
2572 2987 2811 3064 fuerat,
2858 3005 2933 3052 ar·

430 3076 827 3145 cessissent:
884 3101 918 3143 «
975 3077 1088 3146 Dic
1142 3079 1362 3159 nobiS,
1419 3078 1767 3164 inquiunt,
1823 3077 2009 3146 unde
2059 3078 2177 3145 tibi
2218 3090 2484 3146 tantum
2535 3077 2857 3146 audaciae
2892 3085 2929 3136 et

429 3164 884 3234 confidentiae
935 3167 1318 3256 ingenitum
1355 3167 1464 3246 sit,
1501 3178 1578 3235 ut
1629 3166 1851 3255 regias
1901 3165 2085 3256 leges
2118 3165 2484 3255 despiciaS,
2533 3187 2755 3253 neque
2787 3181 2932 3233 man·

429 3252 584 3322 data
637 3253 899 3322 domini
951 3257 1490 3325 contremiscens
1540 3275 1893 3335 venerere,
1954 3268 2018 3324 et
2064 3276 2297 3323 eorum
2333 3308 2347 3334 ,
2410 3254 2529 3340 qui
2582 3277 2805 3325 rerum
2852 3269 2930 3343 po·

433 3341 718 3422 tiuntur,
756 3343 1022 3412 decreta
1074 3343 1259 3413 colas
1307 3357 1370 3413 et
1417 3344 1792 3412 observes?
1842 3365 1877 3408 »
1930 3343 2009 3411 Hi
2066 3364 2363 3429 namque
2414 3355 2579 3412 tunc
2642 3344 2709 3411 in
2770 3347 2929 3410 Maxi-

431 3431 646 3499 miani
697 3433 883 3520 regia
917 3433 1319 3523 *principem
1381 3431 1607 3500 locum
1660 3432 2086 3501 obtinebant.

519 3522 554 3606 ξ
602 3523 681 3591 8.
723 3521 988 3603 Quibus
1035 3520 1152 3590 ille
1201 3521 1541 3590 constanti
1581 3521 1774 3590 vultu
1817 3533 2179 3607 menteque
2214 3519 2558 3609 intrepida
2595 3531 2927 3608 opportune

432 3609 834 3697 respondit:
892 3633 926 3676 «
981 3614 1139 3699 Eg0,
1189 3610 1536 3696 inquienS,
1575 3608 1740 3678 deos
1791 3609 2053 3696 ignoro.
2110 3608 2232 3695 qui
2281 3631 2511 3677 revera
2566 3609 2738 3677 nulli
2785 3612 2923 3674 sunl-

431 3701 558 3765 Vos
603 3711 828 3766 autem
880 3699 1292 3788 impostores
1333 3698 1727 3778 daemones,
1777 3698 1887 3765 Dei
1943 3697 2219 3766 nomine
2266 3697 2806 3772 cohonestantes,
2844 3689 2926 3757 ab·

428 3787 690 3857 erratis.
734 3787 895 3856 Mihi
944 3787 1227 3874 quidem
1276 3792 1449 3855 Deus
1488 3800 1590 3854 est
1638 3787 1970 3866 ChristuS,
2010 3786 2129 3872 qui
2184 3790 2294 3853 Dei
2352 3785 2540 3855 filius
2588 3800 2690 3854 est
2737 3781 2923 3865 unige-

432 3874 644 3944 nitus.
699 3878 1160 3958 Quamobrem
1227 3898 1334 3944 me
1386 3874 1786 3964 religionem
1850 3898 1928 3943 ac
1982 3874 2183 3943 fidem
2239 3875 2463 3964 ipsius
2513 3874 2920 3962 confitentem3

429 3975 492 4030 et
543 3964 935 4033 vulnerator
995 3964 1243 4045 feriat,
1296 3977 1360 4033 et
1424 3986 1789 4052 percussor
1856 3964 2139 4043 caedat,
2206 3975 2274 4032 et
2338 3964 2734 4032 combustor
2796 3950 2921 4024 11¹¹}ss

428 4050 785 4122 flammam
837 4053 1245 4134 admoveat,
1321 4065 1385 4121 et
1434 4052 1552 4139 qui
1621 4053 1902 4122 vocibus
1978 4053 2144 4120 meis
2193 4052 2614 4131 offenditur,
2671 4052 2917 4134 linguam

428 4142 806 4211 exscindat.
854 4145 978 4211 Cor
1030 4165 1114 4211 us
1162 4141 1347 4210 enim
1403 4142 1472 4209 in
1527 4141 1824 4231 singulis
1861 4141 2171 4241 partibus
2214 4141 2630 4229 procreatori
2683 4157 2791 4209 suo
2833 4148 2917 4215 ΡΒ·

431 4227 736 4298 tientiam
794 4242 858 4299 et
918 4245 979 4299 to
1011 4231 1346 4300 erantiam
1408 4229 1610 4299 debet
1707 4257 1729 4292 ι)
1800 4234 1922 4299 His
1975 4229 2357 4298 rationibus
2421 4231 2577 4299 victi
2644 4239 2785 4299 sunt
2826 4222 2915 4300 ΤΧ·

432 4317 658 4396 rauni,
714 4340 833 4385 nec
906 4320 1205 4407 primum
1270 4319 1536 4386 strenui
1589 4317 1827 4388 militis
1881 4319 2210 4407 impeturn
2264 4319 2756 4388 sustinuerunt,
2796 4321 2910 4375 cum

428 4403 930 4472 adolescentem
1012 4407 1094 4473 ad
1184 4406 1549 4476 subeunda
1635 4420 1973 4476 tormenta
2058 4421 2455 4496 promptum
2537 4421 2602 4476 et
2678 4404 2906 4473 alacrem
