2993 4837
487 321 614 385 100
1118 338 1195 383 nn
1244 337 1295 384 s.
1353 334 1674 384 unacum
1722 338 1820 382 nr.
1874 337 2223 385 ninaaman
2672 319 2898 386 Nov.3

400 423 735 493 nimirum
760 422 986 491 videre
1011 432 1285 491 venerat
1311 444 1353 491 a
1378 421 1638 492 finibus
1668 432 1906 502 terrae,
1939 443 2074 490 non
2097 421 2466 491 auditurus
2491 422 2900 505 Salomonem,

402 510 525 582 sed
571 510 1050 580 exhibiturus!
1107 511 1409 598 Denique
1457 510 1855 580 audivimus
1898 511 2308 602 sapientiam
2360 510 2535 598 ejuS,
2607 512 2910 584 tenuimus

456 600 863 671 raesentiam
928 600 1078 689 ejus
1116 653 1131 679 ,
1200 614 1265 668 et
1329 612 1666 669 tenemus.
1719 599 1868 668 Jarn
1935 612 2233 687 quatuor
2280 613 2400 668 aut
2445 601 2743 688 quinque
2793 600 2912 671 dies

457 690 618 779 ujus
667 699 937 759 nostrae
1002 687 1455 758 solemnitatis
1520 687 2000 771 defluxerant,
2063 710 2224 757 cum
2290 708 2449 758 ecce
2496 689 2608 759 die
2664 689 2913 758 solemni

403 778 586 848 beati
635 783 854 849 Lucae
903 777 1396 868 Evangelistae‚
1452 778 1657 846 Missa
1706 778 1774 845 in
1825 789 2166 847 conventu
2219 799 2347 846 sua
2386 777 2507 846 illa
2554 790 2780 848 sancta
2822 776 2916 846 de-

405 867 673 937 votione
723 866 1086 944 celebrata,
1127 865 1312 936 febre
1351 878 1735 956 correptus,
1779 865 1951 936 lecto
1983 865 2337 947 decubuit,
2377 879 2442 936 et
2486 889 2608 937 nos
2636 889 2788 937 cum
2823 864 2917 935 illo

403 977 668 1026 omnes.
706 961 1018 1026 Extrema
1052 954 1293 1056 gaudii
1326 956 1543 1025 nostri
1579 976 1845 1023 moeror
1877 968 2192 1045 occupat,
2239 954 2652 1025 moderatior
2699 970 2915 1032 tamen,

401 1045 585 1132 quod
618 1045 831 1114 levior
871 1046 1145 1114 interim
1188 1043 1399 1114 febris
1438 1065 1590 1113 esse
1640 1043 2008 1113 videretur.
2065 1043 2342 1112 Videres
2389 1043 2772 1114 discurrere
2814 1043 2922 1112 fra-

402 1146 561 1216 tres,
624 1134 837 1202 dandi
895 1134 1153 1214 avidOS‚
1213 1133 1314 1203 vel
1365 1132 1781 1290 accipiendi.
1834 1133 1953 1201 Cui
2007 1153 2140 1201 non
2191 1131 2394 1201 dulce
2427 1132 2656 1203 videre
2704 1133 2922 1202 illurn?

401 1223 519 1292 Cui
560 1244 694 1291 non
731 1222 1008 1292 dulcius
1059 1222 1453 1292 ministrare
1498 1222 1655 1290 ili?
1706 1226 2083 1308 Utrumque
2123 1243 2356 1301 suave,
2417 1235 2787 1309 utrumque
2834 1242 2924 1290 sa-

402 1310 646 1381 lutare.
719 1317 796 1380 Et
843 1312 1295 1381 humanitatis
1361 1322 1506 1380 erat
1570 1310 1894 1400 praebere
1958 1311 2426 1396 obsequium,
2496 1324 2563 1381 et
2615 1309 2922 1401 profectus

400 1401 653 1488 cuique
702 1400 834 1482 sui,
889 1423 1047 1470 cum
1101 1401 1391 1489 gratiam
1425 1412 1822 1500 reportaret.
1876 1400 2204 1468 Assistere
2236 1420 2501 1481 omneS,
2548 1421 2786 1469 omnes
2816 1397 2926 1468 sol·

402 1489 571 1558 liciti
621 1502 815 1558 erant
846 1490 1031 1559 circa
1063 1486 1386 1575 frequens
1421 1487 1886 1558 ministerium
1921 1511 1936 1569 ;
1992 1487 2495 1558 medicamenta
2530 1488 2918 1579 perquirere,

403 1577 732 1648 adhibere
780 1576 1103 1664 fomenta,
1157 1599 1404 1668 urgere
1454 1577 1732 1667 saepius
1781 1576 1866 1645 ad
1918 1575 2368 1678 gustandum.
2424 1576 2517 1646 Ad
2568 1600 2743 1666 quos
2789 1576 2922 1645 ille:

404 1668 632 1737 «Sine
685 1689 919 1748 causa,
981 1666 1242 1754 inquit,
1306 1667 1520 1735 haec:
1577 1665 1691 1735 sed
1748 1666 2080 1735 charitate
2118 1666 2323 1734 vestri
2377 1663 2575 1748 facio,
2632 1660 2926 1754 quicquid

405 1755 798 1846 injungitis.
852 1777 889 1822 »
941 1755 1209 1826 Sciebat
1252 1756 1437 1824 enim
1506 1755 1872 1823 imminere
1934 1766 2065 1823 tem
2124 1777 2208 1823 us
2269 1776 2435 1823 suae
2495 1754 2924 1846 migrationis

406 1847 712 1931 Cumque
760 1843 1025 1924 fratres,
1079 1844 1199 1932 qui
1247 1867 1409 1914 cum
1473 1865 1552 1913 eo
1613 1855 1985 1924 venerant,
2104 1843 2381 1913 dentius
2428 1843 2801 1925 instarent,
2848 1841 2928 1910 di·

403 1945 659 2014 centes,
701 1954 836 2001 non
882 1946 1192 2024 oportere
1240 1932 1554 2002 diffidere
1586 1932 1670 2001 de
1711 1933 1844 2002 vita
1878 1957 1891 1997 ε
1946 1953 2070 2001 nec
2119 1932 2305 2001 enim
2359 1933 2558 2002 sitrna
2599 1932 2839 2003 mortis
2877 1930 2934 1999 in

403 2042 483 2091 eo
515 2022 748 2109 aliqua
783 2034 1155 2112 apparent:
1218 2047 1243 2085 α
1281 2026 1579 2113 Oportet,
1626 2021 1874 2108 inquit,
1915 2020 2043 2090 hoc
2092 2043 2275 2090 anno
2325 1985 2739 2091 Malachiam
2785 2020 2932 2090 exire

405 2110 491 2180 de
526 2133 834 2201 corpore.
871 2138 898 2176 2
940 2117 1016 2181 Et
1044 2111 1278 2180 infert:
1318 2135 1353 2178 «
1384 2117 1553 2180 Ecce
1588 2110 2098 2199 appropinquat
2122 2109 2293 2190 dies,
2330 2132 2561 2196 quem,
2596 2124 2679 2181 ut
2711 2110 2934 2198 optime

405 2201 647 2283 nostiS,
687 2201 916 2286 optavi
957 2222 1231 2289 semper
1281 2199 1510 2289 ipsum
1553 2198 1764 2269 sorem
1810 2198 1990 2267 diem
2045 2198 2482 2268 resolutionis
2540 2222 2760 2269 meae.
2812 2197 2932 2268 Scio

408 2290 524 2359 cui
553 2289 843 2369 credidi,
890 2302 955 2359 et
992 2301 1220 2359 certus
1254 2310 1407 2358 sum
1442 2312 1454 2354 :
1514 2311 1649 2357 non
1691 2287 2068 2358 fraudabor
2117 2287 2380 2375 reliquo
2419 2288 2752 2358 desiderii
2802 2285 2930 2366 mei,

402 2379 525 2467 qui
576 2392 837 2470 partem
880 2379 1026 2468 Jam
1068 2389 1282 2447 teneo.
1343 2378 1473 2462 Qui
1518 2399 1626 2448 me
1666 2399 1789 2446 sua
1847 2376 2319 2455 misericordia
2370 2377 2696 2468 perduxit
2735 2377 2816 2448 ad
2862 2376 2934 2444 lo·

401 2490 588 2546 cum,
650 2490 857 2555 quern
904 2467 1111 2557 petii:
1168 2468 1589 2549 terminum,
1652 2488 1856 2557 quem
1909 2486 2127 2555 aeque
2177 2466 2404 2548 volui,
2472 2489 2606 2537 non
2659 2464 2928 2559 negabit.

403 2557 594 2639 Quod
648 2557 732 2625 ad
795 2555 923 2625 hoc
984 2556 1477 2646 corpusculum
1530 2556 1813 2636 attinet,
1872 2554 1982 2624 hic
2042 2556 2310 2642 requies
2361 2577 2557 2637 mea;
2624 2557 2816 2644 quod
2869 2548 2936 2622 ad

402 2645 737 2726 animam,
774 2645 1108 2715 Dominus
1143 2643 1550 2735 providebit,
1588 2645 1710 2732 qui
1746 2643 1969 2715 salvos
1996 2643 2158 2714 facit
2190 2656 2542 2733 sperantes
2587 2645 2662 2714 in
2699 2669 2793 2716 se.
2831 2648 2936 2713 Nec

453 2755 651 2802 arum
691 2734 837 2822 spei
869 2735 1244 2823 repositum
1285 2734 1454 2803 mihi
1488 2734 1558 2802 in
1591 2734 1701 2802 die
1752 2732 1892 2813 illa,
1946 2755 2082 2820 qua
2123 2746 2434 2803 mortuus
2486 2748 2680 2814 tanta
2714 2759 2753 2804 a
2794 2730 2934 2802 vivis

401 2755 735 2891 beneficia
778 2822 1299 2913 impenduntur.
1340 2846 1376 2889 »
1425 2828 1556 2892 Nec
1608 2822 1808 2912 longe
1855 2822 2091 2892 aberat
2129 2822 2276 2891 dies
2326 2822 2517 2910 ipsa,
2579 2846 2751 2893 cum
2802 2820 2940 2891 talia

405 2910 821 2999 loqueretur.
878 2916 1139 2982 Interea
1180 2911 1378 3002 jubet
1425 2934 1498 2980 se
1554 2933 1747 2982 sacro
1805 2909 1953 2979 oleo
2010 2912 2204 3001 ungi.
2269 2916 2567 2981 Exeunte
2616 2921 2937 2982 conventu

402 2999 720 3081 fratrum,
758 3013 836 3069 ut
868 3001 1267 3070 solemniter
1306 3001 1519 3079 fieret,
1567 3022 1698 3070 non
1733 2999 2064 3070 sustinuit
2103 3012 2178 3069 ut
2208 2999 2292 3069 ad
2337 3023 2408 3070 se
2455 3001 2932 3070 ascenderent:

402 3089 552 3179 ipse
591 3089 947 3159 descendit
993 3089 1078 3159 ad
1131 3112 1270 3160 eos.
1323 3089 1605 3159 Jacebat
1655 3087 2000 3175 siquidem
2052 3088 2121 3156 in
2174 3088 2446 3166 solario,
2506 3089 2718 3160 domo
2760 3108 2940 3178 supe·

402 3177 592 3247 riori.
628 3183 726 3247 Un
784 3179 943 3259 itur,
983 3190 1047 3248 et
1081 3189 1358 3268 sumpto
1398 3179 1666 3259 viatico,
1700 3177 1989 3247 fratrum
2026 3199 2098 3246 se
2128 3178 2580 3260 orationibus,
2620 3191 2690 3248 et
2721 3178 2938 3247 fratres

397 3289 712 3337 commen
770 3290 897 3338 ans
939 3273 1091 3348 Deo,
1136 3266 1220 3337 ad
1257 3266 1513 3337 lectum
1550 3267 1929 3336 revertitur.
1976 3265 2121 3335 Alto
2155 3266 2240 3336 de
2280 3266 2450 3338 solio
2497 3267 2937 3337 descendebat

400 3356 697 3447 pedibus
737 3358 908 3438 suis,
947 3369 1013 3426 et
1045 3378 1325 3426 rursum
1371 3355 1831 3425 nihilominus
1873 3354 2018 3423 suis
2055 3355 2350 3445 pedibus
2397 3356 2815 3426 ascendebat
2843 3380 2855 3436 ;
2887 3362 2937 3421 et

400 3445 673 3515 dicebat
716 3459 999 3516 mortem
1038 3467 1186 3515 esse
1226 3446 1296 3514 in
1326 3446 1583 3531 januis.
1639 3445 1805 3528 Quis
1854 3442 2041 3512 hunc
2077 3445 2425 3514 hominem
2468 3444 2781 3516 crederet
2815 3464 2939 3513 mo-

401 3535 745 3604 riturum?
780 3534 978 3604 Solus
1013 3534 1285 3624 ipseset
1317 3538 1498 3603 Deus
1525 3532 1590 3602 id
1627 3534 1803 3603 scire
1836 3545 2118 3623 poterat.
2158 3538 2301 3603 Non
2342 3534 2568 3604 vultus
2652 3533 2934 3607 auidior,

401 3645 537 3692 non
584 3623 1013 3694 macilentior
1055 3623 1438 3704 videbatur,
1493 3645 1628 3691 non
1669 3635 1912 3713 rugata
1945 3619 2156 3704 frons,
2204 3645 2338 3692 non
2376 3645 2573 3694 recon
2633 3624 2710 3692 iti
2746 3618 2933 3697 oculi,

404 3734 537 3781 non
581 3735 784 3782 nares
835 3724 1235 3782 extenuatae
1267 3767 1282 3793 ‚
1350 3733 1485 3781 non
1530 3724 1878 3782 contracta
1939 3710 2166 3791 labia,
2236 3733 2370 3781 non
2415 3711 2642 3782 adusti
2689 3711 2934 3781 dentes,

405 3824 538 3871 non
575 3802 832 3872 collum
869 3823 1146 3871 exesum
1183 3812 1247 3869 et
1276 3800 1556 3890 gracile,
1599 3823 1731 3871 non
1770 3799 1963 3869 curvi
2003 3799 2297 3880 humeri,
2340 3823 2472 3871 non
2517 3823 2676 3871 caro
2725 3800 2942 3871 exina-

403 3890 546 3960 nita
593 3890 662 3959 in
722 3912 1006 3982 corpore
1060 3889 1345 3977 reliquo.
1401 3895 1582 3959 Haec
1623 3903 1768 3959 erat
1807 3889 2027 3980 gratia
2076 3890 2385 3979 corporis
2440 3890 2624 3977 ejus,
2678 3902 2745 3959 et
2793 3889 2940 3984 haec

403 3978 623 4067 gloria
668 3980 900 4050 vultus
933 3982 1107 4067 ejuS‚
1151 4001 1328 4066 quae
1369 4001 1505 4048 non
1567 3991 1962 4058 evacuatur,
2024 4000 2106 4048 ne
2163 3991 2378 4048 morte
2415 3979 2721 4066 quidem.
2778 3975 2940 4044 Talis

404 4068 631 4154 quoad
685 4070 870 4150 vixit,
912 4069 1067 4139 talis
1102 4082 1164 4137 et
1207 4082 1521 4139 mortuus
1570 4068 1946 4159 apparebat
1990 4067 2236 4136 viventi
2287 4067 2602 4137 similior.

490 4160 526 4243 ἓ
580 4162 735 4228 25.
790 4157 1239 4228 cucurrimus
1287 4157 1707 4246 usquehuc,
1745 4156 1860 4225 sed
1916 4155 2118 4225 modo
2169 4156 2558 4235 haeremus,
2610 4155 2773 4243 quia
2819 4158 2940 4222 Ma·

406 4245 665 4315 lacbias
695 4268 977 4317 cursum
1021 4247 1552 4317 consummavit.
1591 4251 1733 4315 Stat
1769 4244 1909 4326 ille,
1949 4258 2014 4314 et
2055 4266 2179 4315 nos
2209 4245 2464 4335 pariter
2497 4257 2758 4315 stamus
2788 4260 2933 4311 cum

400 4357 504 4404 eo.
544 4336 860 4422 Alioquin
897 4336 1055 4424 quis
1104 4335 1395 4405 libenter
1441 4348 1676 4405 currat
1724 4334 1810 4405 ad
1860 4338 2207 4404 mortem?
2256 4334 2654 4404 Praesertim
2708 4346 2926 4401 tuam.

399 4428 593 4496 Pater
649 4438 921 4505 sancte,
975 4425 1132 4512 quis
1196 4424 1445 4495 referre
1494 4423 1765 4515 possit?
1830 4423 1987 4511 quis
2057 4423 2217 4494 velit
2279 4424 2572 4494 audire?
2642 4426 2930 4491 Attamen
