2993 4837
62 324 219 388 NOV.
270 324 351 388 28
741 343 817 387 na
866 342 920 388 s.
977 342 1297 390 smanano
1344 343 1611 389 sumone
1659 342 1849 389 mar.
2345 327 2471 391 727

60 436 269 497 sancto
304 425 443 495 viro
494 425 560 493 in
612 425 1105 496 monachorum
1170 427 1406 496 album
1472 427 1861 517 adscriptus
1908 426 2169 508 fuisset,
2241 439 2445 515 atque
2490 429 2558 497 in

61 514 287 584 montis
348 514 759 583 monasterio
823 515 1193 586 sacerdotis
1239 537 1499 585 munus
1559 516 1875 598 obiisset,
1930 527 2164 605 postea
2212 527 2435 585 tamen
2502 529 2567 586 et

58 602 488 673 monasticum
540 602 876 685 habitum,
920 616 985 673 et
1006 609 1215 672 Deum
1238 604 1553 693 ejuravit,
1593 618 1795 691 atque
1833 605 1920 674 ab
1949 605 2242 694 ipsomet
2273 616 2565 694 tyranno

58 691 382 760 mundana
429 704 609 760 veste
658 691 944 763 indutus
989 692 1248 781 (quem
1303 693 1495 781 prius
1555 693 1756 762 vitam
1817 692 2110 781 abjicere
2157 694 2563 782 oportebat)

54 779 358 848 nefariam
409 779 596 848 illam
639 802 867 849 vocem
906 781 1166 851 emisit:
1221 804 1257 847 «
1293 781 1636 851 Hodierno
1684 781 1816 863 die,
1875 786 2047 849 Here
2076 836 2090 863 ,
2145 804 2186 850 a
2226 782 2562 852 Satanicis

54 866 342 938 faucibus
389 890 429 937 o
482 890 596 937 era
649 880 765 938 tua
812 882 1109 959 ereptuS,
1162 891 1241 938 ac
1291 872 1646 940 tenebroso
1700 870 1958 939 amictu
2005 883 2274 951 exutus,
2328 872 2564 961 splen—

53 956 268 1026 didum
319 956 427 1046 pal
465 957 609 1025 ium
658 957 879 1027 indui.
918 982 954 1024 »
1004 960 1213 1048 Cujus
1242 958 1620 1028 execrando
1651 979 1962 1027 sermone
2006 971 2341 1047 tyrannus
2372 981 2564 1029 sum-

54 1067 302 1135 mopere
332 1045 728 1127 delectatuS,
770 1046 1096 1136 Sophiani
1124 1046 1358 1136 palatii
1395 1048 1788 1116 ministrum
1825 1068 1982 1115 eum
2017 1047 2393 1117 constituit.
2417 1052 2561 1130 Quo

55 1134 236 1202 etiam
274 1135 513 1204 crebro
545 1149 964 1216 commeans,
1008 1135 1246 1226 gaudii
1283 1148 1567 1226 patrem,
1620 1158 1775 1205 eum
1812 1135 1932 1221 qui
1982 1135 2218 1204 multis
2251 1133 2556 1206 luctibus

57 1220 283 1311 dignus
330 1236 495 1305 erat,
567 1223 978 1312 appellabat.
1055 1225 1175 1295 His
1222 1225 1451 1312 itaque
1517 1224 1680 1294 solis
1729 1225 1815 1293 ab
1884 1224 2047 1293 ovili
2126 1237 2560 1294 sacrosancto

55 1310 307 1393 avulsis,
352 1313 600 1382 caeteri
634 1334 872 1381 omnes
904 1312 988 1381 ad
1031 1318 1563 1394 Proconnesum,
1603 1325 1678 1382 ut
1715 1336 1754 1381 a
1792 1334 1896 1381 me
1961 1311 2212 1381 dictum
2256 1324 2379 1395 est,
2435 1335 2559 1403 ap-

57 1398 236 1485 pulsi,
278 1400 768 1470 monasterium
800 1414 1346 1471 construxerunt.
1393 1402 1566 1485 Quin
1620 1424 1659 1470 a
1693 1401 2166 1491 philosophica
2207 1400 2336 1472 ista
2388 1402 2560 1471 vitae.

55 1486 373 1576 degendae
414 1490 674 1558 ratione
709 1510 793 1558 ne
843 1490 1056 1559 sancti
1104 1490 1379 1577 quidem
1418 1490 1743 1581 Stephani
1785 1502 2000 1559 mater
2024 1490 2276 1559 abfuit:
2323 1512 2554 1559 verum

56 1597 353 1646 unacum
393 1599 629 1649 sorore
678 1578 977 1647 insulam
1015 1577 1203 1647 illam
1253 1579 1516 1661 adiens,
1568 1578 2094 1648 contubernium
2148 1579 2366 1667 ipsius
2415 1600 2560 1647 am—

56 1662 225 1750 plexa
253 1680 370 1736 est.
438 1666 592 1736 Illic
641 1668 869 1752 itaque
916 1666 1193 1736 divinus
1243 1667 1649 1757 StephanuS‚
1709 1671 2013 1736 extructa
2072 1668 2420 1750 columna,
2477 1688 2555 1735 ac

54 1773 236 1842 supra
280 1777 429 1824 eam
484 1756 975 1845 angustissima
1008 1756 1305 1842 quadam
1355 1752 1691 1836 aedicula,
1740 1757 1807 1824 in
1858 1778 1936 1825 ea
1986 1778 2130 1827 sese
2183 1755 2545 1837 conclusit,

55 1861 245 1912 annos
281 1844 422 1928 jam
458 1866 699 1912 novem
738 1857 802 1911 et
847 1844 1305 1934 quadraginta
1346 1858 1569 1914 natus.
1611 1844 1897 1914 Perinde
1927 1855 2151 1912 autem
2193 1867 2270 1913 ac
2306 1845 2363 1912 si
2410 1866 2557 1913 ma-

56 1950 200 2015 gnos
240 1937 363 2001 Deo
410 1945 847 2002 consecratae
887 1934 1060 2002 vitae
1107 1932 1373 2004 labores
1422 1945 1566 2002 tum
1618 1934 1919 2022 primum
1983 1933 2269 2012 iniisset,
2319 1935 2412 2001 ita
2455 1954 2560 2001 se-

59 2017 256 2104 ipsum
306 2021 709 2111 asperrimis
768 2022 1159 2108 quibusque
1228 2021 1722 2091 certaminibus
1784 2021 2106 2090 dedebat:
2173 2043 2303 2089 non
2358 2043 2558 2092 secus

60 2105 334 2178 videlicet
379 2132 464 2178 ac
500 2113 556 2177 si
590 2122 932 2178 certamen
976 2110 994 2177 i
1051 2131 1119 2180 se
1152 2131 1382 2179 secum
1436 2111 1862 2190 instituisset,
1917 2122 2118 2195 atque
2167 2109 2233 2177 id
2276 2123 2556 2178 conten-

63 2191 234 2275 deret,
272 2210 344 2266 ut
376 2219 522 2267 una
561 2219 718 2265 cum
762 2210 974 2266 aetate
1031 2198 1271 2267 abores
1310 2221 1583 2285 quoque
1616 2199 1806 2268 novis
1844 2198 2282 2268 incrementis
2314 2220 2558 2267 cumu-

66 2278 218 2376 laret.
270 2291 491 2369 Quam
542 2286 744 2354 etiam
780 2286 865 2355 ob
900 2309 1179 2355 causam
1221 2286 1452 2355 divina
1484 2309 1757 2374 quoque
1806 2286 2296 2355 miraculorum
2339 2286 2556 2371 gratia

66 2371 166 2473 lpsi
199 2374 504 2475 insedit,
582 2386 781 2463 atque
848 2374 1364 2445 admirabilium
1435 2397 1720 2465 operum
1790 2375 2222 2445 admirabilis
2289 2374 2560 2446 effector

61 2473 261 2532 extitit.
874 2532 879 2540 ,

127 2550 157 2635 ἓ
197 2555 351 2623 823.
405 2551 504 2620 Ad
544 2551 732 2621 hunc
783 2553 1011 2640 itaque
1059 2553 1339 2622 modum
1390 2553 1623 2622 divino
1659 2553 1896 2621 viroin
1937 2575 2015 2621 ea
2064 2551 2295 2622 insula
2342 2552 2558 2621 collu-

58 2651 241 2720 cente,
302 2640 610 2710 secundo
657 2641 877 2710 exsilii
927 2642 1032 2709 sui
1081 2663 1263 2710 anno
1309 2642 1582 2731 egregia
1619 2642 1838 2729 ipsius
1873 2652 2110 2721 mater,
2156 2654 2218 2710 et
2266 2662 2469 2727 quam
2523 2662 2564 2708 a

55 2723 175 2793 filio
202 2730 572 2818 quispiam,
613 2729 1199 2814 quemadmodum
1242 2742 1305 2798 et
1336 2732 1420 2798 ab
1470 2752 1546 2798 ea
1579 2730 1826 2808 silium,
1880 2729 2262 2798 certissimo
2304 2729 2560 2798 indicio

56 2834 392 2901 agnoscere
461 2818 850 2906 potuisset,
920 2818 1141 2887 filium
1204 2819 1408 2887 simul
1480 2841 1558 2887 ac
1611 2817 1956 2887 mundum
2001 2818 2417 2904 relinquenS,
2474 2816 2562 2885 ad

56 2921 464 2974 communem
504 2911 762 2974 Patrem
800 2907 1161 2986 concessit,
1206 2907 1311 2974 his
1360 2920 1516 2974 ante
1548 2907 1630 2975 ad
1675 2906 1889 2975 filiam
1925 2928 2121 2976 suam
2161 2907 2381 2976 verbis
2406 2927 2556 2975 usa:

56 3011 84 3052 «
110 2994 233 3060 Non
265 3007 364 3063 est
416 2995 600 3080 quod
670 2994 934 3083 plores;
990 3017 1148 3063 nam
1187 3007 1261 3064 tu
1308 3017 1580 3082 quoque
1631 3016 1897 3064 mecum
1940 2994 2320 3084 profectura
2371 3016 2467 3063 es,
2526 3016 2561 3060 »

54 3079 162 3147 Nec
192 3103 341 3151 vero
378 3083 612 3171 plures
644 3104 850 3170 quam
902 3098 1159 3173 septem
1209 3083 1354 3153 dies
1397 3085 1941 3162 intercesserant,
1999 3106 2156 3153 cum
2223 3083 2565 3152 Theodota

54 3185 297 3255 quoque
341 3171 535 3260 (nam
588 3171 715 3240 hoc
777 3171 957 3241 filiae
994 3193 1245 3241 nomen
1276 3173 1469 3260 erat),
1529 3172 1759 3240 relicto
1811 3172 2094 3251 munde,
2148 3170 2230 3240 ad
2279 3184 2561 3239 matrem

53 3273 249 3337 suam,
286 3259 874 3346 quemadmodum
926 3262 1073 3350 ipse
1133 3259 1583 3360 praedixerat,
1629 3260 1978 3330 abscessit.
2034 3260 2282 3329 Eodem
2334 3272 2564 3328 autem

55 3352 328 3434 tempore
369 3346 568 3417 miles
602 3348 909 3434 quidam,
967 3370 1241 3418 nomine
1281 3349 1691 3437 Stephanus,
1745 3369 1990 3438 genere
2038 3348 2420 3427 Armenius,
2477 3346 2564 3415 ab

54 3431 334 3524 Europae
384 3438 697 3527 partibus
765 3436 1130 3525 profectus,
1182 3438 1302 3523 qui
1351 3437 1639 3506 dimidia
1690 3438 1798 3507 sui
1851 3449 2038 3524 parte
2069 3437 2559 3516 contabuerat,

55 3528 345 3610 totusque
369 3546 532 3615 prae
551 3524 786 3594 morbo
814 3525 1009 3594 humi
1039 3526 1377 3616 vergebat,
1399 3546 1558 3595 cum
1585 3546 1833 3614 magna
1860 3524 1974 3592 illa
2005 3525 2358 3606 miracula,
2392 3545 2569 3612 quae

52 3626 350 3702 amagno
392 3614 518 3682 hoc
554 3614 694 3682 viro
757 3613 1322 3703 designabantur,
1379 3614 1842 3692 intellexisset,
1899 3612 1981 3681 ad
2034 3636 2189 3683 eum
2244 3614 2560 3704 perrexit,

52 3706 231 3782 atque
275 3703 359 3770 ad
409 3703 560 3791 ejus
612 3702 815 3792 pedes
864 3702 1206 3783 accidens,
1260 3724 1338 3771 ea
1391 3702 1736 3790 postulare
1785 3703 2026 3791 coepit,
2089 3724 2264 3790 quae
2310 3713 2375 3772 et
2425 3702 2569 3792 ipse

51 3787 335 3878 accipere
382 3812 821 3881 summopere
878 3793 1198 3880 optabat,
1268 3804 1332 3860 et
1386 3790 1504 3858 ille
1551 3789 1750 3859 facile
1801 3791 2125 3880 praebere
2174 3803 2454 3881 poterat.
2495 3795 2572 3860 At

51 3869 171 3953 file,
214 3880 329 3963 qui
377 3878 514 3948 fide
546 3901 709 3968 erga
761 3881 1123 3948 Dominum
1175 3903 1252 3948 ac
1303 3879 1774 3949 benevolentia
1812 3879 2162 3968 praeditus
2221 3892 2386 3962 erat,
2442 3881 2571 3947 rni-

52 3964 342 4061 raculum
394 3967 478 4036 ad
530 3967 759 4057 ipsum
833 3967 1195 4049 transsert;
1248 3989 1545 4055 cumque
1607 3969 1693 4047 ei,
1747 3968 1867 4055 qui
1915 3968 2332 4058 aegrotabat,
2388 3981 2462 4036 ut
2510 3981 2575 4037 et

52 4065 250 4198 lspslus
313 4069 377 4125 et
439 4057 677 4126 matris
740 4057 1112 4146 imaginem
1181 4056 1546 4136 adoraret,
1601 4057 2029 4146 imperasset,
2083 4069 2288 4143 atque
2338 4056 2455 4124 ille
2503 4055 2569 4122 id

77 4153 299 4222 aceret,
353 4166 599 4214 sanum
651 4166 809 4213 eum
871 4166 1154 4234 prorsus
1202 4167 1280 4215 ac
1321 4144 1655 4215 valentem
1724 4145 2042 4215 reddidit.
2099 4151 2180 4214 Ut
2227 4146 2438 4234 igitur
2486 4143 2574 4211 ad

56 4229 531 4302 commilitones
583 4254 745 4302 suos
784 4254 857 4301 se
898 4234 1169 4321 recepit,
1206 4237 1667 4320 quaerebatur
1694 4256 1772 4302 ex
1821 4255 1922 4315 eo,
1960 4254 2259 4320 quanam
2316 4231 2573 4300 ratione

59 4317 510 4390 convaluisset.
566 4320 690 4390 Ille
735 4331 962 4388 autem
1011 4342 1163 4388 eam
1202 4323 1483 4390 minime
1534 4323 1888 4401 reticebat;
1943 4344 2216 4391 verum:
2271 4344 2308 4386 «
2343 4324 2572 4387 Mona-

61 4397 213 4474 chus
259 4409 564 4494 quidam,
610 4409 901 4488 dicebat,
944 4408 1330 4497 Stephanus
1364 4408 1665 4490 nomine,
1692 4410 1812 4496 qui
1845 4409 2030 4498 apud
2063 4414 2573 4479 Proconnesum
