2993 4837
26 334 167 399 NOV.
228 334 302 397 17
680 353 757 397 ns
807 354 859 396 s.
916 352 1209 399 incursio
1259 355 1358 399 ΕΡ.
1411 354 1851 400 ALExAnnamo
2319 340 2445 403 ³343

26 436 410 522 squalentem
470 436 717 523 Libyae
772 435 997 503 locum
1042 437 1353 505 conclusi
1406 459 1675 516 sumuS,
1726 438 1934 506 tridui
1980 440 2154 507 viam
2207 465 2246 508 a
2298 446 2535 509 Parae-

26 525 173 593 tonio
239 524 602 594 distantes.
665 548 700 590 »
755 525 931 606 Quin
984 525 1187 592 etiam
1245 526 1449 613 paulo
1521 525 1795 615 longius
1847 549 2252 616 progressus
2314 529 2527 597 dicit:

26 639 43 678 t
84 619 152 680 In
202 616 445 682 urbem
498 613 672 682 clam
726 628 790 681 et
837 637 914 682 ex
964 612 1232 683 occulto
1282 615 1576 704 ingressi
1624 630 1808 696 sunt,
1850 616 2023 685 alios
2070 617 2312 686 fratres
2363 618 2535 686 invi-

26 703 158 770 3uri:
212 702 593 791 presbyteri
643 702 921 789 quidem
986 703 1345 780 Maximus,
1407 704 1790 782 DioscoruS,
1834 706 2237 782 Demetrius,
2283 707 2533 775 Lucius

28 791 385 868 [Faustinus
436 792 623 859 enim
690 806 753 859 et
802 790 1086 877 Aquila,
1140 793 1259 878 qui
1326 792 1684 860 hominum
1747 815 2063 864 sermone
2124 795 2534 865 celebriores

26 893 171 959 3unt,
226 880 293 947 in
344 886 648 970 Aegypto
700 881 851 984 vagi
902 881 1273 969 oberrant),
1348 882 1627 950 Diaconi
1677 895 1906 951 autem
1961 897 2109 972 post
2176 884 2350 964 illos,
2412 884 2532 971 qui

26 970 197 1048 uestis
249 970 658 1058 contagione
718 968 948 1038 intecti
1010 970 1440 1050 interierunt,
1499 970 1712 1039 relicti
1774 975 2110 1053 Faustus,
2167 974 2528 1055 EusebiuS,

28 1057 450 1128 Ihaeremon:
507 1057 878 1127 Eusebium
938 1057 1114 1139 dioc,
1152 1080 1355 1144 quem
1412 1059 1499 1128 ab
1557 1059 1752 1128 initio
1812 1062 2306 1148 persecutionis
2356 1068 2532 1132 Deus

29 1150 120 1214 sua
152 1148 362 1236 gratia
394 1148 855 1226 roboraverat,
886 1157 951 1215 et
1005 1169 1136 1216 uon
1188 1147 1392 1215 modo
1443 1147 1527 1216 ad
1590 1148 1971 1218 ministeria
2029 1150 2527 1232 consessorum,

34 1236 117 1318 {ui
157 1237 550 1305 carceribus
603 1236 1030 1317 tenebantur,
1068 1258 1344 1305 summo
1384 1235 1614 1305 studio
1661 1249 1725 1306 et
1772 1239 1963 1306 omni
1998 1240 2214 1308 animi
2250 1254 2532 1309 conten-

34 1323 173 1392 ione
227 1325 589 1414 explenda,
655 1324 769 1393 sed
833 1325 1036 1393 etiam
1089 1325 1174 1393 ad
1227 1325 1457 1406 lintea,
1565 1326 1775 1394 uibus
1829 1349 2117 1417 corpora
2169 1330 2523 1398 beatorum

40 1427 361 1501 nartyrum
422 1415 569 1502 jam
643 1414 773 1480 vita
846 1412 1326 1483 defunctorum
1387 1415 1544 1483 invo
1580 1427 1940 1498 verentur,
1996 1417 2301 1517 neglecto
2359 1417 2533 1485 vitae

39 1501 292 1571 iericulo
334 1501 769 1571 conficienda
826 1504 1275 1591 praeparavit.
1318 1502 1705 1572 Praefectus
1756 1526 1912 1573 vero
1961 1506 2131 1574 nih11
2179 1506 2408 1574 adhuc
2447 1505 2531 1574 de

40 1611 125 1656 ma
166 1594 229 1658 in
281 1606 557 1661 sanctos
608 1591 889 1659 remittit
930 1592 1317 1671 acerbitate,
1365 1591 1481 1660 sed
1535 1592 1728 1674 alios,
1775 1594 1894 1680 qui
1944 1595 2026 1663 ad
2090 1617 2246 1663 eum
2311 1594 2530 1671 addu-

40 1690 259 1758 :untur,
300 1703 333 1749 e
366 1680 621 1759 medic,
658 1691 735 1748 ut
774 1679 937 1759 dixi,
991 1680 1193 1748 tollit:
1242 1681 1577 1767 quosdam
1624 1683 1977 1751 tormentis
2013 1683 2326 1763 dilaniat,
2363 1705 2530 1751 non-

42 1766 217 1836 mltos
241 1783 421 1838 arcta
456 1768 769 1838 custodia
813 1784 877 1837 et
917 1769 1211 1838 vinculis
1242 1769 1716 1838 conlabefacit:
1755 1784 1821 1839 et
1858 1794 2280 1859 quamquam
2337 1793 2530 1861 prae-

41 1854 181 1942 zipit,
219 1880 295 1925 ne
341 1859 713 1946 quisquam
755 1857 908 1926 illos
937 1857 1158 1938 adeat,
1200 1870 1403 1944 atque
1437 1859 1606 1926 adeo
1640 1859 1908 1928 curiose
1941 1862 2250 1947 inquirit,
2290 1862 2530 1948 ecquis

42 1946 381 2030 ‘eperiatum
422 1949 545 2034 qui
594 1968 710 2014 eos
759 1946 918 2014 velit
951 1946 1163 2026 adire,
1204 1953 1381 2015 Deus
1418 1960 1639 2016 tamen
1684 1970 2020 2036 propenso
2056 1949 2344 2019 fratrum
2383 1964 2526 2019 stu—

42 2028 138 2110 iio,
170 2047 225 2103 et
267 2036 549 2105 assiduo
596 2057 834 2103 eorum
899 2036 1276 2117 curatione,
1323 2037 1477 2107 illos
1528 2036 1676 2104 istis
1738 2059 1964 2106 rerum
2018 2039 2361 2128 angustiis
2409 2061 2525 2127 op-

42 2140 259 2204 pressos
306 2125 529 2194 reficit
576 2123 1045 2210 sublevatque.
1093 2148 1127 2189 »

108 2211 138 2292 §
174 2216 289 2283 ¹8.
347 2215 470 2283 Ubi
519 2211 661 2299 jam
718 2234 870 2300 pax,
907 2212 1142 2281 sedata
1180 2235 1387 2302 prope
1430 2214 1925 2302 persecutione,
1962 2215 2331 2284 constituta
2367 2214 2519 2293 suit,

48 2294 349 2385 Dionysius
400 2301 606 2371 rediit
653 2301 1127 2370 Alexandriam
1180 2301 1235 2368 *ἃ
1282 2307 1356 2370 ln
1408 2325 1545 2389 qua
1601 2304 1772 2371 urbe
1823 2316 1954 2372 tam
2006 2305 2234 2392 gravis
2283 2303 2528 2371 seditio

47 2396 95 2450 et
128 2383 340 2461 bellum
397 2389 803 2460 intestinum
855 2389 939 2459 de
994 2391 1259 2480 integro
1308 2392 1638 2469 aiebatur,
1678 2404 1754 2461 ut
1809 2390 2049 2463 fratres
2110 2393 2178 2461 in
2230 2392 2522 2472 civitate,

44 2490 333 2570 propterea
365 2480 552 2568 quod
588 2502 827 2549 omnes
865 2480 928 2547 in
968 2480 1367 2549 alterutram
1402 2481 1758 2550 seditionis
1786 2496 2042 2571 partem
2075 2482 2278 2550 divisi
2305 2494 2522 2560 erant,

44 2563 349 2650 Dionysius
398 2570 599 2639 nullo
650 2568 851 2637 modo
906 2582 1130 2657 posset
1194 2570 1506 2639 invisere.
1571 2569 1762 2638 Unde
1833 2572 1899 2639 in
1964 2572 2113 2660 ipso
2175 2570 2528 2640 Paschatis

42 2646 167 2720 sesto
191 2656 268 2723 ab
310 2659 449 2746 ipsa
488 2657 917 2736 Alexandria,
953 2658 1135 2727 velut
1164 2658 1353 2726 exsul
1398 2659 1483 2728 ab
1515 2669 1738 2727 extera
1773 2660 2069 2749 regione,
2115 2682 2232 2749 per
2268 2659 2526 2728 litteras

43 2758 158 2807 cum
192 2742 316 2813 illis
350 2746 647 2832 colloqui
685 2758 963 2816 coactus
993 2745 1142 2816 suit.
1184 2746 1601 2828 Quin-etiam
1646 2747 1847 2815 aliam
1893 2764 2118 2837 postea
2153 2748 2524 2838 Epistolam

41 2824 99 2892 ad
143 2832 466 2903 Hieracem
522 2835 967 2903 ecclesiarum
1035 2835 1312 2925 Aegypti
1380 2836 1792 2924 Episcopum
1846 2836 1930 2905 de
1979 2837 2303 2908 festorum
2356 2837 2528 2906 cele-

41 2910 292 2990 bratione
336 2925 769 3013 conscripsit,
811 2923 877 2991 in
922 2946 1058 3009 qua
1117 2924 1494 3003 seditioniS,
1549 2946 1724 3010 quae
1765 2924 2000 2993 eodem
2043 2940 2345 3014 tempore
2397 2926 2526 2995 suit

42 3001 422 3099 Alexandriae
455 3013 821 3093 concitata,
864 3012 970 3081 his
1007 3013 1231 3081 verbis
1267 3013 1678 3081 mentionem
1719 3011 1901 3081 facit:
1940 3037 1974 3079 «
2021 3016 2194 3096 Quid
2241 3016 2521 3093 mirum,

41 3109 79 3185 ξι
113 3098 374 3170 arduum
417 3116 485 3171 et
516 3101 796 3170 difficile
830 3102 917 3170 sit
950 3102 1122 3170 mihi
1156 3102 1340 3190 apud
1374 3124 1512 3181 605,
1549 3101 1666 3189 qui
1702 3100 2182 3190 longinquiore
2218 3103 2521 3174 locorum

43 3190 497 3276 intercapedine
555 3191 857 3270 distant,
924 3213 1042 3280 per
1090 3190 1414 3280 epistolas
1474 3205 1822 3276 tamquam
1882 3213 2108 3259 coram
2177 3214 2528 3261 sermones

41 3270 316 3369 con-ferre,
353 3302 509 3347 cum
562 3292 625 3348 et
675 3279 847 3347 mibi
895 3280 1027 3369 ipsi
1073 3302 1339 3349 mecum
1376 3279 1700 3365 colloqui,
1746 3292 1811 3347 et
1861 3280 2137 3368 proprio
2186 3281 2420 3349 animo
2457 3282 2524 3347 in

42 3373 217 3451 Venas
284 3382 502 3453 partes
572 3368 899 3437 distracto
971 3368 1337 3437 consilium
1404 3369 1569 3438 dare
1617 3389 1871 3456 anceps
1937 3381 2001 3438 et
2051 3367 2521 3456 periculosum

41 3445 347 3521 videatur?
394 3462 558 3525 Nam
611 3457 693 3524 ad
741 3457 994 3526 viscera
1050 3479 1223 3537 mea,
1270 3478 1457 3527 meos
1505 3457 1903 3527 carissimos
1963 3456 2245 3537 fratreS,
2286 3471 2527 3526 contu-

42 3526 323 3623 bernaleS,
360 3567 499 3614 uno
549 3546 764 3614 animi
814 3567 1157 3615 consensu
1211 3567 1479 3614 mecum
1531 3545 1929 3625 concordeS‚
1969 3545 2299 3615 ecclesiae
2348 3546 2528 3635 ejus-

42 3616 160 3691 dem
193 3630 380 3712 civeS,
427 3656 637 3724 cogor
681 3634 998 3720 equidem
1052 3635 1438 3703 necessario
1489 3634 1748 3703 litteras
1805 3636 2097 3723 scriptas
2154 3635 2359 3702 dare:
2414 3657 2528 3702 eas

43 3716 224 3807 tamen
271 3721 348 3789 ad
399 3724 553 3794 illos
606 3726 867 3792 mittere
916 3723 1148 3793 videor
1200 3723 1367 3791 mibi
1439 3723 1630 3791 nullo
1691 3723 1893 3792 modo
1945 3746 2165 3813 posse.
2230 3723 2527 3791 Facilius

43 3813 208 3881 enim,
246 3829 370 3877 non
422 3813 644 3882 dicam
703 3814 766 3881 in
810 3824 1071 3881 exteras
1117 3813 1450 3901 regioneS,
1495 3811 1612 3881 sed
1651 3812 1736 3880 ab
1788 3813 2046 3880 oriente
2080 3813 2162 3879 ad
2202 3834 2523 3880 occasum

47 3901 220 3971 usque
286 3898 403 3968 iter
469 3901 687 3971 facere
743 3901 1109 3987 quisquam
1172 3901 1433 3988 poterit,
1491 3923 1698 3986 quam
1755 3903 1842 3969 ab
1891 3923 2028 3969 una
2085 3900 2527 3969 Alexandriae

48 3988 195 4119 lime
245 3986 319 4053 ad
369 3989 646 4058 alteram
718 4011 1017 4079 pergere.
1082 3990 1298 4057 Media
1375 4011 1672 4074 namque
1743 3990 2037 4059 civitatis
2097 3989 2319 4078 platea
2370 3987 2530 4077 plus

67 4063 540 4167 tabet-periculi,
587 4078 879 4167 plusque
930 4077 1357 4146 difficultatis
1411 4077 1492 4145 ad
1536 4078 2063 4158 transeundum,
2121 4101 2329 4164 quam
2369 4077 2524 4146 soli·

52 4149 319 4253 tudqma,
355 4165 613 4235 deserta
657 4167 884 4257 longa,
921 4189 999 4235 ac
1051 4165 1262 4235 nullis
1313 4165 1673 4234 hominum
1740 4166 2046 4256 vestigiis
2096 4168 2275 4246 trita,
2315 4186 2524 4252 quam

52 4233 339 4318 Israelitae
368 4255 467 4324 vix
510 4257 784 4325 duabus
840 4255 1196 4324 hominum
1259 4254 1599 4325 aetatibus
1649 4269 2150 4344 peragrarunt:
2213 4269 2276 4324 et
2314 4275 2523 4341 quam

58 4398 358 4503 veffl‘ffiqssom.
377 4419 563 4511 sciit-ieet,
584 4416 862 4459 Valerianus
885 4431 912 4459 a
928 4416 1084 4460 Persis
1106 4423 1287 4467 captus,
1306 4420 1351 4459 ct
1374 4418 1422 4458 in
1443 4419 1718 4459 servttutcm
1739 4419 1969 4459 abductus
1991 4419 2165 4459 fuerat:
2186 4418 2232 4457 id
2253 4417 2378 4466 quod
2409 4426 2529 4456 anno

219 4491 224 4495 ·
250 4482 291 4502 ..·
333 4478 420 4509 acci
455 4478 502 4513 tt.
