2993 4837
81 352 234 417 NOV.
286 355 325 415 8
736 371 811 417 nn
859 371 911 417 s.
969 370 1319 418 consutum
1369 373 1465 418 ΕΡ.
1521 374 1905 420 AumAvasl
2379 358 2506 422 339

79 468 134 522 ut
166 456 368 542 possit
402 454 692 544 intelligi
742 476 960 544 genus
1003 455 1269 525 illustre
1309 457 1476 526 tanti
1527 459 1779 544 patriS,
1829 480 2031 544 quem
2077 470 2342 527 constat
2390 460 2590 527 etiam

74 545 233 633 gregi
277 564 400 612 suo
445 566 693 633 magna
746 567 914 614 cura
962 543 1381 634 invigilasse,
1435 546 1765 636 religione
1803 546 2369 626 celeberrimum,
2418 547 2596 616 litte-

74 654 275 701 rarum
319 633 602 702 scientia
638 645 700 701 et
727 655 953 702 rerum
990 654 1267 720 quoque
1291 649 1726 704 externarum
1764 650 1825 705 et
1857 636 2288 725 politicarum
2324 638 2587 726 peritia,

72 720 460 809 cumprimis
510 722 918 793 instructum
956 720 1191 793 fuisse.

138 812 299 895 §R
355 814 524 880 Cum
577 822 802 881 autem
863 810 976 878 ille
1024 810 1134 879 die
1188 809 1486 897 quodam
1542 833 1661 901 per
1711 833 1962 902 pagum
2019 812 2580 884 suessionensem

68 900 174 967 iter
208 897 526 979 haberet,
580 900 877 989 hospitio
925 900 1023 969 uti
1077 900 1287 969 voluit
1335 900 1532 989 ejus,
1595 922 1797 987 quem
1850 901 2177 983 diximus,
2225 902 2580 971 FrodoniS.

67 986 173 1068 Qui
208 1010 359 1055 cum
413 1010 624 1058 uxore
674 1010 799 1057 sua
834 1002 1181 1075 tamquam
1239 990 1351 1057 Dei
1384 1009 1656 1057 servum
1691 990 2064 1059 honorifice
2098 1012 2255 1059 eum
2294 992 2579 1082 accepit,

67 1088 118 1142 et
155 1075 502 1147 charitatis
547 1076 815 1157 officiis,
877 1078 1227 1164 multaque
1261 1077 1690 1146 humanitate
1741 1093 2147 1167 prosecutus
2187 1091 2332 1158 est,
2386 1093 2451 1149 et
2499 1080 2580 1148 ad

70 1163 246 1249 pedes
298 1166 452 1254 ejus
505 1166 755 1255 pariter
811 1164 1197 1255 provoluti,
1252 1168 1338 1234 ab
1390 1188 1504 1235 ore
1552 1166 1704 1252 ejus
1753 1166 1958 1235 verba
2012 1167 2254 1237 salutis
2317 1169 2592 1237 attentis

71 1252 293 1321 animis
344 1266 818 1344 perceperunt.
874 1256 1111 1324 Omnis
1144 1255 1325 1323 enim
1380 1276 1605 1323 sermo
1639 1256 1792 1341 ejus
1830 1278 1866 1325 e
1915 1255 2168 1325 divinis
2218 1269 2362 1324 erat
2411 1258 2591 1325 Scri-

74 1343 265 1427 pturis
310 1342 788 1433 depromptu3,
842 1342 924 1410 de
973 1343 1191 1443 gloria
1221 1344 1596 1433 justorum,
1651 1345 1734 1413 de
1831 1345 2023 1413 oenis
2061 1346 2457 1433 impiorum,
2497 1345 2581 1415 de

71 1443 434 1521 contemptu
471 1454 697 1501 rerum
752 1431 1124 1500 visibilium
1176 1446 1239 1500 et
1277 1432 1726 1514 caducarum,
1813 1455 1848 1501 e
1892 1434 2343 1503 invisibilium
2401 1456 2584 1503 sem·

73 1539 293 1615 perque
357 1521 701 1590 manentis
750 1520 1195 1590 beatitudinis
1248 1532 1311 1589 et
1367 1520 1706 1591 felicitatis
1772 1523 2211 1612 appetitione.
2282 1528 2586 1609 Cumque

69 1605 163 1674 ille
202 1609 297 1676 eis
343 1607 778 1696 loqueretur,
835 1609 1008 1677 inter
1055 1608 1189 1678 alia
1238 1609 1625 1679 sciscitatus
1672 1623 1772 1681 est
1820 1634 1897 1680 ex
1946 1613 2068 1692 eis,
2127 1633 2289 1681 num
2342 1633 2580 1698 quem-

69 1716 243 1781 quam
290 1719 326 1765 e
361 1696 598 1768 liberis
640 1698 785 1768 suis
823 1698 1026 1787 (duos
1064 1699 1245 1766 enim
1299 1698 1502 1778 filios,
1558 1697 1712 1767 illos
1755 1700 2004 1769 habere
2046 1701 2410 1789 didicerat)
2454 1705 2580 1768 Do-

71 1784 228 1853 mino
251 1787 663 1857 serviturum
702 1786 1130 1856 obtulissent.
1167 1791 1334 1855 Tum
1390 1809 1546 1857 vero
1580 1786 1676 1855 illi
1710 1788 1845 1857 alta
1880 1789 2220 1859 trahentes
2248 1789 2575 1877 suspiria,

74 1872 387 1961 multoque
438 1876 526 1945 ab
574 1875 793 1945 oculis
830 1888 1150 1944 manante
1185 1875 1643 1961 lacrymarum
1685 1877 1923 1957 imbre,
1983 1880 2176 1965 ajunt
2216 1899 2286 1946 se
2319 1877 2386 1946 id
2426 1900 2583 1946 nec-

76 1960 209 2030 dum
250 1963 489 2033 secisse
523 1988 537 2032 :
573 1987 708 2045 eos,
744 1986 914 2050 quos
942 1977 1095 2032 ante
1130 1966 1551 2055 genuissent,
1591 1986 1883 2050 quorum
1929 1966 2100 2034 alter
2153 1966 2384 2046 Fulco‚
2421 1965 2590 2034 alter

77 2048 189 2119 Odo
217 2053 591 2134 dicebatur,
627 2055 770 2143 jam
809 2052 1100 2122 seculari
1139 2053 1377 2122 militia
1417 2051 1802 2143 implicatos
1841 2055 2048 2123 teneri
2084 2078 2096 2121 :
2154 2076 2224 2122 se
2259 2056 2580 2144 verojam

83 2150 186 2208 toto
227 2141 557 2211 decennio
610 2141 866 2210 nullam
903 2141 1200 2209 edidisse
1246 2142 1529 2230 prolem,
1578 2156 1639 2209 et
1666 2144 1805 2230 jam
1847 2142 2117 2212 tendere
2152 2142 2235 2211 ad
2275 2155 2583 2212 senectu-

83 2235 219 2308 tem,
271 2253 388 2299 nec
440 2230 654 2299 ullam
708 2231 1032 2320 deinceps
1081 2252 1356 2320 sperare
1417 2231 1766 2299 sobolem:
1821 2253 2015 2300 orare
2081 2244 2356 2312 tamen,
2422 2243 2497 2298 ut
2546 2253 2584 2298 a

79 2311 299 2387 Christo
347 2320 498 2408 ipse
546 2320 643 2387 eis
695 2318 1059 2408 impetrare
1110 2320 1263 2388 velit
1299 2319 1546 2400 filium,
1600 2341 1800 2405 quem
1855 2321 2118 2410 possint
2167 2319 2585 2388 monasticae

22 2435 29 2446 ·
78 2402 441 2490 professioni
501 2408 915 2498 mancipare.
990 2407 1374 2498 Respondet
1423 2407 1582 2489 ille,
1637 2409 1718 2477 ad
1773 2432 1918 2478 eam
1975 2431 2112 2479 rem
2181 2431 2579 2500 promeren-

20 2543 29 2568 η,
77 2489 242 2574 dam,
292 2498 666 2587 expetenda
718 2520 866 2566 esse
922 2497 1265 2584 justorum
1320 2499 1529 2566 suffra
1589 2499 1648 2566 ia
1698 2511 1762 2566 et
1813 2499 2048 2567 merita
2081 2553 2098 2579 ,
2159 2499 2426 2588 piorum
2480 2497 2582 2565 la-

75 2599 326 2670 crymas,
354 2586 849 2655 monachorum
882 2601 944 2655 et
970 2587 1510 2672 circumquaque
1537 2521 1929 2677 ‘degentium
1959 2609 2308 2657 servorum
2339 2586 2587 2655 Christi

22 2709 27 2716 ·
80 2689 295 2765 preces,
342 2699 375 2739 «
421 2680 566 2744 Non
619 2676 850 2753 enim,
907 2675 1173 2761 inquit,
1230 2696 1444 2743 unum
1504 2699 1610 2742 me
1660 2676 1971 2745 sufficere
2024 2676 2213 2745 video
2276 2675 2438 2745 huic
2489 2677 2585 2744 rei

78 2763 557 2850 impetrandae:
612 2763 725 2832 sed
777 2764 936 2851 quia
979 2786 1053 2832 ex
1092 2763 1418 2852 propheta
1458 2764 1856 2845 didicimuS,
1905 2765 2171 2834 fidelem
2214 2765 2578 2834 Dominum

80 2845 131 2912 in
171 2853 484 2922 omnibus
536 2853 757 2922 verbis
800 2853 967 2934 suis,
1011 2853 1175 2939 quid
1222 2852 1335 2920 ille
1372 2853 1437 2919 in
1477 2853 1841 2942 Evangelio
1879 2855 2247 2942 promittat,
2302 2853 2584 2921 interio-

80 2935 235 3007 ribus
278 2942 567 3010 auribus
618 2941 909 3010 fideliter
941 2942 1271 3030 accipite:
1326 2944 1404 3010 Si
1446 2943 1632 3032 quid,
1679 2943 1794 3022 ait,
1849 2945 2180 3033 petieritis
2217 2948 2476 3011 Patrem
2517 2945 2585 3010 in

84 3030 295 3097 nomine
332 3053 500 3108 mec,
544 3031 726 3098 dabit
756 3032 936 3099 vobis
981 3031 1112 3119 (JO.
1159 3029 1316 3118 xvi).
1372 3035 1502 3098 Vos
1540 3052 1700 3120 ergo
1745 3033 1806 3099 in
1850 3031 2126 3099 nomine
2162 3031 2282 3099 filii
2322 3044 2580 3120 patrem

84 3118 311 3204 rogetiS,
350 3119 785 3204 credatisque
839 3141 952 3186 vos
986 3133 1411 3207 accepturOS,
1458 3132 1521 3186 et
1569 3120 1681 3187 siet
1722 3119 1935 3189 vobis.
1977 3141 2011 3184 »
2048 3118 2169 3187 His
2219 3119 2443 3198 dictis,
2499 3117 2580 3186 ad

81 3219 176 3270 sua
219 3206 552 3287 abituruS,
612 3207 749 3275 illis
804 3206 1151 3286 valefacit,
1222 3207 1665 3294 hortaturque
1720 3221 1794 3276 ut
1846 3209 1909 3275 in
1979 3228 2212 3296 preces
2260 3220 2324 3276 et
2372 3229 2410 3274 o
2465 3227 2580 3274 era

78 3288 302 3372 pietatis
339 3297 768 3365 incumbant.
807 3302 878 3364 At
916 3296 1014 3364 illi
1055 3296 1228 3365 duas
1265 3296 1520 3376 vineas,
1560 3295 1840 3363 alteram
1892 3296 2074 3384 apud
2113 3296 2410 3364 Morellic
2439 3315 2576 3362 ior-

80 3389 208 3459 tem,
256 3384 534 3454 alteram
576 3384 756 3474 apud
801 3384 1161 3474 cuphajas,
1206 3407 1366 3452 cum
1422 3383 1801 3453 redditibus
1849 3384 1906 3452 ei
1950 3383 2130 3452 dono
2183 3383 2452 3461 dedere,
2508 3394 2584 3450 ut

78 3463 322 3554 fratres,
379 3472 501 3555 qui
558 3473 685 3541 sub
742 3474 890 3563 e'jus
939 3495 1103 3542 cura
1152 3473 1512 3561 degebant,
1570 3473 1728 3542 inde
1778 3486 2346 3542 sustentarentur.
2402 3477 2587 3553 Quae

76 3557 313 3654 quidem
351 3562 466 3631 ille
524 3584 680 3630 cum
734 3562 1109 3653 gratiarum
1169 3563 1433 3631 actione
1481 3561 1866 3650 suscipiens
1896 3617 1910 3641 ,
1962 3562 2082 3630 ubi
2120 3560 2203 3629 ad
2244 3571 2584 3660 monaste-

80 3663 225 3714 rium
260 3673 461 3720 suum
499 3650 721 3729 rediit,
768 3651 1155 3720 convocatis
1187 3650 1545 3730 tratribus
1585 3649 1750 3735 quid
1798 3649 1913 3718 illo
1950 3651 2187 3718 itinere
2217 3661 2574 3727 evenisset,

76 3740 368 3822 exposuit,
416 3739 747 3808 Frodonis
794 3760 1068 3828 quoque
1116 3750 1179 3807 et
1226 3738 1548 3828 conjugis
1596 3738 1746 3825 ejus
1788 3737 2210 3807 devotionem
2263 3751 2326 3807 et
2377 3737 2587 3827 pieta-

11 3861 14 3880 *
81 3831 207 3917 tem,
242 3841 438 3914 atque
488 3829 574 3897 ab
622 3828 720 3896 eis
769 3850 1028 3897 munus
1067 3827 1436 3897 liberaliter
1473 3825 1827 3905 collatum,
1887 3827 2234 3895 indicavit.
2290 3831 2577 3906 FratreS,

9 3922 12 4003 j
77 3927 143 4013 ps
170 3915 430 3995 auditis,
471 3917 733 3987 Christo
773 3916 1083 4008 ingentes
1117 3928 1332 4005 agunt
1367 3916 1622 4006 gratias
1656 3970 1669 3996 ,
1721 3914 2017 3984 offerunt
2064 3915 2426 3995 sacrificia,
2476 3914 2577 4004 je-

72 4001 252 4092 Juniis
281 4017 341 4074 et
373 4005 631 4074 litaniis
661 4017 1164 4106 praepotentem
1204 4010 1416 4075 Deum
1459 4026 1851 4095 permovere
1877 4016 2235 4080 conantur,
2271 4016 2347 4072 ut
2372 4024 2582 4091 ocyus

80 4083 310 4161 illorum
360 4106 509 4163 voto
558 4093 867 4163 satlsfiat.
923 4094 1277 4174 ChristuS,
1344 4094 1454 4162 cui
1520 4092 1892 4163 humilium
1945 4106 2010 4163 et
2061 4106 2576 4161 mansuetorum

83 4192 308 4267 semper
355 4183 611 4271 placuit
659 4183 1047 4282 deprecatio
1079 4237 1094 4263 ‚
1165 4182 1441 4251 exaudit
1488 4181 1909 4252 desiderium
1967 4202 2391 4271 pauperum:
2446 4180 2584 4248 Eli-

84 4262 279 4358 zabeth
323 4272 620 4360 concipit
670 4271 915 4351 filium,
971 4292 1098 4340 suo
1133 4284 1433 4360 tempore
1483 4271 1550 4337 in
1603 4269 1806 4337 domo
1847 4272 1981 4350 Dei,
2020 4292 2195 4357 quae
2224 4282 2325 4338 est
2359 4268 2588 4337 Eccle-

86 4369 201 4432 sia,
260 4357 592 4429 luminare
644 4382 970 4451 magnum
1031 4359 1362 4429 futurum.
1430 4363 1812 4428 Accurrunt
1868 4359 2137 4449 cognati
2201 4370 2267 4426 et
2315 4358 2573 4436 vicini,

89 4441 225 4511 mira
276 4469 505 4518 omnes
558 4449 807 4518 laetitia
870 4463 933 4518 et
993 4447 1405 4517 exultatione
1465 4447 1907 4517 afficiuntur:
1963 4462 2027 4518 et
2091 4446 2337 4516 deinde
2399 4447 2582 4516 edita
