2993 4837
31 269 165 333 lov.
222 268 310 332 30
863 288 939 332 ua
987 287 1037 333 s.
1098 287 1344 333 nonsit
1392 286 1705 335 APOSTOLO
2334 277 2447 340 75⁴

31 370 193 439 indis
233 369 591 457 quatitur.
640 374 784 438 Non
849 369 913 436 in
974 370 1228 459 scapha
1280 370 1712 459 navigarunt,
1760 394 1966 459 quam
2018 371 2326 443 dissolvit
2381 389 2551 446 tem-

31 472 234 529 iestas.
294 463 449 527 Non
507 458 757 547 pisceS,
790 458 915 526 hoc
962 472 1085 538 est,
1143 471 1452 528 naturam
1499 460 1782 530 rationis
1817 474 2184 551 expertem,
2222 485 2299 531 ex
2358 464 2548 534 iscati

35 561 169 615 unt.
228 546 363 616 Sed
410 546 1006 633 quemadmodum
1051 569 1162 615 ars
1191 547 1333 627 illa,
1387 569 1523 633 qua
1573 548 1681 616 usi
1732 562 1914 629 sunt,
1954 551 2292 620 admirabi
2328 552 2408 633 is;
2464 554 2552 624 ita

34 650 52 704 t
100 635 386 713 illorum
445 636 933 715 instrumenta,
972 657 1139 703 nova
1175 650 1377 722 atque
1423 637 1749 707 inusitata
1798 640 2186 709 extiterunt.
2225 646 2389 710 Nam
2430 665 2551 730 pro

39 725 335 793 rundine
376 723 896 814 praedicatione
935 737 1248 804 utuntur,
1288 747 1408 813 pro
1446 724 1759 795 funiculo
1800 729 2154 809 memoria,
2195 751 2317 817 pro
2351 731 2552 800 hamo

31 814 317 893 utentia,
377 835 514 901 pro
565 834 720 882 esca
769 813 1146 893 miraculis,
1194 834 1316 901 pro
1357 825 1543 903 petra
1590 814 1818 894 coelis,
1873 839 1954 885 ex
2001 818 2256 903 quibus
2306 818 2553 903 hujus-

31 902 175 970 nodi
206 902 676 991 piscationem
712 914 1046 985 exercent;
1082 924 1202 991 pro
1238 902 1489 991 scapha
1526 902 1779 972 liabent
1804 905 2039 985 altare;
2089 928 2207 995 pro
2242 908 2550 995 piscibus

31 998 203 1078 teges
230 991 445 1059 etiarn
482 991 675 1079 ipsos
709 991 1017 1078 capiunt;
1050 1012 1171 1078 pro
1206 1012 1455 1080 sagena
1491 992 1931 1081 Evangelium
1969 995 2392 1084 expandunt;
2433 1018 2552 1084 pro

42 1092 130 1146 rte
170 1079 496 1147 divinam
605 1079 845 1147 ratiam
899 1078 1252 1159 adhibent;
1315 1101 1435 1168 pro
1484 1082 1655 1148 mari
1710 1082 1913 1149 vitam
1971 1083 2348 1152 humanam
2423 1098 2554 1153 tra-

32 1179 197 1247 itant3
252 1189 382 1257 pro
418 1101 692 1236 retibus
741 1172 976 1246 Cruce,
1021 1167 1202 1236 velut
1250 1190 1500 1257 sagena
1541 1170 1867 1254 quadam,
1909 1172 2007 1239 uti
2052 1172 2290 1241 solent.

81 1258 115 1341 ξ
163 1262 248 1327 2.
306 1256 487 1339 Quis
551 1277 861 1342 unquam
917 1255 1083 1324 vidit
1130 1279 1163 1323 a
1221 1258 1508 1325 mortuis
1559 1258 2017 1346 piscatoribus
2068 1262 2367 1330 viventes
2435 1260 2547 1329 ho·

32 1345 238 1425 aines,
296 1358 663 1430 tamquam
720 1345 964 1433 pisces,
1008 1345 1217 1434 capi?
1272 1348 1321 1413 Ο
1380 1367 1696 1431 magnam
1764 1348 2076 1417 crucifixi
2132 1349 2546 1439 potentiam!

32 1434 53 1499 )
102 1432 369 1503 divinae
420 1433 493 1502 di
561 1433 791 1502 nitatis
827 1434 1354 1522 praestantiam!
1408 1437 1458 1502 Ο
1499 1436 1971 1522 Apostolorum
2026 1460 2299 1507 summa
2350 1439 2551 1508 bene-

32 1519 184 1587 icial
227 1522 411 1591 Nihil
456 1534 522 1591 ta
560 1544 597 1589 e
644 1522 713 1590 in
753 1521 881 1591 vita
933 1544 1080 1591 esse
1128 1534 1367 1611 potest,
1418 1522 1623 1608 quale
1669 1537 1768 1593 est
1816 1526 2235 1613 Apostolicae
2341 1526 2551 1595 ratiae

31 1607 367 1709 astigium.
431 1609 650 1679 Multa
699 1622 879 1681 certe
932 1611 1102 1679 vidit
1159 1612 1466 1679 humana
1519 1612 1652 1680 vita
1702 1612 1895 1681 valde
1957 1613 2295 1684 admirabi
2332 1616 2432 1697 ia,
2486 1628 2551 1685 et

32 1698 386 1783 ›pinionem
427 1700 859 1788 superantia.
901 1700 1078 1767 Vidit
1116 1700 1295 1766 enim
1344 1701 1749 1789 sanguinem
1778 1702 2070 1772 effusum
2108 1703 2546 1786 clamantem,

31 1796 63 1851 et
106 1788 379 1857 caedem
417 1789 575 1856 sine
619 1787 852 1878 lingua
899 1788 1404 1868 vociferantem,
1432 1811 1510 1856 ac
1550 1801 1863 1859 naturam
1911 1804 2183 1881 propter
2215 1792 2546 1861 invidiam

31 1887 226 1943 zontra
292 1899 364 1946 se
415 1877 713 1945 divisam
752 1932 766 1957 ‚
818 1876 1091 1945 fratrem
1146 1898 1472 1965 germano
1539 1876 1729 1947 fratri
1783 1892 2065 1949 mortem
2118 1881 2542 1961 inferentem,

32 1982 78 2028 ic
115 1978 382 2053 propter
434 1966 741 2034 invidiae
774 1965 1050 2035 livorem
1095 1965 1642 2050 mortisjanuam
1683 1967 2110 2057 patefactam.
2142 1970 2323 2039 Vidit
2357 1970 2548 2039 illam

31 2053 130 2117 Soe
162 2075 389 2123 arcam
433 2055 504 2122 in
550 2053 787 2121 mundi
852 2054 1210 2143 naufragio
1262 2054 1578 2143 positam,
1624 2068 1689 2123 et
1725 2070 2005 2125 naturae
2055 2058 2401 2127 humanae
2442 2059 2548 2127 in-

31 2140 292 2209 teritum.
338 2142 527 2212 Vidit
571 2164 800 2211 senem
852 2155 1087 2212 contra
1140 2144 1413 2232 propria
1466 2144 1744 2223 viscera,
1801 2144 1925 2213 hoc
1973 2158 2074 2214 est
2115 2146 2364 2226 filium,
2416 2146 2550 2215 side

31 2244 362 2311 armatum,
416 2245 486 2300 et
537 2242 887 2317 tamquam
941 2232 1282 2299 victimam
1321 2254 1473 2300 eum
1511 2233 1761 2311 offerri,
1801 2234 1917 2318 qui
1971 2256 2209 2305 caesus
2249 2258 2378 2304 non
2418 2249 2542 2302 est.

32 2313 175 2383 Vidit
204 2318 725 2388 benedictiones
770 2320 951 2389 furto
997 2321 1418 2397 conciliatas,
1461 2331 1525 2386 et
1581 2320 1965 2390 formatoris
2018 2323 2170 2403 Dei,
2236 2345 2312 2390 ac
2373 2325 2546 2392 servi

31 2402 431 2485 palaestram.
472 2407 676 2476 Vidit
733 2408 1059 2478 invidiam
1113 2409 1287 2477 inter
1346 2406 1587 2478 fratres
1645 2424 1967 2489 exertam,
2038 2423 2102 2479 et
2149 2412 2541 2481 servitutem

31 2495 193 2585 ¹regni
258 2497 831 2565 conciliatricem.
897 2497 1075 2567 Vidit
1133 2497 1419 2565 somniis
1486 2510 1798 2586 paratum
1852 2499 2137 2578 solium,
2196 2513 2259 2568 et
2321 2500 2549 2571 fratris

31 2581 435 2654 insidiatores
479 2586 659 2654 same
693 2598 1030 2654 attractos.
1076 2586 1251 2653 Vidit
1281 2585 1537 2674 virgam
1581 2587 2072 2656 miraculorum
2111 2588 2543 2670 effectricem,

32 2678 74 2732 et
110 2671 348 2740 rubum
387 2675 573 2763 igne,
616 2687 963 2760 tamquam
999 2695 1167 2753 rore,
1208 2673 1735 2743 circumfusum.
1770 2675 1948 2745 Vidit
1989 2675 2214 2764 legum
2269 2676 2546 2746 latorem

31 2755 292 2842 lloyse'm
344 2762 709 2831 elementis
744 2762 1216 2851 imperantem.
1266 2761 1442 2829 Vidit
1492 2763 1717 2830 undas
1769 2764 1992 2852 ipsa5‚
2047 2778 2394 2851 tamquam
2452 2765 2550 2834 la-

31 2844 218 2926 pides,
264 2850 528 2921 solidas
580 2850 811 2928 factas,
863 2850 1279 2939 profundum
1322 2872 1505 2917 mare
1546 2851 1998 2932 denudatum,
2052 2853 2227 2921 viam
2269 2867 2542 2943 repente

31 2941 353 3014 structam,
394 2954 459 3008 et
495 2939 891 3007 columnam
929 2939 1133 3007 nubis
1174 2939 1236 3005 in
1276 2937 1408 3017 die,
1437 2961 1515 3006 ac
1561 2940 1738 3029 ignis
1773 2941 1838 3008 in
1881 2954 2096 3023 nocte,
2131 2943 2546 3032 populorum

31 3021 431 3094 multitudini
483 3027 730 3096 ducem
774 3037 1143 3095 ostensam.
1205 3027 1383 3094 Vidit
1432 3027 1691 3116 virgam
1732 3030 1878 3096 sine
1919 3041 2089 3098 terra
2157 3032 2552 3119 germinan-

31 3115 162 3173 tem.
216 3114 394 3182 Vidit
441 3137 479 3184 e
530 3114 716 3185 coelo
766 3117 963 3204 panis
997 3115 1141 3184 loco
1180 3137 1427 3184 manna
1457 3114 1680 3185 fundi.
1718 3118 2218 3187 Vidithominis
2248 3121 2551 3189 oratione

31 3193 238 3280 solem,
284 3209 640 3291 tamquam
692 3203 882 3273 freno
937 3205 1261 3290 quodam,
1328 3205 1503 3284 sisti;
1555 3218 1619 3274 et
1661 3207 1912 3276 sterilis
1956 3208 2275 3296 precibus
2334 3210 2551 3298 impe-

31 3289 295 3370 tratum,
350 3304 427 3360 ut
489 3294 639 3381 ipsa
712 3293 1113 3382 prophetam
1182 3293 1593 3382 conciperet.
1664 3295 1836 3364 Vidit
1885 3295 2144 3365 farinae
2203 3297 2546 3397 pugillum

31 3364 315 3472 frugibus
378 3382 858 3470 copiosiorem,
914 3396 977 3450 et
1007 3381 1356 3471 lacytbum
1407 3381 1537 3450 olei
1590 3382 1892 3452 fontibus
1942 3384 2542 3453 abundantiorem.

32 3457 480 3536 Viditcurrum
535 3470 603 3538 in
646 3473 801 3538 aere
833 3471 1100 3558 agitari,
1155 3483 1218 3538 et
1268 3471 1671 3559 prophetam
1710 3473 1995 3541 assumi.
2035 3473 2214 3540 Vidit
2248 3473 2550 3560 denique

31 3553 256 3644 tii-ortui
289 3577 467 3638 ossa,
510 3559 682 3627 vitae
725 3560 1098 3629 remedium
1143 3559 1314 3628 fieri.
1362 3559 1571 3628 Multa
1636 3559 1789 3628 talia
1848 3583 2091 3650 magna
2145 3574 2209 3629 et
2249 3562 2551 3630 admira-

33 3626 173 3704 bilia
210 3641 371 3740 isidit
402 3646 761 3717 bominum
802 3648 958 3717 vita.
996 3647 1119 3717 Sed
1174 3647 1290 3716 illa
1327 3660 1677 3733 tamquam
1715 3648 1991 3739 foenum
2026 3651 2544 3739 praeterierunt,

31 3731 81 3785 et
120 3740 399 3801 extincta
435 3749 618 3817 sunt,
664 3750 737 3806 ut
787 3737 1086 3818 lucerna,
1131 3748 1359 3806 exorto
1398 3736 1566 3804 sole.

106 3812 137 3908 ξ
181 3819 266 3884 3.
322 3822 498 3891 Nihil
550 3825 681 3893 tale
734 3847 1037 3911 unquam
1078 3825 1224 3902 fuit,
1279 3824 1484 3910 quale
1533 3824 1814 3894 fuerunt
1874 3826 2197 3916 Apostoli.
2268 3829 2348 3896 Hi
2385 3850 2545 3897 cum

36 3894 129 3964 Dei
165 3906 339 3974 verbi
375 3925 601 3983 essent
654 3914 975 3992 ministri,
1030 3924 1476 3983 attrectarunt
1525 3914 1957 3983 incarnatum
2011 3914 2236 3996 illum,
2276 3917 2420 4002 qui,
2475 3927 2553 3986 ut

36 3981 212 4082 ΠΡΨΞ,
266 3994 554 4085 figuram
624 4024 757 4070 non
826 4002 1046 4070 habet.
1122 4003 1347 4072 Secuti
1418 4014 1581 4072 sunt
1637 4002 2103 4073 ambulantem
2157 4026 2312 4072 eum
2349 4059 2363 4084 ,
2424 4004 2546 4091 qui

39 4069 268 4166 qbtque
304 4107 622 4172 praesens
660 4104 781 4160 est.
846 4090 1347 4160 Discubuerunt
1393 4113 1534 4159 una
1582 4113 1740 4160 cum
1794 4091 1933 4172 illc,
1991 4093 2107 4178 qui
2162 4092 2351 4161 nullo
2403 4091 2549 4161 loco

37 4175 620 4247 circumscribitur.
678 4179 844 4266 Ejus
891 4200 1120 4247 vocem
1172 4179 1609 4260 audiverunt,
1662 4181 1782 4267 qui
1831 4181 2035 4250 verbo
2082 4181 2240 4250 fecit
2287 4179 2541 4249 omnia.

42 4244 339 4358 lllundui'n
379 4263 605 4352 ipsum
660 4268 921 4358 lingua,
979 4280 1325 4355 tamquam
1378 4291 1634 4358 sagena
1682 4268 1979 4355 quadam
2030 4268 2541 4338 concluserunt.

43 4339 509 4425 hircumierunt
573 4358 720 4428 suis
787 4356 1107 4425 cursibus
1174 4357 1347 4425 fines
1407 4357 1597 4427 orbis
1662 4369 2023 4427 terrarum.
2095 4363 2402 4436 ErroreS‚
2473 4368 2550 4426 ut
