2993 4837
37 332 186 397 ⁸VOV.
239 332 319 396 ⁴0
866 350 943 395 na
991 351 1048 396 s.
1099 349 1351 397 Annam
1397 348 1706 396 Avatmno
2342 332 2468 397 383

35 435 133 503 fori
165 439 336 524 toga,
378 434 696 504 nondum
741 447 953 504 totum
1006 433 1178 504 illud
1214 433 1551 504 mundani
1584 434 1905 514 rumoriS,
1956 434 2075 522 qui
2109 428 2150 503 8
2182 434 2398 504 seculi
2435 434 2556 505 do·
2661 508 2671 519 ,

34 524 221 593 ctrina
266 522 603 611 illiusque
643 522 1012 613 plaudente
1063 523 1362 593 clamore
1408 545 1734 614 exurgere
1782 524 2152 611 animoque
2200 523 2557 594 inhaerere

34 611 192 691 solet,
239 612 652 702 deposuisse
691 611 1069 682 videbatur.
1120 612 1422 683 Andreas
1454 612 1735 702 provide
1773 612 2328 683 animadvertens
2369 613 2552 698 quod

33 700 336 789 regularis
384 701 654 781 tunica,
706 723 916 788 quam
956 701 1187 772 Nicola
1242 724 1293 771 s.
1329 713 1757 791 sumpserat,
1806 723 2034 770 rerum
2086 701 2553 770 humanarum

31 802 466 880 contemptum
526 789 729 879 plene
777 811 911 859 non
966 791 1178 880 proba
1231 802 1321 870 at,
1377 790 1700 879 quodque
1754 789 2028 861 babitus
2062 789 2363 859 difformi
2415 812 2557 858 ser—

31 879 192 947 moni
245 880 734 969 repugnabat,
793 878 1124 969 perfectae
1172 878 1585 948 humilitatis
1634 878 2075 968 disciplinam
2135 879 2226 947 ita
2280 878 2555 948 Nicolao

33 966 553 1055 amplectendam
581 967 960 1057 proposuit,
990 978 1068 1037 ut
1102 980 1315 1037 totum
1353 990 1424 1037 se
1449 967 1640 1039 illius
1664 967 1894 1038 studio
1924 967 2383 1049 committens,
2418 989 2551 1036 non

32 1055 299 1142 amplius
327 1057 505 1126 elate
537 1060 779 1146 sapere
815 1057 1001 1126 visus
1037 1056 1264 1137 fuerit,
1309 1057 1424 1126 sed
1461 1056 1546 1126 de
1578 1055 1839 1125 mundo
1880 1056 2125 1136 viliter,
2175 1055 2259 1125 de
2302 1078 2371 1126 se
2423 1056 2553 1126 hu·
2650 1054 2653 1061 '

35 1143 283 1213 millime
307 1146 643 1224 sentienS,
679 1144 1049 1214 sublimem
1081 1145 1410 1215 virtutum
1446 1146 1755 1216 omnium
1794 1144 2121 1227 lauream,
2165 1145 2556 1214 humilitate

35 1233 343 1322 magistra.
381 1234 670 1321 assequi
701 1233 1155 1304 contenderit.

107 1324 248 1406 58.
299 1323 635 1392 Theatina
683 1322 982 1403 familia,
1032 1336 1217 1393 tanto
1271 1322 1673 1412 prudentiae
1720 1322 1985 1393 lumine
2036 1321 2413 1403 illustrata,
2466 1321 2555 1391 de

36 1407 395 1480 abscondito
431 1411 758 1500 tyrocinii
792 1411 1048 1502 angulo
1079 1410 1165 1480 ad
1200 1412 1558 1481 universae
1588 1434 1754 1481 suae
1786 1412 2035 1482 domus
2085 1416 2150 1480 S.
2203 1411 2395 1480 Pauli
2433 1432 2556 1500 per

35 1517 162 1565 eum
207 1499 703 1588 gubernandae
752 1502 1052 1591 regimen
1088 1500 1320 1571 lumen
1358 1500 1528 1569 illud
1562 1502 1798 1582 evexit,
1837 1514 1911 1570 ut
1944 1522 2064 1590 per
2090 1499 2238 1585 ejus
2271 1499 2545 1570 virtutis

35 1605 269 1673 operam
313 1611 449 1659 non
503 1588 734 1658 solum
776 1590 1026 1670 orienS,
1069 1611 1300 1658 verum
1336 1589 1540 1658 etiam
1586 1589 1822 1659 adulta
1876 1588 2211 1678 regularis
2243 1601 2429 1658 aetas
2476 1589 2548 1657 in

37 1676 296 1773 praefata
345 1677 561 1747 domo
604 1677 862 1767 degens
913 1677 1156 1748 uberes
1211 1678 1479 1746 afferret
1517 1677 1862 1747 Altissimo
1912 1677 2198 1747 fructus.
2244 1677 2550 1747 Andreas

35 1773 246 1849 itaque,
302 1767 679 1857 praepositi
718 1788 1000 1848 munere
1048 1766 1432 1846 decoratus,
1489 1765 1693 1835 veluti
1744 1766 2024 1836 lucerna
2054 1788 2261 1856 supra
2296 1765 2553 1835 cande-

39 1848 264 1922 labrum
304 1856 557 1944 posita,
598 1877 759 1925 suos
799 1854 1106 1942 undique
1144 1854 1542 1925 effundebat
1586 1855 1835 1934 radios,
1874 1855 2130 1941 quibus
2165 1855 2545 1945 vigilantia,

39 1942 252 2024 oratio,
306 1958 709 2013 sanctarum
755 1965 983 2013 rerum
1035 1942 1464 2025 sollicitudo,
1518 1944 1886 2013 concordia
1919 1997 1934 2023 ,
2004 1944 2261 2012 rituum
2320 1945 2552 2015 obser-

43 2031 250 2111 vantia,
282 2046 345 2101 et
374 2033 733 2102 silentium
773 2053 907 2100 non
944 2032 1198 2102 otiosae
1237 2032 1459 2102 noctis
1486 2032 1691 2102 etiam
1725 2033 2021 2119 quietem
2058 2053 2386 2120 operosae
2415 2033 2551 2103 diei

45 2112 223 2215 lucem
255 2122 669 2199 sentiebant,
711 2132 776 2190 et
821 2142 994 2208 quos
1030 2121 1087 2189 vi
1147 2121 1191 2190 il
1236 2120 1507 2211 praesul
1554 2120 1796 2211 vigiles
1835 2121 2155 2190 cernebat
2187 2119 2500 2190 laborare
2530 2175 2545 2202 ,

51 2225 135 2272 sut
161 2211 527 2295 praesentia
563 2210 825 2279 fovebat
855 2232 1094 2299 exemp
1128 2210 1174 2278 i.
1205 2210 1273 2279 Pi
1333 2232 1440 2279 ros
1468 2232 1623 2279 vero
1653 2222 1717 2279 et
1747 2209 2194 2278 dormitantes
2219 2230 2551 2278 censurae

56 2296 347 2390 premebat
397 2298 749 2369 acumine.
795 2303 935 2369 Hoc
974 2312 1199 2367 autem
1238 2322 1273 2368 c
1328 2299 1591 2368 aritatis
1628 2298 1862 2388 jubar,
1907 2297 2090 2385 quod
2143 2297 2287 2368 suis
2333 2297 2546 2378 domi,

51 2377 261 2455 alienae
297 2408 579 2475 quoque
617 2387 1011 2458 effundebat
1050 2387 1350 2458 utilitati.
1387 2387 1479 2457 Ad
1520 2387 2058 2459 ministrandum
2091 2385 2275 2457 enim
2314 2385 2552 2477 poeni-

51 2474 249 2543 tentiae
282 2490 793 2546 sacramentum
849 2477 1284 2567 superiorum
1337 2478 1736 2546 auctoritate
1784 2477 2208 2566 designatus,
2259 2496 2392 2545 non
2448 2489 2551 2565 ty-

25 2562 267 2644 socinii,
322 2587 457 2634 non
516 2565 916 2656 magisterii,
972 2586 1105 2634 non
1161 2566 1623 2656 praefecturae
1653 2565 2153 2636 sollicitudines
2185 2564 2382 2634 illum
2420 2587 2550 2635 un-

27 2665 209 2732 ¹-quam
257 2652 726 2733 detinuerunt,
768 2654 936 2741 quin
972 2653 1371 2724 confessarii
1411 2676 1665 2725 munus
1698 2656 1923 2755 ipsum
1964 2654 2256 2724 fideliter
2290 2654 2550 2744 patien-

6 2745 234 2834 ¹‚terque
282 2755 752 2830 exequeretur.
820 2744 941 2812 His
1003 2744 1439 2833 postmodum
1498 2744 1853 2834 expeditus
1909 2745 2098 2813 curis
2133 2798 2148 2825 ,
2210 2755 2420 2813 totum
2473 2763 2565 2831 se>

27 2829 313 2923 ,piissimo
364 2831 586 2901 labori
648 2831 874 2900 alacer
942 2832 1403 2921 mancipavit,
1474 2844 1539 2901 et
1602 2833 2170 2922 vigilantissimus
2236 2844 2551 2901 aeternae

47 2931 386 3016 animarum
460 2919 707 2990 salutis
771 2920 1044 3009 opifex,
1111 2921 1463 3007 divinique
1521 2921 1775 2990 amoris
1841 2934 2249 3010 propagator
2306 2943 2552 3011 aspera

50 3018 249 3102 cuncta
295 3029 360 3076 in
416 3009 820 3096 hujusmodi
869 3009 1092 3078 officio
1141 3008 1460 3079 obeundo
1508 3010 1847 3079 constanti
1904 3010 2135 3079 animo
2184 3011 2543 3079 sustinuit.

49 3090 158 3158 lion
203 3117 642 3181 personarum
694 3097 1036 3178 conditio,
1100 3120 1230 3167 non
1284 3097 1745 3175 incommoda,
1804 3119 1936 3166 non
1991 3098 2312 3167 itinerum
2366 3098 2548 3167 diffi-

48 3177 307 3264 cultateS,
363 3208 498 3254 non
554 3186 800 3257 hiemis
850 3186 1077 3275 rigor,
1136 3208 1268 3255 non
1320 3187 1556 3256 aestivi
1590 3185 1758 3256 coeli
1800 3185 2042 3266 fervor,
2099 3208 2232 3255 non
2281 3186 2547 3274 pluviae

49 3282 257 3362 noctes,
289 3296 419 3342 non
452 3274 757 3344 locorum
796 3275 1122 3363 pericula,
1167 3298 1287 3344 nec
1317 3276 1596 3344 demum
1628 3275 1930 3344 humana
1961 3295 2273 3362 quaeque
2307 3275 2548 3343 mundi

48 3351 372 3454 dictamina
406 3362 714 3432 Andreae
738 3363 1131 3453 extinguere
1161 3376 1527 3454 potuerunt
1556 3364 1953 3433 charitatem
1989 3386 2005 3444 ;
2045 3363 2210 3444 imo,
2247 3362 2551 3430 irruente

49 3441 239 3530 aliquo
281 3470 356 3519 ex
405 3452 923 3539 impedimentis
964 3453 1387 3541 hujusmodi,
1443 3452 1666 3542 magis
1718 3452 2072 3541 magisque
2121 3449 2551 3520 acuebantur

49 3529 352 3632 charitatis
395 3541 737 3621 flammae,
776 3555 838 3608 et
873 3543 1376 3630 poenitentibus
1414 3541 1738 3627 majorem
1776 3542 2150 3610 rutilabant
2185 3540 2251 3608 in
2291 3538 2543 3619 lucem3

17 3639 108 3716 3³5
139 3636 229 3720 „ita
275 3627 614 3714 spirituali
667 3629 979 3700 omnium
1032 3630 1306 3700 utilitati
1340 3643 1402 3698 et
1447 3629 1834 3701 necessitati
1883 3629 2231 3718 expositus
2273 3627 2546 3697 nullum

50 3706 152 3775 sthi
199 3725 459 3804 tempus
507 3731 766 3787 certum
817 3719 1269 3799 esse'voluit,
1326 3719 1392 3787 in
1443 3740 1581 3806 quo
1629 3740 1795 3789 suae
1842 3740 2114 3805 quoque
2162 3715 2553 3787 consuleret

15 3795 375 3889 ÷yaletudini
408 3860 422 3886 ,
480 3829 633 3875 nam
687 3807 976 3896 dilapsis
1026 3809 1157 3877 sibi
1222 3809 1288 3875 in
1341 3819 1641 3877 scrotum
1709 3807 2095 3884 intestiniS,
2149 3805 2343 3875 dolor
2405 3805 2552 3893 ipse

12 3891 22 3972 ζ
55 3891 454 3986 incredibilis,
498 3917 635 3981 quo
667 3896 1042 3982 aliquando
1094 3897 1559 3986 torquebatur,
1605 3917 1740 3965 non
1773 3897 1831 3964 ei
1867 3894 2359 3995 impedimento
2394 3892 2544 3972 fuit,

55 3991 184 4054 quin
211 3977 333 4049 leni
360 3983 549 4052 vultu
576 3997 990 4072 paternoque
1014 4007 1246 4054 amore
1267 3985 1352 4055 ad
1377 4007 1447 4056 se
1468 3985 1816 4054 venientes
1841 3994 2200 4074 exciperet,
2224 3982 2549 4052 omnibus

8 4061 116 4155 faed
149 4071 359 4166 omnia
409 4072 650 4153 sactuS,
704 4085 780 4143 ut
826 4074 1096 4143 animas
1146 4075 1410 4143 Christo
1459 4072 1931 4153 lucrifaceret;
1985 4084 2404 4160 quapropter
2454 4082 2549 4139 to·

8 4163 18 4252 J
59 4159 162 4221 tius
193 4159 472 4255 civitatis
504 4161 985 4250 Neapolitanae
1035 4162 1426 4232 animarum
1465 4161 1853 4231 moderator
1891 4174 1955 4231 et
1991 4161 2316 4252 magister
2364 4181 2549 4229 nun-

6 4259 17 4331 ζ
61 4255 253 4324 ‘lupari
287 4249 679 4335 promeruit.

4 4344 14 4416 ‘3
79 4329 274 4420 ,ξὶῑ
323 4338 494 4407 Huic
547 4338 771 4424 itaque
822 4339 1125 4409 intentus
1175 4339 1390 4418 lucro,
1443 4339 1736 4419 animas,
1791 4361 1967 4426 quas
2013 4361 2261 4409 caecus
2302 4335 2550 4407 mundi

68 4411 213 4487 lui-or
256 4425 679 4511 perdiderat,
732 4427 815 4497 ad
866 4427 1223 4498 coelestem
1290 4428 1627 4497 revocavit
1674 4429 1893 4498 lucem
1932 4484 1947 4509 ,
2001 4451 2173 4516 quas
2232 4450 2384 4498 vero
2436 4424 2552 4495 Dei
