2993 4837
530 331 653 393 ⁴58
1273 351 1350 396 na
1398 351 1453 397 s.
1506 348 1744 398 canobo
1792 349 2122 398 aoaaonao
2681 335 2832 401 NOV.
2870 339 2899 404 l

438 434 506 501 in
543 454 623 502 eo
655 445 911 523 genere‘
948 433 1175 504 variae
1219 434 1770 516 continebantur,
1813 435 2080 504 recitari
2112 433 2344 521 jussit.
2383 440 2550 506 Tum
2586 435 2664 506 ad
2694 437 2905 509 animos

441 522 973 610 praeparandos,
1011 523 1276 592 civitate
1303 523 1385 591 ad
1413 523 1706 614 jejunia,
1739 523 2348 613 eleemosynasque
2387 525 2687 606 excitata,
2720 547 2908 596 omnes

436 632 666 681 sacros
713 610 1039 694 ordineS,
1098 610 1350 700 populo
1397 613 1788 692 comitante,
1849 612 2124 702 publica
2178 611 2672 703 supplicatione
2711 613 2903 692 duxit,

433 698 601 768 seria
631 715 874 786 quarta
907 700 990 769 ad
1021 701 1235 769 sancti
1276 702 1651 782 Ambrosii,
1688 715 1870 770 sexta
1905 701 1989 770 ad
2027 701 2244 770 sancti
2278 703 2641 784 Laurentii,
2680 702 2907 773 sabbato

433 787 516 857 ad
571 790 787 857 sancti
827 789 1256 878 Simpliciani
1291 843 1306 869 ,
1368 790 1646 858 stativas
1686 789 1935 858 deinde
1974 789 2516 879 supplicationes
2566 791 2630 859 in
2676 790 2908 860 ecclesia

434 878 691 978 majore
719 876 984 959 indixit,
1023 898 1159 968 quo
1185 898 1378 947 sacra
1409 877 1722 969 collegia,
1754 877 2119 967 clerusque
2144 879 2393 955 omnis.
2424 891 2626 967 atque
2650 879 2932 950 universa,

432 966 937 1047 civitaS,‘certis
982 967 1233 1056 cuique
1266 968 1500 1056 generi
1549 967 1737 1036 horis
1785 967 2196 1057 assignatis,
2244 967 2565 1037 distincte
2609 969 2914 1039 convenie-

432 1054 647 1124 bant:
701 1055 793 1124 ita
840 1066 916 1125 ut
963 1056 1150 1126 horis
1196 1055 1654 1147 quadraginta
1705 1077 1938 1144 preces
1984 1057 2577 1126 continuarentur.
2633 1061 2782 1127 Cum
2826 1073 2924 1146 per

431 1164 547 1214 eos
595 1143 741 1213 dies
789 1143 956 1213 festo
1003 1165 1499 1233 campanarum
1553 1165 1741 1224 sono,
1795 1145 2066 1213 animos
2113 1143 2236 1214 diu
2290 1144 2397 1234 pie
2443 1144 2912 1215 commovendos

432 1245 760 1314 curasset,
794 1234 863 1302 in
891 1254 1126 1302 eorum
1163 1244 1461 1302 extremo
1480 1232 1691 1324 jussit
1720 1255 1860 1302 uno
1889 1247 2188 1323 tempore
2223 1235 2482 1322 vesperi
2526 1235 2612 1304 ab
2644 1235 2912 1303 omnibns

431 1320 740 1390 ecclesiis
795 1321 993 1412 signa
1046 1320 1243 1402 dari,
1304 1342 1481 1407 quae
1528 1336 1936 1392 cunctorum
1987 1322 2257 1391 animos
2308 1322 2632 1393 inusitata
2669 1322 2912 1410 quadam

432 1408 711 1490 laetitia,
756 1432 914 1479 cum
976 1431 1204 1479 rerum
1244 1408 1635 1479 divinarum
1671 1410 2010 1479 desiderio
2050 1411 2443 1490 con‘uncta‚
2493 1410 2910 1500 perfuderunt,

430 1499 741 1598 proximo
788 1498 900 1567 die
947 1497 1317 1578 dominico,
1361 1520 1498 1585 quo
1545 1498 1658 1570 die
1712 1499 2125 1569 sacrosancti
2266 1499 2491 1569 neflcii
2541 1501 2770 1570 statuit
2805 1515 2916 1569 esse

432 1587 705 1656 initium
730 1640 746 1672 ,
800 1608 1030 1656 sacros
1066 1586 1331 1670 choros,
1370 1587 1784 1677 ordinesque
1820 1610 2061 1657 rursus
2093 1587 2288 1657 duxit
2321 1589 2724 1669 universos3
2758 1587 2852 1674 idq

430 1686 567 1744 tarn
620 1676 755 1766 pio,
804 1674 1301 1765 splendidoque
1357 1697 1445 1766 ap
1500 1689 1740 1758 aratu,
1795 1690 1871 1746 ut
1928 1675 2160 1745 divina
2221 1679 2553 1764 quaedam
2614 1677 2839 1748 celebri
2897 1675 2906 1682 ’

432 1763 779 1834 videretur
811 1818 826 1845 ,
890 1785 1278 1854 pompaque
1339 1785 1456 1833 coe
1485 1765 1673 1834 estis.
1737 1769 2119 1835 Convenere
2165 1786 2244 1834 ex
2290 1765 2600 1834 ecclesiis
2647 1765 2856 1836 omnib
2907 1763 2916 1774 “

430 1852 836 1933 sacerdotes,
876 1853 1090 1922 sacris
1131 1851 1556 1925 indumentis
1586 1854 1832 1934 ornati,
1876 1875 2050 1941 quae
2092 1852 2559 1943 pulcherrima
2602 1855 2887 1924 haberent

432 1953 871 2029 tenentesque
923 1940 1246 2010 manibus
1303 1963 1534 2012 cereos
1594 1963 1941 2023 accens03,
1997 1943 2065 2011 in
2125 1942 2645 2032 pretiosissimis
2692 1943 2889 2013 fercul'

428 2029 792 2100 collocatas
825 2030 1131 2120 insignes
1180 2044 1572 2100 sanctorum
1612 2031 1938 2118 reliquias
1968 2029 2422 2101 deducebant.
2469 2032 2748 2102 Infinita
2786 2053 2836 2101 m

429 2118 669 2200 titudo,
724 2141 859 2189 non
910 2140 989 2188 ex
1036 2119 1186 2208 ipsa
1237 2118 1439 2189 modo
1501 2121 1693 2200 urbe,
1749 2118 1862 2189 sed
1925 2141 2004 2189 ex
2056 2119 2246 2201 vicis,
2299 2141 2605 2210 agroque
2651 2122 2836 2190 unire

424 2208 888 2278 confluxerat:
945 2229 1121 2295 quae
1166 2208 1463 2277 maximo
1503 2208 1572 2276 in
1621 2207 1877 2298 ‘templo
1935 2208 2342 2298 constipata,
2399 2209 2847 2296 mutuisquei

430 2296 868 2385 pulsionibus
919 2308 1247 2399 perpetuo
1294 2318 1332 2365 a
1386 2297 1546 2365 itata
1583 2351 1598 2377 ,
1650 2297 1849 2384 quasi
1901 2297 2109 2366 undis
2156 2295 2370 2377 ultro,
2424 2297 2734 2385 citroque
2774 2317 2892 2367 com

426 2386 839 2466 meantibus,
895 2398 1065 2455 vasti
1113 2386 1315 2475 cujus
1368 2408 1475 2455 am
1532 2384 1751 2488 pelagi
1803 2385 2202 2456 fluctuantis
2249 2386 2546 2474 speciem
2601 2386 2906 2485 afferebat

425 2485 567 2543 tum
599 2496 754 2545 vero
805 2475 961 2544 totis
1006 2475 1133 2544 viis
1181 2473 1535 2544 confertim
1589 2497 1866 2555 emissa,
1924 2475 2083 2551 huc,
2138 2474 2305 2544 illuc
2352 2477 2838 2545 continenterss
2915 2520 2918 2523 >

427 2563 633 2643 tabat,
674 2564 840 2632 dum
883 2584 990 2634 res
1021 2577 1487 2634 sacrosanctas
1537 2564 1899 2654 inspicere,
1946 2586 2139 2633 sacra
2178 2585 2216 2632 a
2271 2564 2454 2632 mina
2495 2565 2833 2641 comitari,
2905 2646 2914 2655 Ι

425 2652 535 2740 pia
568 2651 865 2739 quadam
916 2653 1249 2722 anxietate
1297 2652 1591 2733 coroniS,
1645 2665 1722 2722 ut
1768 2652 2141 2743 appellant,
2179 2674 2221 2721 a
2313 2653 2726 2742 precationis
2757 2673 2865 2722 usu

426 2737 709 2828 paratis,
752 2737 946 2810 sa’cra
978 2739 1259 2822 fercula,
1299 2740 1652 2831 religionis
1682 2742 1923 2832 gratia,
1957 2753 2235 2831 tangere
2274 2742 2581 2810 certatim
2621 2742 2918 2811 studebat.

422 2830 727 2909 Quatuor
757 2828 1103 2909 Basilicas,
1159 2834 1625 2899 Romanorum
1659 2829 1992 2920 exemplo,
2030 2830 2384 2900 constituit
2413 2829 2718 2909 CaroluS,
2754 2828 2916 2918 quin·

421 2915 643 2986 decim
684 2916 953 2987 dierum
1003 2918 1224 3008 spatio
1260 2918 1661 3006 quindecies
1700 2917 2099 2997 obeundas,
2157 2919 2520 3008 majorem,
2562 2919 2776 2988 sancti
2803 2923 2918 3015 Am:

420 3004 671 3085 brosii,
724 3007 941 3076 sancti
998 3007 1344 3077 Laurentii
1383 3021 1449 3075 et
1504 3008 1722 3077 sancti
1774 3007 2250 3097 Simpliciani,
2304 3028 2479 3093 quas
2528 3007 2697 3076 aede
2743 3012 2922 3076 sanc&

418 3094 682 3163 Nazarii
731 3095 987 3176 addita,
1041 3096 1243 3165 etiam
1285 3096 1620 3165 Antonius
1660 3095 2231 3186 Archiepiscopus
2275 3095 2439 3165 olim
2490 3096 2912 3171 constituerat,

418 3181 505 3252 ad
537 3183 749 3251 divini
790 3183 978 3256 illius
1027 3184 1334 3255 muneris
1363 3205 1562 3274 opem
1597 3184 2182 3273 consequendam.
2233 3189 2444 3271 Atque
2483 3206 2604 3272 pro
2643 3182 2920 3254 facultate

416 3272 793 3354 Pontificia,
830 3285 1050 3344 certos
1097 3294 1449 3342 sacrarum
1484 3272 1992 3343 confessionum
2048 3273 2418 3353 ministroS,
2472 3294 2553 3342 ea
2600 3272 2686 3342 de
2715 3286 2918 3341 caussa

416 3359 713 3452 delegit,
781 3375 1033 3432 certam
1086 3361 1530 3451 praescripsit
1578 3362 1940 3450 precandi,
1993 3375 2058 3431 et
2117 3361 2441 3432 ecclesias
2500 3360 2798 3431 adeundi
2839 3377 2916 3425 ra·

417 3447 716 3519 tionem:
770 3450 838 3519 in
888 3472 1026 3538 qua
1072 3449 1354 3538 quidam
1419 3450 1679 3520 ratione
1740 3472 2023 3520 currum
2078 3471 2212 3520 non
2262 3450 2591 3531 admisit,
2646 3463 2920 3545 vanaque

415 3539 649 3608 omnia
684 3551 1086 3608 ornamenta
1132 3538 1402 3608 excludi
1452 3540 1738 3609 curavit.
1794 3538 2109 3620 SenibuS,
2163 3537 2554 3618 imbecilliS‚
2610 3548 2912 3631 aegrotis,

414 3627 682 3709 vinctis,
722 3627 1060 3718 religiosis
1095 3628 1504 3718 virginibuS,
1544 3650 1720 3716 quae
1767 3627 2090 3698 claustris
2120 3628 2582 3708 continentur,
2632 3622 2936 3717 providit„

414 3737 498 3783 ne
527 3737 605 3784 eo
655 3737 939 3785 munere
984 3727 1315 3786 carerent.
1369 3722 1641 3786 Praeter
1672 3718 1950 3804 scripta,
2004 3738 2178 3805 quae
2230 3716 2442 3785 multa
2494 3717 2639 3816 ipse
2687 3714 2768 3784 ad
2803 3710 2936 3812 [ru-⁴

413 3819 599 3874 ctum
665 3805 1093 3893 salutemque
1142 3827 1421 3875 suorum
1464 3806 1715 3886 edidit,
1771 3804 2039 3876 libellos
2086 3805 2288 3875 etiam
2342 3804 2424 3873 de
2471 3804 2723 3873 divinis
2767 3818 2910 3895 ejus·

414 3892 598 3961 modi
637 3895 1040 3964 muneribus
1089 3894 1551 3981 acquirendis,
1605 3895 1825 3981 deque
1877 3895 2215 3981 religiosis
2263 3893 2431 3963 locis
2468 3893 2576 3981 pie
2614 3886 2910 3961 adeundis

412 3981 520 4050 edi
570 3983 855 4065 curavit,
908 3982 993 4053 de
1043 3983 1432 4073 praecipuis
1484 3984 1846 4053 Mediolani
1893 3983 2225 4062 ecclesiiS‚
2280 3982 2501 4069 deque
2560 3981 2790 4057 rebus,
2839 3974 2911 4072 lo-

412 4069 648 4157 cisque
695 4093 929 4142 earum
985 4071 1548 4163 religiosioribus,
1607 4073 1698 4163 pii
1759 4071 2021 4161 publici
2075 4071 2341 4142 ardoris
2399 4069 2682 4158 juvandi
2728 4062 2908 4156 grana

414 4159 771 4248 proprium
831 4160 1139 4230 libellum
1191 4161 1533 4231 conscribi
1584 4162 1812 4249 jussit.
1865 4160 2202 4230 Ecclesias
2253 4160 2439 4250 ipsas
2487 4157 2808 4229 delectas,
2853 4158 2910 4245 u}

411 4248 627 4316 animi
697 4250 1165 4320 vehementius
1235 4250 1822 4332 accenderentur,
1890 4271 2098 4336 quam
2173 4248 2647 4318 ornatissimas
2707 4241 2904 4312 haben

402 4336 654 4426 jussit,
707 4350 771 4405 et
821 4338 887 4406 in
940 4339 1110 4426 ipsis
1156 4361 1634 4426 quaecumque
1684 4361 1790 4409 res
1839 4339 2167 4429 religione
2218 4337 2625 4428 insigniores
2668 4338 2899 4403 essent.

411 4423 802 4515 frequenter
834 4426 1122 4515 proponi
1154 4449 1171 4506 ;
1210 4427 1416 4515 idque
1450 4450 1585 4497 non
1621 4427 2004 4498 incolarum
2042 4426 2517 4502 tantummodo
2551 4423 2775 4500 caus-i,
2806 4409 2896 4484 5θά
