2993 4837
524 304 653 368 470
1199 316 1280 366 DE
1326 321 1381 367 s.
1438 319 1776 368 noxoflouo
1825 316 2217 367 com-“Essonss
2650 299 2820 365 Nov.
2867 304 2960 364 ta

438 404 823 475 Homoboni
868 404 1247 484 miraculis,
1300 404 1613 491 vitaeque
1653 404 2134 484 sanctimonia,
2172 404 2239 471 in
2277 403 2659 492 catalogum
2702 418 2937 473 sancto·

438 516 591 562 rum
641 493 934 562 maxima
985 515 1141 563 cum
1196 491 1588 562 celebritate
1626 506 1690 562 et
1738 494 2069 582 religione
2118 492 2371 573 retulit,
2416 514 2596 561 anno
2642 492 2746 562 sui
2799 497 2938 560 Pon-

438 582 736 650 tificatus
773 582 1017 670 prim0‚
1060 581 1302 652 salutis
1351 595 1576 651 autem
1616 582 1964 651 humanae
2005 582 2450 670 nonagesimo
2495 593 2722 650 octavo
2751 603 2938 669 supra

436 670 765 741 undecies
797 670 1274 751 centesimum,
1319 693 1367 738 u
1404 671 1736 740 calendas
1773 671 2165 740 Januarias.
2203 671 2410 759 Cujus
2445 669 2536 737 rei
2571 669 2936 759 diplomata,

438 780 615 844 quae
665 781 733 827 re
792 759 1108 828 interiore
1177 759 1413 847 templi
1466 761 1746 849 maj0ris
1809 760 2107 829 sacrario
2164 765 2530 828 Cremonae
2589 772 2935 835 servantur,

443 848 896 916 certissimam
957 847 1214 916 faciunt
1275 848 1508 927 fidem,
1574 870 1870 936 quorum
1947 847 2338 936 exemplum
2421 846 2582 916 huic
2658 847 2944 917 historiae

439 935 893 1005 adscribetur.
1476 993 1479 994 f

527 1026 562 1110 ἕ
595 1029 724 1096 1⁸2.
758 1030 947 1095 Anno
986 1038 1210 1096 autem
1254 1024 1620 1095 millesimo
1657 1026 2127 1094 trecentesimo
2159 1024 2741 1113 quinquagesimo
2766 1039 2941 1102 sexto,

439 1135 599 1181 cum
641 1127 954 1204 apertum
1008 1130 1182 1186 esset
1231 1114 1444 1185 sancti
1499 1114 1883 1183 Homoboni
1936 1113 2359 1204 sepulcrum,
2416 1126 2775 1200 praesente
2817 1113 2944 1200 Epi-

440 1223 646 1290 scopo
694 1215 759 1270 et
806 1208 1137 1282 praetore,
1188 1205 1539 1289 multaque
1578 1203 2160 1272 clementissimus
2209 1208 2387 1271 Deus
2436 1202 2587 1289 ipso
2647 1201 2766 1270 illo
2811 1214 2947 1270 tein-

441 1312 606 1390 pore
652 1289 977 1361 edidisset
1025 1292 1401 1362 miracula:
1457 1314 1536 1359 ea
1585 1313 1731 1371 res,
1788 1291 2164 1377 eademque
2225 1290 2373 1361 dies
2432 1289 2944 1380 auspicatissimi

439 1377 628 1447 lllius
665 1380 839 1447 inter
874 1380 1341 1451 nobilissimos
1375 1381 1553 1449 viros
1584 1380 1913 1449 Consortii
1949 1379 2106 1449 fecit
2135 1379 2436 1448 initium:
2473 1380 2595 1464 qui
2624 1391 2944 1466 tamquam

437 1466 928 1537 beneficentiae
978 1471 1362 1540 Homoboni
1412 1468 1737 1538 haeredes
1787 1468 1986 1547 facti,
2042 1468 2141 1536 sic
2191 1490 2355 1537 suae
2402 1467 2599 1536 urbis
2647 1489 2946 1558 pauperes

441 1555 615 1623 mira
665 1557 1083 1646 benignitate
1126 1571 1188 1627 et
1239 1557 1602 1646 prudentia
1652 1556 1733 1626 ad
1789 1559 1966 1626 hanc
2009 1557 2188 1625 diem
2240 1556 2462 1626 colere
2514 1571 2942 1643 perseverant.

440 1645 750 1713 Proximo
798 1645 1045 1715 deinde
1092 1670 1321 1727 ann0‚
1368 1647 1484 1732 qui
1539 1647 1666 1715 suit
1727 1645 2136 1716 millesimus
2207 1646 2731 1715 trecentesimus
2778 1646 2946 1733 quin·

438 1734 884 1822 quagesimus
919 1736 1277 1823 septimuS,
1336 1737 1626 1824 septimo
1675 1733 1950 1804 Calend.
1987 1733 2180 1812 Julii‚
2225 1757 2262 1803 a
2314 1734 2680 1804 Canonicis
2723 1758 2803 1804 ac
2834 1754 2944 1801 cae·

440 1822 602 1890 teris
650 1823 1070 1892 cathedralis
1141 1824 1468 1894 ecclesiae
1538 1823 1807 1893 clericis
1882 1822 2287 1892 translatum
2363 1822 2493 1891 suit
2562 1824 2688 1891 viri
2765 1823 2942 1893 sancti

438 1931 689 1998 corpus
735 1911 803 1979 in
847 1934 996 1980 eam
1042 1913 1321 2001 majoris
1372 1912 1606 2000 templi
1655 1913 2170 1982 subterraneam
2211 1923 2496 1999 partem,
2538 1912 2662 1980 ubi
2699 1911 2767 1980 in
2809 1932 2946 1980 mar-

441 2019 668 2067 moreo
717 2001 985 2070 tumulo
1018 2004 1475 2092 compositum
1514 2001 1826 2087 quiescit,
1869 2011 2131 2089 praeter
2169 2022 2385 2089 pauca
2418 2000 2764 2086 quaedam
2802 2021 2938 2072 ossa.

438 2086 506 2153 in
561 2089 785 2177 priore
833 2090 1148 2178 sepulcro
1200 2090 1480 2170 relicta,
1547 2102 1611 2160 et
1669 2102 1935 2178 praeter
1982 2102 2229 2178 caput,
2298 2089 2481 2175 quod
2537 2087 2940 2159 tabernaculo

437 2176 816 2256 conditum,
864 2179 931 2246 in
970 2179 1190 2267 ipsius
1229 2178 1504 2266 majoris
1540 2178 1776 2266 templi
1811 2180 2110 2247 sacrario
2149 2177 2559 2247 custoditur.

524 2266 560 2351 ἓ
607 2269 743 2336 18.
788 2267 1334 2356 Quamplurimis
1381 2267 1583 2336 etiam
1640 2280 1871 2356 postea
1921 2267 2031 2336 hic
2066 2267 2307 2337 beatus
2345 2266 2704 2336 confessor
2735 2264 2938 2335 claruit

439 2353 834 2425 miraculis:
876 2368 950 2426 ut
989 2378 1144 2426 cum
1188 2357 1397 2447 patria
1444 2378 1567 2425 sua
1607 2355 1845 2426 multis
1887 2378 1956 2427 se
1987 2368 2052 2425 et
2082 2355 2622 2425 evidentissimis
2659 2354 2942 2445 periculis

436 2443 688 2513 auxilio
736 2445 885 2532 ejus
918 2458 1218 2535 ereptam
1263 2445 1475 2515 fuisse
1526 2443 1886 2515 manifesto
1920 2445 2334 2535 cognoverit,
2374 2445 2566 2514 hunc
2612 2446 2768 2532 jure
2807 2442 2938 2533 opti·

439 2552 548 2600 mo
597 2534 881 2613 invocet,
921 2534 1121 2614 colat,
1165 2518 1543 2613 veneretur,
1586 2534 2102 2622 patrocinioque
2149 2534 2297 2623 ejus
2332 2556 2404 2603 se
2455 2546 2521 2603 et
2576 2556 2768 2604 nunc
2804 2553 2934 2603 esse,

436 2631 500 2688 et
533 2622 814 2710 posthac
855 2622 994 2692 sore
1034 2635 1273 2703 tutam,
1320 2623 1614 2693 maxime
1647 2622 1971 2693 confidat.

868 2893 1311 2958 EXEMPLUM
1366 2891 1854 2958 DIPLOMATIS
1905 2891 2370 2958 INNOCENTII
2421 2892 2545 2956 III.

522 3066 557 3151 ξ
605 3069 753 3137 19.
806 3067 1245 3136 Innocentius
1294 3068 1676 3156 Episcopus
1725 3088 1963 3136 servus
2013 3088 2361 3136 servorum
2407 3066 2543 3139 Dei.
2586 3065 2845 3135 dilectis
2885 3062 2936 3128 fi·

372 3152 385 3173 '
440 3153 570 3234 tiis,
612 3156 932 3223 universo
981 3155 1169 3224 Clero
1204 3169 1267 3223 et
1314 3155 1566 3244 populo
1618 3159 2016 3224 Cremonen.
2056 3155 2347 3224 salutem
2403 3167 2469 3223 et
2520 3154 2932 3244 Apostolicam

434 3242 1004 3313 benedictionem.
1048 3244 1220 3326 Quia
1273 3245 1488 3333 pietas
1544 3244 2065 3332 promissionem
2120 3245 2322 3313 habet
2365 3244 2539 3311 vitae
2580 3267 2755 3330 quae
2793 3257 2934 3309 nunc

433 3344 554 3412 est,
609 3346 673 3401 et
722 3332 1031 3401 futurae:
1090 3334 1317 3419 justus
1349 3347 1413 3401 et
1450 3332 1841 3401 misericors
1887 3333 2218 3401 Dominus
2277 3331 2514 3401 fideles
2567 3356 2750 3412 suos.
2799 3346 2934 3416 quos

435 3421 964 3508 praedestinavit
1011 3405 1093 3490 ad
1135 3421 1369 3502 vitam,
1419 3420 1808 3506 frequenter
1858 3421 1925 3488 in
1961 3421 2088 3490 hac
2122 3422 2252 3489 vita
2294 3420 2663 3511 glorificat,
2708 3433 2767 3490 et
2795 3436 2932 3487 scm·

434 3531 553 3599 per
585 3511 654 3578 in
706 3510 936 3579 futuro
976 3524 1290 3579 coronat:
1332 3510 1589 3597 quibus
1621 3522 1686 3579 et
1721 3531 1840 3598 per
1879 3510 2277 3600 prophetam
2314 3511 2758 3599 promittitur:
2792 3504 2930 3576 Dabo

431 3621 543 3667 vos
574 3601 643 3667 in
685 3600 979 3680 laudem,
1008 3601 1327 3689 fior-iam,
1357 3609 1417 3667 et
1445 3600 1753 3667 honorem
1798 3600 1867 3667 in
1906 3601 2159 3668 cunctis
2242 3601 2464 3688 opulis
2500 3598 2764 3687 (Μαιιή.
2795 3591 2924 3675 mil:

431 3699 495 3756 et
548 3710 666 3775 per
714 3711 785 3757 se
825 3687 1224 3776 pollicetur:
1272 3690 1652 3777 Fulqebunt
1680 3689 1862 3777 justi
1894 3690 2065 3756 sicut
2104 3622 2312 3757 solpin
2359 3711 2566 3777 reyno
2607 3687 2813 3756 Patris
2851 3704 2929 3777 θρ-

430 3799 581 3844 rum
631 3776 770 3865 (Ps.
831 3781 969 3863 67):
1039 3777 1381 3846 mirabilis
1429 3776 1611 3844 enim
1666 3778 1733 3843 in
1799 3776 2025 3866 seipso
2081 3777 2433 3857 Dominus,
2505 3774 2921 3869 mirabilis-111

431 3868 712 3948 sanctis,
768 3865 1108 3934 mirabilis
1158 3866 1225 3935 in
1277 3866 1547 3936 cunctis
1597 3864 1923 3954 operibus
1973 3865 2157 3933 suis:
2205 3887 2438 3934 verum
2476 3866 2674 3934 nobis
2703 3859 2924 3953 exhibet

430 3976 595 4023 suae
628 3954 895 4024 virtutis
945 3953 1306 4035 indicium,
1346 3967 1411 4022 et
1458 3952 1936 4043 frigescentem
1970 3954 2115 4043 jam
2165 3954 2232 4021 in
2272 3953 2591 4042 pluribus
2623 3950 2920 4048 charitatis

430 4043 845 4199 igniculum,
893 4042 1316 4114 mirabilium
1356 4064 1639 4111 suorum
1677 4043 1898 4131 signis
1928 4041 2276 4111 accendit:
2323 4042 2692 4131 assumptis
2735 4039 2916 4107 111an

429 4154 474 4221 g
504 4132 719 4200 oriam
772 4154 996 4214 suam,
1050 4132 1170 4218 qui
1221 4142 1654 4201 certaverunt
1695 4131 1999 4217 legitime
2048 4132 2114 4199 in
2167 4130 2296 4199 hoc
2338 4129 2638 4200 mundo:
2685 4126 2761 4197 ad
2804 4141 2918 4222 {ne-

431 4220 686 4288 morias
717 4242 955 4289 eorum
1001 4220 1280 4290 innovat
1312 4221 1554 4310 signa:
1609 4230 1675 4289 et
1726 4219 2098 4300 mirabilia,
2128 4219 2323 4307 juxta
2384 4219 2915 4309 prophetam‚1m·

433 4318 686 4374 mutat:
743 4322 816 4376 ut
864 4309 984 4394 qui
1034 4323 1315 4378 sanctus
1363 4321 1463 4377 est
1512 4307 1697 4397 apud
1750 4308 2006 4398 ipsum,
2047 4320 2329 4377 sanctus
2377 4309 2581 4378 etiam
2627 4306 2704 4374 ab
2732 4302 2912 4369 homi-

435 4392 642 4462 nibus
691 4394 1067 4465 habeatur:
1122 4410 1185 4465 et
1236 4397 1305 4464 in
1343 4397 1473 4465 hoc
1511 4398 1910 4486 praesertim
1962 4396 2464 4467 haereticorum
2513 4388 2911 4465 confundatur
