2993 4837
66 308 219 375 Nov.
275 308 358 372 ⁴9
570 326 649 372 na·
697 326 752 373 s.
807 325 1171 383 susanam,
1228 324 1408 372 nucis
1458 326 1830 374 nuncnune
1877 327 2046 373 rima
2372 313 2502 376 597

65 411 286 498 Exequi
318 409 691 498 justitiam,
749 410 969 480 facere
991 409 1365 500 judicium,
1424 412 1595 481 tueri
1640 433 1903 502 pacem,
1941 412 2031 481 ita
2071 423 2215 482 erat
2248 412 2351 482 illi
2386 412 2586 483 fam-i·

64 500 225 579 liare,
282 513 359 569 ut
394 499 829 588 principibus
868 499 1024 570 aliis
1057 521 1190 569 non
1246 500 1478 569 minus
1529 500 1704 569 viam
1750 513 2156 572 monstraret
2209 524 2329 591 pro
2369 502 2574 585 fama,

62 611 239 676 quam
277 587 519 656 lumen
559 588 924 675 praeferret
961 611 1082 679 pro
1118 588 1456 678 exemplo.

127 680 159 763 ἓ
203 681 348 750 18.
402 677 669 746 Tertius
722 679 866 767 jam
911 700 1140 747 annus
1195 692 1360 760 erat,
1414 699 1492 747 ex
1559 698 1696 763 quo
1759 677 1827 745 in
1889 679 2204 768 Apuliam
2260 680 2584 769 princeps

61 777 487 845 concesserat,
531 787 690 834 cum
732 788 888 835 ecce
934 766 1203 836 decreto
1264 766 1522 835 summi
1576 766 1922 836 Pontificis
1971 772 2147 837 Crux
2198 769 2583 858 praedicari

60 856 255 943 coepit
314 854 651 925 adversus
704 854 1044 924 Ecclesiae
1104 856 1378 936 hostes,
1423 855 1545 940 qui
1591 855 2060 945 Jerosolymae
2108 868 2172 926 et
2219 858 2586 947 circumja-

61 944 335 1011 centium
395 943 757 1032 regionum
800 966 994 1014 sacra
1030 945 1350 1013 tenebant
1390 944 1537 1012 loca
1569 944 1626 1010 *.
1680 948 1865 1025 Quae
1915 945 2096 1014 fama
2130 968 2290 1015 cum
2329 946 2584 1016 multos

60 1032 396 1100 Christiani
444 1032 711 1101 nomini
764 1034 1110 1122 principes
1148 1088 1162 1113 ,
1216 1045 1281 1102 et
1322 1033 1733 1121 templorum
1787 1034 2151 1114 antistiteS,
2209 1048 2351 1104 tum
2398 1035 2584 1105 hunc

59 1120 396 1209 'turingiae
444 1121 959 1191 nobilissimum
1020 1122 1428 1210 principem,
1491 1121 1576 1190 ad
1644 1123 2183 1192 transmarinam
2229 1123 2587 1211 profectio-

66 1228 195 1277 nem
233 1210 500 1277 excivit.
555 1210 682 1292 Qui
719 1223 1106 1298 susceptam
1143 1213 1231 1279 ab
1266 1211 1600 1299 Episcopo
1639 1211 2265 1281 Hildesemensium
2297 1217 2582 1281 Crucem

68 1317 175 1364 non
222 1299 447 1366 statim
490 1299 679 1378 vesti,
720 1312 795 1368 ut
830 1300 1039 1369 moris
1067 1313 1190 1380 est,
1230 1301 1470 1380 assuit,
1525 1300 1642 1368 sed
1696 1300 2108 1387 aliquandiu
2147 1301 2323 1370 clam
2376 1322 2586 1370 uxore

69 1388 344 1467 servavit,
415 1408 501 1454 ne
548 1386 737 1455 illam
799 1389 1199 1489 priusquam
1252 1387 1378 1458 iter
1427 1402 1606 1457 esset
1663 1388 2107 1479 ingressurus
2143 1444 2157 1470 ,
2213 1390 2583 1459 acerbitate

67 1474 290 1560 praevii
351 1477 687 1545 moeroris
747 1477 1009 1546 diutius
1068 1477 1387 1546 afficeret.
1442 1482 1575 1548 Nec
1636 1490 1859 1546 tamen
1925 1477 2131 1547 latere
2195 1479 2318 1547 diu
2370 1479 2590 1568 potuit

67 1565 212 1632 Crux
244 1564 616 1645 recondita,
654 1588 821 1635 casu
852 1566 938 1634 ab
970 1566 1338 1643 Elisabeth,
1392 1566 1557 1634 dum
1599 1588 1718 1654 pro
1758 1566 2259 1635 consuetudine
2309 1589 2583 1636 marsu-

66 1650 229 1737 pium
265 1653 605 1743 principis
639 1654 903 1735 evolvit,
963 1667 1246 1742 reperta.
1303 1660 1520 1736 Quam
1571 1654 1817 1722 exinde
1860 1654 2056 1743 (quia
2094 1677 2258 1736 rem,
2300 1672 2375 1725 ut
2410 1668 2576 1737 erat,

71 1740 669 1830 animadverterat)
738 1744 970 1812 animo
1040 1756 1544 1812 consternatam
1622 1744 1776 1832 pius
1847 1745 2224 1832 princepS‚
2290 1744 2585 1833 allegata

70 1828 488 1913 periclitantis
525 1830 863 1900 Ecclesiae
883 1837 1117 1912 causa,
1175 1831 1625 1900 blandissime
1672 1832 2067 1902 consolatus
2095 1845 2216 1901 est.
2273 1839 2406 1903 Iter
2442 1849 2582 1903 tan-

70 1914 196 1983 dem
249 1918 582 2009 ingresso,
648 1919 990 1989 Elisabeth
1046 1921 1301 1990 sociam
1363 1941 1435 1988 se
1473 1919 1620 1989 dies
1668 1919 1929 2007 aliquot
1980 1922 2338 2010 praebuit,
2398 1922 2582 1991 haud

71 2002 325 2075 dubium
388 2008 565 2094 quin
616 2029 871 2086 amore,
939 2031 1075 2095 quo
1130 2010 1331 2078 unice
1384 2009 1763 2097 principem
1827 2009 2202 2099 diligebat,
2276 2011 2579 2079 incitata.

76 2092 177 2160 Sed
219 2116 367 2164 cum
436 2097 525 2165 ad
596 2110 1013 2184 postremum
1067 2098 1392 2183 utrinque
1451 2097 1949 2167 discedendum
2013 2111 2242 2177 esset,
2310 2098 2586 2167 divinae

81 2178 387 2254 charitatis
422 2185 781 2264 instinctu,
829 2186 912 2253 ad
950 2186 1012 2253 id
1043 2187 1245 2255 etiam
1286 2186 1642 2274 Rodolpho
1675 2188 2029 2274 pincerna,
2063 2187 2208 2255 viro
2248 2200 2589 2275 spectatae
2683 2202 2686 2206 ⁴

84 2265 230 2349 fidei,
260 2273 689 2352 adhortante,
730 2274 954 2342 videre
1003 2274 1221 2354 licuit,
1276 2289 1534 2360 quanto
1579 2275 2039 2365 lacrymarum
2094 2275 2337 2356 imbre,
2380 2297 2586 2362 quam

87 2351 563 2445 lugubri·vultu
615 2363 1071 2432 sinceritatem
1128 2364 1349 2433 mutui
1400 2365 1656 2433 amoris
1704 2378 1992 2452 uterque
2033 2363 2413 2453 conjugum
2468 2386 2587 2454 pa-

86 2441 187 2512 lam
217 2452 619 2521 ostenderet.
660 2452 999 2522 Elisabeth
1036 2452 1319 2521 domum
1360 2475 1649 2533 reversa,
1697 2454 1880 2523 velut
1927 2455 2137 2523 altera
2165 2454 2429 2533 judith,
2474 2453 2589 2521 de-

82 2536 284 2618 positis
315 2541 577 2628 gloriae
610 2541 935 2622 vestibuS,
990 2564 1068 2610 ac
1118 2541 1468 2612 viduitatis
1515 2543 1772 2612 amictu
1827 2556 2200 2631 resumpto,
2260 2556 2463 2612 totam
2518 2563 2590 2610 se

82 2624 183 2691 Deo
235 2627 760 2709 commendavit,
840 2631 1127 2718 ejusque
1186 2631 1400 2700 cultui
1469 2630 1755 2700 addixit.
1825 2632 2152 2721 Princeps
2220 2653 2375 2700 vero
2443 2641 2591 2720 post

81 2711 416 2805 confectam
478 2739 809 2808 prospero
862 2740 1186 2788 successu
1236 2721 1437 2799 viam,
1490 2719 1576 2786 ad
1630 2723 2115 2809 Imperatorem
2160 2720 2584 2789 Fridericum

81 2817 135 2866 tn
178 2803 464 2874 Siciliam
525 2808 851 2896 pervenit.
889 2808 1020 2876 Abs
1067 2828 1203 2894 quo
1253 2807 1628 2876 honorifice
1676 2822 2062 2898 susceptus,
2117 2831 2276 2878 cum
2327 2809 2591 2895 aliquot

79 2887 253 2988 urbes
296 2916 449 2964 cum
485 2896 726 2965 eodem
766 2895 1265 2985 perlustrasset,
1304 2895 1611 2964 febribus
1656 2909 1929 2983 repente
1981 2897 2288 2966 laborare
2336 2897 2581 2986 coepit.

78 2977 305 3053 Quibus
357 2984 419 3051 in
458 2984 608 3053 dies
651 2986 871 3074 magis
910 3006 989 3054 ac
1023 2986 1243 3073 magis
1276 2984 1900 3066 exardescentibuS‚
1941 2985 2024 3054 ad
2077 2999 2374 3055 extrema
2415 2988 2586 3056 vitae

80 3066 455 3152 perductus,
528 3096 687 3143 cum
750 3076 838 3143 ab
900 3073 1285 3160 patriarcha
1344 3072 1915 3159 jerosolymitano
1978 3076 2450 3145 Eucharistiae
2519 3087 2583 3143 et

80 3152 389 3227 Unctionis
419 3173 849 3231 sacramenta
887 3162 1271 3232 Christiano
1308 3184 1493 3230 more
1521 3162 1957 3251 suscepisset,
1994 3162 2077 3233 ad
2112 3165 2383 3232 tertium
2420 3163 2585 3233 Idus

81 3239 456 3328 Septembris
508 3249 800 3319 decessit
835 3250 922 3319 μ.
978 3255 1139 3318 Vere
1199 3252 1354 3340 pius
1404 3251 1776 3338 princeps,
1851 3261 1915 3319 et
1970 3251 2227 3341 dignus
2279 3252 2397 3338 qui
2450 3272 2582 3319 non

81 3345 346 3431 peregre,
389 3338 506 3406 sed
572 3338 760 3407 domi
819 3360 983 3408 suae
1037 3339 1218 3408 diem
1279 3361 1687 3428 supremum
1746 3338 1936 3408 obire
1995 3341 2397 3418 meruisset,
2452 3339 2585 3407 nisi

84 3434 241 3498 parvi
299 3424 615 3506 referret,
677 3428 797 3495 ubi
863 3440 1196 3497 terrarum
1259 3428 1579 3497 mortales
1645 3441 1928 3498 naturae
1976 3428 2399 3507 concedant,
2466 3427 2585 3514 qui

84 3508 228 3606 mori
277 3515 478 3583 semel
547 3514 823 3584 habent.
878 3517 1161 3585 Nunciis
1218 3517 1337 3602 qui
1413 3539 1553 3586 rem
1633 3517 1892 3586 tristem
1950 3517 2400 3607 perferebant.
2455 3522 2588 3584 Tu-

83 3607 341 3682 ringtam
386 3602 714 3692 ingressis
779 3604 1099 3693 prudenti
1147 3606 1530 3674 amicorum
1588 3605 1878 3674 consilio
1932 3606 2277 3695 provisum
2320 3618 2443 3680 est,
2501 3626 2584 3673 ne

84 3675 151 3743 ab
190 3685 406 3785 aliquo
441 3693 859 3772 mortalium,
901 3706 1373 3780 praeterquam
1420 3693 1673 3782 Sophia
1722 3694 2025 3763 defuncti
2072 3708 2307 3775 matre,
2373 3693 2586 3762 Elisa-

85 3759 217 3837 beth
248 3778 365 3845 v1ri
415 3795 698 3851 mortem
742 3781 1035 3850 audiret.
1076 3783 1473 3852 Timebatur
1519 3784 1700 3851 enim
1749 3782 2190 3853 teneritudini
2235 3780 2580 3862 muliebri,

88 3870 155 3920 ne
195 3859 348 3959 forte
403 3869 485 3938 ad
549 3870 985 3959 praecipitem
1053 3871 1442 3960 cujuspiam
1496 3872 1954 3941 narrationem
1995 3926 2009 3951 ,
2079 3871 2355 3939 animus
2431 3871 2582 3959 ejus

90 3954 347 4042 graviori
396 3959 674 4028 vulnere
724 3960 1171 4039 sauciaretur,
1204 3971 1280 4028 ut
1313 3973 1474 4029 sunt
1507 3961 1740 4028 omnia
1773 3960 1999 4030 subita
2034 3960 2118 4027 ad
2159 3959 2580 4048 repentinam

92 4046 431 4122 {mimorum
464 4049 907 4118 mutationem
960 4049 1285 4117 efficacia.
1344 4049 1595 4137 Sophia
1650 4048 1743 4116 nil
1788 4062 2071 4129 morata,
2113 4047 2231 4116 ubi
2268 4070 2301 4115 a
2356 4061 2577 4116 entem

90 4132 150 4184 ln
191 4144 329 4196 arce
373 4132 626 4205 invenit
673 4137 1041 4220 Elisabeth,
1101 4150 1248 4238 post
1301 4136 1668 4206 familiaria
1718 4137 2151 4206 salutationis
2202 4159 2314 4205 ver
2364 4158 2426 4216 a,
2484 4137 2583 4207 sic

96 4220 216 4275 eam
261 4224 598 4292 convenit:
654 4247 689 4290 «
720 4230 811 4294 Ne
860 4238 1190 4315 gravatim
1241 4227 1564 4316 accipias,
1620 4248 1659 4294 o
1708 4225 1890 4305 filia,
1958 4227 2012 4295 si
2071 4247 2245 4313 quae
2283 4225 2577 4316 principi

136 4364 293 4446 LAUJO
314 4379 422 4422 1227.
441 4383 557 4425 Huic
578 4387 1022 4435 crucesignatorum
1040 4387 1169 4426 bello
1192 4388 1394 4435 praemit
1417 4387 1686 4426 Frtdertcns
1706 4388 1765 4432 11,
1781 4388 2055 4436 Imperator.

207 4425 343 4472 Quum
361 4437 629 4485 vigesimum
650 4441 901 4487 septimum
922 4451 1096 4480 annum
1119 4444 1291 4514 ageret,
1309 4441 1542 4489 Hyan-unci
1564 4439 1784 4490 ‹Otr-aneo)
1803 4451 1915 4480 voro
1935 4441 2087 4481 morto
2105 4441 2357 4490 rot-culm:
2377 4441 2464 4480 ont.
