2993 4837
338 1300 339 1303 ,
450 1236 755 1326 amplius
803 1236 992 1307 illius
1047 1238 1365 1327 explendi
1436 1249 1566 1308 tem
1677 1258 1710 1306 s
1756 1235 1888 1307 sibi
1956 1235 2412 1305 differendum
2479 1233 2746 1304 statuit.
2799 1237 2876 1301 Ea
2947 1281 2951 1286 -

541 337 674 401 ⁴86
1299 354 1377 400 DE
1425 350 1481 399 s.
1535 352 1774 401 cAiioLo
1823 352 2156 400 aoaaoiisso
2298 383 2304 388 -
2715 331 2942 400 Nov.i

449 460 568 527 per
617 449 845 507 votum
898 458 969 506 se
1020 436 1267 507 vellent
1298 438 1657 518 abdicare;
1713 450 1832 506 aut
1887 458 2042 506 vero
2090 435 2451 505 facultates
2481 456 2648 505 suas
2698 436 2948 504 retinen·

452 538 552 596 tes
584 580 599 607 ,
653 547 891 596 earum
940 525 1421 597 tantummodo
1473 538 1871 618 potestatem
1924 525 2010 595 ad
2060 524 2571 615 Archiepiscopi
2636 523 2952 594 arbitrium

453 615 756 697 deferre,
807 636 923 685 eos
964 615 1243 685 admisit
1254 666 1388 686 .....

536 707 573 792 §
619 707 778 777 41).
832 704 1059 774 Animi
1129 703 1461 777 divinitus
1522 704 1827 774 ardentis
1894 703 2279 782 indicium,
2338 702 2836 792 praecipueque
2883 708 2959 793 req

449 793 748 883 exempli
795 793 938 863 visa
1002 792 1134 863 fuit
1193 794 1522 864 omnibus
1569 792 2014 863 Taurinensis
2063 791 2543 882 peregrinatio.
2611 790 2823 860 Habet
2875 793 2959 867 Suq

447 882 745 952 baudiae
795 886 940 952 Dux
970 936 985 964 ,
1038 904 1293 973 magno
1347 883 1455 953 Dei
1507 881 1840 952 beneficio
1871 936 1887 961 ,
1943 880 2312 951 Sindonem
2370 879 2560 949 illam
2596 934 2612 960 ,
2663 900 2798 965 qua
2844 899 2929 947 sa.

447 964 835 1040 &tissimum
885 976 1052 1041 Jesu
1101 972 1347 1042 Christi
1408 992 1664 1060 corpus
1711 969 1874 1040 olim
1920 969 2014 1060 pii
2079 969 2204 1038 viri
2252 968 2338 1039 de
2382 988 2590 1038 cruce
2650 965 2896 1036 sublat
2927 1005 2956 1016 -ι

450 1059 926 1140 involverunt;
980 1081 1130 1128 eam
1173 1061 1454 1131 Carolus
1501 1082 1660 1130 cum
1713 1060 1928 1128 visere
1981 1059 2111 1127 'ain
2163 1073 2360 1128 antea
2408 1068 2720 1147 optaret,
2775 1067 2899 1125 tum

450 1148 661 1238 pestis
709 1147 1095 1218 calamitate
1151 1171 1403 1240 magno
1452 1149 1603 1237 ejus
1651 1148 1749 1218 rei
1804 1081 2145 1217 desiderio
2191 1146 2416 1237 coepit
2463 1146 2732 1225 teneri,
2786 1166 2885 1212 ne·
2915 1161 2956 1202 =-·

450 1347 610 1396 acce
667 1337 754 1406 ta,
810 1330 952 1395 Dux
991 1327 1346 1408 Emanuel,
1386 1327 1507 1414 qui
1541 1348 1580 1395 a
1680 1325 1824 1412 qui,
1858 1338 1924 1394 et
1970 1346 2242 1394 sacrum
2281 1323 2570 1392 linteum
2623 1322 2716 1392 ab
2753 1320 2956 1411 oppid

450 1418 608 1484 Cam
666 1415 831 1495 erio,
869 1414 1049 1502 quod
1084 1416 1262 1486 ultra
1312 1416 1379 1485 Al
1437 1437 1511 1484 es
1545 1415 1753 1484 situm
1801 1425 1925 1495 est,
1979 1412 2357 1483 Taurinum
2392 1412 2771 1482 transferre
2801 1411 2948 1497 just''

449 1502 536 1571 de
590 1504 858 1573 caussis
908 1504 975 1572 in
1019 1503 1251 1574 animo
1301 1506 1386 1574 ha
1439 1505 1642 1583 ebat,
1694 1516 1760 1572 et
1807 1502 2025 1572 Caroli
2085 1501 2503 1592 praesentia,
2559 1512 2845 1571 consuet
2898 1525 2953 1558 r·

457 1612 678 1677 neque
727 1591 861 1661 frui
910 1613 1033 1681 pro
1082 1615 1208 1663 sua
1257 1594 1525 1682 pietate,
1564 1605 1643 1661 ‘et
1685 1592 1752 1660 in
1803 1611 1959 1661 eum
2010 1590 2440 1661 observantia
2489 1590 2852 1677 cupiebat,
2903 1616 2956 1646 ··.·

451 1681 798 1751 casionem
838 1681 972 1750 arri
1028 1682 1168 1761 uit;
1221 1682 1536 1752 Carolum
1575 1680 1903 1761 invitavit,
1947 1691 2013 1750 et
2060 1679 2346 1748 linteum
2385 1674 2953 1767 transferri

454 1774 588 1838 Iter
639 1767 931 1858 pedibus
999 1792 1194 1840 acere
1243 1770 1522 1841 Carolus
1583 1769 1980 1849 constituit,
2035 1766 2215 1855 quod
2270 1779 2374 1837 est
2440 1788 2781 1856 passuum
2824 1786 2929 1834 oca:

452 1858 643 1958 ginta
695 1856 1039 1939 millium,
1109 1881 1189 1929 ex
1256 1859 1624 1949 plurimis,
1693 1858 1811 1945 qui
1870 1857 2323 1926 libentissime
2390 1855 2676 1945 profecti
2736 1864 2953 1925 esseut

453 1945 779 2016 idoneum
848 1947 1246 2018 comitatum
1286 2003 1301 2030 ‚
1377 1968 1734 2017 sacrorum
1809 1946 2219 2037 piorumque
2280 1944 2649 2013 hominum
2719 1942 2937 2026 dele*

454 2034 746 2113 itineris,
799 2036 1500 2124 exercitationumque
1548 2035 1877 2105 rationem
1928 2033 2315 2113 ordinavit,
2369 2033 2599 2103 dictus
2644 2045 2753 2103 est
2796 2045 2923 2122 pro

453 2124 665 2194 ctioni
717 2124 888 2193 dies.
943 2124 1166 2194 Pridie
1215 2148 1371 2195 vero
1419 2126 1569 2215 ejus
1615 2124 1775 2204 diei,
1824 2123 2193 2193 comitibus
2227 2122 2645 2202 convocatis,
2702 2142 2866 2210 expo
2906 2145 2953 2192 tt.

455 2212 626 2300 quid
678 2213 746 2282 in
808 2213 1050 2283 itinere
1112 2214 1260 2284 fieri
1322 2213 1565 2291 vellet,
1630 2234 1832 2283 mane
1878 2234 1918 2281 a
1974 2210 2444 2282 sacerdotibus
2516 2211 2740 2280 missa
2785 2209 2932 2278 facta

456 2290 735 2393 anta
783 2303 872 2373 ab
932 2302 1088 2374 aliis
1155 2302 1592 2373 sanctissima
1639 2300 2068 2371 Eucharistia
2100 2354 2115 2379 ,
2168 2319 2408 2369 omnes
2455 2299 2808 2369 affuerunt
2849 2320 2919 2366 en·

456 2390 727 2462 baculis
774 2405 838 2461 et
887 2391 1335 2472 indumentis,
1372 2391 1630 2480 quibus
1659 2390 1877 2462 solent
1927 2389 2037 2479 pia
2082 2388 2167 2458 de
2213 2409 2461 2476 caussa
2492 2388 2931 2489 peregrinaii

455 2480 608 2559 uti;
662 2480 918 2566 quibus
965 2502 1045 2549 ex
1092 2481 1556 2551 ecclesiastico
1605 2480 1764 2560 ritu,
1818 2500 1975 2548 cum
2028 2477 2312 2548 Carolus
2359 2476 2851 2554 benedixisset,
2905 2500 2941 2533 ι·-

456 2579 894 2649 scesserunt,
966 2567 1192 2640 clerus
1259 2569 1547 2656 majoris
1606 2567 1935 2638 ecclesiae
1984 2588 2203 2655 usque
2251 2565 2334 2635 ad
2401 2577 2672 2656 portam
2726 2565 2849 2635 civi
2890 2580 2947 2620 :²⁵-

457 2657 826 2727 comitatus
872 2669 1019 2738 est3
1075 2658 1169 2727 ibi
1201 2658 1482 2729 Carolus
1514 2657 1858 2729 breviores
1891 2670 2108 2726 vestes
2149 2654 2616 2742 baculumque
2672 2650 2945 2742 sumps‘

458 2756 601 2813 tum
655 2745 1024 2817 canonicos
1074 2746 1185 2836 pie
1232 2747 1636 2823 admodum,
1690 2757 1893 2834 atque
1930 2757 2243 2814 amanter
2270 2742 2686 2833 singillatim
2723 2764 2949 2813 comm

456 2854 609 2932 xuS,
664 2854 915 2934 magna
966 2855 1125 2907 cum
1181 2834 1650 2906 multitudinis
1713 2854 1892 2923 quae
1940 2846 2172 2905 secuta
2221 2843 2407 2912 erat,
2462 2831 2724 2932 piaque
2762 2833 2843 2922 ju
2892 2856 2955 2888 υ-

456 2920 689 3002 ditate,
743 2922 1046 3005 dimisit,
1100 2936 1165 2994 et
1212 2925 1339 2995 iter
1387 2925 1744 3015 ingressus
1793 2934 1916 2993 est.
1971 2921 2249 2992 Itineris
2298 2920 2470 2990 ratio
2516 2919 2693 2990 suit:
2749 2939 2930 2990 sum

459 3031 684 3090 mane,
739 3012 954 3081 sacris
1006 3013 1427 3103 procuratis,
1481 3012 1769 3083 aderant
1815 3031 2058 3081 omnes
2089 3066 2104 3091 ,
2156 3023 2223 3080 et
2259 3010 2347 3079 ab
2386 3008 2685 3079 ecclesia
2745 3006 2939 3078 initia

454 3111 599 3169 erat
632 3100 1168 3189 proficiscendi‚·
1205 3103 1350 3173 bini
1393 3102 1607 3182 ibant,
1652 3114 1715 3170 et
1776 3100 1965 3169 horis
2012 3111 2200 3169 certa
2259 3098 2520 3167 ratione
2567 3095 2940 3168 distributis

458 3209 642 3257 nunc
690 3190 751 3257 ei
805 3190 898 3259 rei
947 3212 985 3258 a
1046 3191 1281 3261 Carolo
1345 3189 1727 3281 praefectus
1763 3244 1778 3269 ‚
1833 3188 2207 3258 salutarem
2262 3186 2740 3256 meditationis
2803 3203 2936 3253 ma

458 3278 627 3346 riam
692 3278 1040 3359 tradebat;
1097 3301 1282 3349 nunc
1333 3279 1518 3349 taciti
1559 3289 1625 3349 et
1665 3277 2073 3348 meditantes
2128 3277 2367 3354 ibant;
2424 3275 2574 3364 pias
2612 3277 2955 3345 animaru

453 3367 932 3456 conceptiones
982 3380 1215 3458 postea
1271 3366 1757 3448 conserebant;
1810 3365 1984 3435 alias
2053 3364 2445 3435 alternatim
2502 3363 2815 3453 psalmos

457 3457 927 3535 nunciabant;
990 3456 1339 3527 interdum
1404 3478 1484 3526 ex
1545 3455 1974 3526 calculorum
2035 3474 2288 3524 corona
2361 3473 2572 3539 quain
2639 3472 2854 3522 manu
2901 3447 2959 3514 tel

457 3545 660 3614 nebat
719 3545 1060 3632 quisque,
1132 3545 1594 3634 precationem
1663 3543 2089 3613 Dominicam
2163 3554 2229 3612 et
2288 3540 2682 3631 Angelicam
2753 3539 2959 3609 saluta*

457 3632 707 3702 tionem
759 3633 937 3703 inter
984 3655 1056 3703 se
1105 3634 1546 3723 repetebant,
1601 3632 2122 3703 ambulantibus
2168 3631 2468 3717 denique
2515 3629 2694 3698 nihil
2744 3626 2854 3698 otii
2897 3611 2959 3691 rel

458 3719 946 3808 linquebatur;
1002 3733 1214 3793 totum
1268 3724 1416 3792 viae
1464 3735 1741 3813 tempus
1792 3720 2183 3791 salutariter
2228 3719 2792 3789 consumebatur.
2840 3709 2959 3783 Cutil

458 3809 744 3879 meridie
793 3811 1192 3900 vesperique
1241 3811 1324 3881 ad
1376 3811 1633 3901 oppida
1675 3810 1960 3900 hospitii
2009 3812 2257 3880 caussa
2302 3818 2629 3876 venerant
2659 3861 2674 3886 ,
2729 3801 2959 3876 adibant

456 3899 815 3969 ecclesiam
856 3899 1124 3990 prim0,
1184 3901 1415 3988 ibique
1463 3898 1746 3969 Carolus
1797 3920 1985 3968 more
2031 3920 2158 3969 suo
2252 3896 2504 3966 enibus
2551 3895 2747 3964 flexis
2779 3948 2794 3974 ‚
2841 3904 2959 4042 cut}

457 3988 603 4057 suis
653 3990 1143 4058 canonicarum
1214 3989 1539 4059 horarum
1609 4009 1848 4077 preces
1895 3986 2169 4068 obibat,
2251 3986 2382 4054 icet
2427 4004 2713 4074 corpore
2759 3982 2838 4051 de
2887 3996 2933 4042 vt

458 4095 661 4165 saepe
710 4099 842 4146 non
899 4077 1332 4148 mediocriter
1383 4077 1784 4167 languenti;
1840 4097 2099 4156 mensa,
2155 4095 2333 4163 quae
2380 4094 2653 4163 semper
2702 4068 2959 4167 modern-⁴

461 4162 711 4233 tionem
745 4220 764 4247 ,
825 4188 909 4235 ne
957 4165 1182 4237 dicam
1237 4167 1539 4256 inopiam
1593 4164 2132 4266 praeseferebat,
2202 4185 2356 4234 sacr
2447 4162 2757 4260 lectione,
2808 4167 2959 4248 piove

460 4272 775 4322 sermone
807 4255 1094 4325 minime
1126 4255 1409 4325 vacabat
1440 4278 1454 4323 :
1495 4254 1839 4341 reliquum
1874 4266 2001 4321 tem
2060 4254 2223 4333 oris,
2259 4273 2299 4338 q
2475 4262 2622 4320 erat
2649 4262 2948 4338 exiguum,

462 4339 668 4409 rebus
715 4364 831 4411 cor
882 4345 997 4413 ori.
1020 4344 1424 4413 necessariis
1458 4343 1774 4412 dabatur.
1830 4341 1977 4410 Miri
2036 4364 2161 4411 cus
2196 4351 2342 4410 erat
2387 4351 2525 4409 toto
2573 4339 2804 4409 itinere
2825 4349 2954 4430 ‹3013-

460 4449 708 4499 cursus
772 4452 809 4498 a
922 4432 1108 4511 vias,
1174 4431 1432 4519 quibus
1501 4431 1658 4520 pius
1723 4430 2092 4501 comitatus
2155 4427 2533 4509 transibat,
2603 4428 2672 4496 in
2726 4416 2949 4514 oppidis
