2993 4837
506 294 635 355 66ss
800 284 806 289 ’
1098 306 1173 352 ΒΕ
1219 302 1273 349 5.
1332 306 1687 352 cA'rnAamA
1741 306 1908 351 viae.
1964 307 2037 351 m
2089 307 2278 352 usar.
2622 287 2772 352 Not.
2811 289 2867 351 Ξῖ»

420 395 708 462 stetisset
748 413 975 459 coram
1014 390 1401 480 impudenti
1434 396 1774 480 Tyranno.
1821 412 1979 459 cum
2019 390 2134 460 ille
2178 390 2408 461 adhuc
2442 403 2685 460 vacaret
2723 392 2878 458 sacri·

420 483 596 562 ficio,
636 490 1026 549 constanter
1056 492 1121 547 et
1154 479 1365 548 libere
1399 479 1499 546 sic
1531 479 1590 546 ei
1625 492 1724 550 est
1766 480 1990 548 locuta
2029 503 2041 546 :

503 573 539 656 ξ
587 573 669 640 4.
725 591 759 633 «
796 569 1159 656 Oportebat
1189 567 1495 653 quidem,
1532 590 1572 636 o
1604 573 2001 656 Imperator,
2050 580 2110 636 te
2139 589 2217 637 ex
2253 570 2468 656 teipso
2498 581 2672 638 tuam
2706 568 2880 635 videre
2951 599 2952 610 ¹

416 658 909 746 deceptionem,
948 656 1127 743 quod
1189 657 1597 734 hominum,
1659 656 1722 723 in
1788 678 1960 743 quos
2019 657 2203 726 cadit
2252 659 2606 736 interitus,
2666 655 2893 725 simula·

415 747 574 825 cris,
625 759 970 831 tamquam
1025 745 1180 820 diis,
1221 745 1421 814 offers
1472 745 1851 814 sacrificia:
1905 761 1970 814 et
2027 746 2348 834 gentilem
2391 748 2568 814 hanc
2598 744 2893 814 stultitiam

416 847 481 902 et
529 834 826 903 dedecus
874 832 1193 920 abjicere.
1260 834 1594 915 Quoniam
1666 848 1889 902 autem
1944 836 2225 903 sinistro
2286 856 2536 924 parens
2597 833 2893 902 daemoni.

418 922 588 991 adeo
642 921 1068 991 manifestam
1121 923 1420 990 caecutis
1476 923 1872 1001 veritatem,
1939 935 2277 1010 oporteret
2325 925 2610 992 omnino
2663 923 2897 1008 sapienti

419 1012 683 1090 saltem,
729 1011 846 1096 qui
885 1023 985 1079 est
1014 1010 1195 1100 apud
1230 1033 1367 1088 VOS,
1412 1010 1698 1079 Diodoro
1730 1009 2143 1088 credentem,
2179 1032 2599 1102 cognoscere
2628 1009 2900 1098 quidnam

423 1100 559 1168 sint
601 1099 802 1167 vestri
837 1099 971 1178 dii;
1023 1111 1089 1167 et
1140 1121 1272 1166 non
1326 1111 1458 1166 tam
1517 1099 2041 1178 inconsiderate,
2087 1122 2262 1187 quae
2314 1123 2452 1170 non
2496 1100 2746 1174 decent,
2781 1097 2904 1164 velle

420 1189 683 1266 t'acere3
737 1199 801 1256 et
832 1208 966 1256 non
1010 1187 1170 1256 deos
1254 1199 1444 1256 utare
1479 1186 1846 1256 simulacra
1888 1188 2273 1270 hominum,
2320 1190 2444 1276 qui
2484 1189 2680 1256 vitam
2715 1187 2904 1254 misere

420 1278 772 1346 finierunt.
814 1275 932 1343 Ille
966 1276 1149 1344 enim
1185 1210 1353 1344 dicit
1392 1288 1455 1344 et
1488 1276 1650 1346 deos
1700 1274 1910 1345 fuisse
1947 1278 2281 1356 homineS,
2324 1291 2391 1346 et
2431 1290 2698 1366 propter
2727 1275 2902 1360 aliqua

422 1365 751 1434 beneficia
788 1365 1174 1433 nominatos
1203 1364 1414 1434 fuisse
1450 1364 1891 1434 immortales.
1933 1365 2179 1434 Scribit
2212 1380 2444 1435 autem
2486 1367 2670 1455 ipsos
2694 1383 2905 1449 quoque

423 1454 748 1522 habuisse
784 1453 1094 1542 proprias
1118 1454 1477 1521 nominum
1505 1453 2022 1543 appellationes,
2049 1468 2113 1522 et
2147 1455 2528 1543 imperasse
2554 1451 2902 1541 quibusdam

426 1542 824 1630 regionibus
855 1555 918 1609 et
952 1542 1363 1610 civitatibus,
1406 1542 1577 1610 Dicit
1613 1564 1765 1611 vero
1798 1542 2114 1612 homines
2153 1543 2479 1632 deceptos
2524 1540 2904 1633 ignoratione.

420 1653 535 1700 eos
587 1651 861 1698 vocasse
908 1629 1092 1708 deos,
1144 1643 1208 1698 et
1265 1631 1577 1700 retulisse
1627 1631 1692 1698 in
1757 1643 2118 1698 munerum
2185 1631 2712 1701 immortalium.
2763 1635 2906 1697 Porro

421 1732 646 1787 autem
712 1719 891 1787 alius
945 1741 1216 1805 quoque
1256 1719 1531 1806 sapiens
1569 1718 1750 1807 apud
1794 1740 1908 1787 vos
1954 1741 2031 1786 ex
2095 1720 2177 1788 iis
2233 1722 2353 1805 qui
2411 1721 2906 1807 conscripserunt

423 1808 767 1888 historias,
807 1807 975 1875 dixit
1011 1807 1204 1876 illum
1247 1813 1523 1875 Sarrum
1565 1809 1905 1876 invenisse
1937 1810 2236 1894 primum
2276 1830 2383 1876 res
2418 1809 2792 1900 gentilium.
2826 1809 2906 1872 Eo<

423 1898 632 1976 enim,
669 1897 785 1982 qui
826 1897 1068 1982 priscis
1118 1896 1567 1984 temporibuS,
1621 1910 1737 1964 aut
1786 1897 2228 1968 fortitudinis.
2277 1912 2400 1965 aut
2439 1898 2792 1976 amicitiae,
2832 1907 2906 1959 aut

423 1984 723 2070 alicujus
758 1984 1039 2052 alterius
1082 1986 1349 2053 virtutis
1380 2007 1419 2051 o
1476 2008 1577 2062 υς,
1617 1985 1907 2074 dignum
1946 1986 2124 2071 quod
2167 1990 2546 2056 memoriae
2584 1983 2902 2053 mandetur.

424 2087 541 2142 aut
583 2075 648 2141 in
692 2073 870 2158 quod
932 2074 1237 2142 studium
1280 2095 1405 2141 con
1440 2087 1704 2152 eratur,
1754 2074 2240 2150 ostenderunt,
2286 2075 2552 2144 dicitur
2612 2077 2905 2142 honorasse

430 2165 674 2231 statuis
723 2185 800 2230 ac
862 2162 1275 2230 simulacris,
1331 2163 1456 2243 Qui
1518 2175 1740 2229 autem
1805 2164 2139 2248 majorum
2205 2176 2506 2232 mentem
2577 2165 2904 2253 ignorarunt

429 2254 700 2340 posteri.
741 2250 918 2336 quod
957 2271 1070 2318 eos
1104 2251 1326 2319 solum
1361 2251 1729 2318 memoriae
1756 2253 1995 2338 gratia,
2046 2266 2120 2320 ut
2152 2253 2268 2336 qui
2308 2273 2454 2324 rein
2493 2253 2779 2337 aliquam
2810 2249 2905 2313 lau·

426 2339 722 2406 debilem
780 2339 1096 2418 fecerant,
1147 2339 1618 2418 honorassent,
1658 2340 1890 2425 eisque
1935 2340 2270 2425 imagines
2309 2355 2373 2409 et
2409 2355 2674 2410 statuas
2712 2335 2904 2427 posuis·

429 2442 599 2507 sent,
640 2429 721 2496 ad
762 2429 1076 2497 homines
1122 2429 1423 2496 interitui
1473 2442 1539 2496 et
1578 2429 1863 2497 omnino
1903 2429 2252 2498 similibus
2297 2432 2639 2500 obnoxios
2685 2425 2903 2497 affectio-

348 2562 351 2565 -
428 2519 633 2585 nibus
666 2530 1146 2585 accesserunt:
1201 2531 1265 2585 et
1313 2530 1387 2585 ut
1433 2518 1534 2584 eis
1586 2518 1823 2585 fierent
1864 2518 2224 2595 sacrificia,
2285 2520 2718 2604 honoresque
2755 2512 2902 2583 habe-

430 2619 687 2684 rentur,
720 2618 783 2673 et
823 2606 969 2675 dies
1003 2605 1148 2674 sesti
1193 2605 1725 2683 celebrarentur,
1775 2605 2239 2694 providerunt.
2280 2612 2409 2675 Eos
2445 2622 2666 2677 vester
2705 2618 2903 2691 quoqu?

430 2696 704 2783 sapiens
736 2693 1142 2762 Plutarchus
1174 2695 1603 2763 Cheronaeus
1637 2698 1886 2783 arguit,
1927 2692 2164 2763 dicens
2185 2716 2300 2763 eos
2332 2696 2662 2765 inducere
2681 2707 2900 2761 errorem

433 2784 862 2871 imaginum;
916 2782 1170 2868 quibus
1218 2795 1477 2871 oportet
1532 2797 1588 2851 te
1622 2805 1894 2868 quoque
1944 2783 2243 2859 credere,
2301 2806 2342 2852 o
2377 2790 2767 2874 Imperator.
2811 2782 2899 2847 Non

428 2871 610 2937 enim
648 2871 890 2940 alienis
923 2872 1228 2949 omninO,
1284 2871 1396 2939 sed
1446 2872 1581 2940 tuis
1613 2872 1891 2949 credes;
1945 2886 2008 2940 et
2056 2894 2184 2940 non
2245 2886 2380 2941 tam
2423 2873 2678 2943 multas
2708 2869 2902 2939 animas

430 2959 756 3027 inducere
785 2960 847 3026 in
885 2973 1259 3028 extremum
1295 2959 1697 3029 barathrum
1738 2960 2074 3028 interitus.
2111 2966 2233 3029 Pro
2267 2961 2528 3047 quibus
2565 2964 2702 3051 ipse
2729 2957 2903 3024 misere

431 3048 578 3117 lues
614 3070 888 3136 poenas,
931 3068 996 3117 et
1026 3062 1376 3117 aeternum
1414 3048 1682 3117 subibis
1713 3049 2164 3138 supplicium,
2208 3049 2627 3140 gehennam,
2664 3051 2901 3132 inquam·

433 3136 636 3227 ignis,
677 3159 852 3222 quae
903 3158 1258 3223 nunquam
1295 3136 1569 3215 desinit,
1610 3136 1724 3205 sed
1780 3138 2106 3227 majorem
2158 3160 2430 3227 semper
2464 3140 2794 3208 flammam
2833 3150 2903 3196 ac·

430 3225 681 3294 cendit.
736 3227 856 3294 His
887 3247 1048 3315 ergo
1085 3224 1587 3311 persuadearis,
1630 3248 1671 3294 o
1713 3230 2112 3326 Imperator,
2154 3240 2217 3295 et
2262 3249 2638 3315 persuasus
2683 3236 2903 3313 agnose*²

436 3336 666 3382 verum
733 3319 935 3383 Deum
996 3313 1270 3393 solum,
1327 3315 1443 3401 qui
1486 3312 1674 3383 dedit
1714 3314 1835 3382 tibi
1891 3315 2015 3383 hoc
2069 3316 2464 3404 imperium.
2522 3330 2587 3385 et
2637 3324 2902 3405 praeterea

430 3403 649 3490 ipsam
707 3425 981 3490 quoque
1033 3404 1236 3471 vitain
1301 3403 1638 3491 praebuit.
1695 3404 1821 3484 Qui
1878 3425 2032 3471 cum
2101 3418 2276 3472 esset
2330 3409 2506 3473 Deus
2555 3417 2834 3471 aeternus
2864 3404 2902 3456 0¹

434 3491 866 3572 immortalis,
930 3504 1202 3581 propter
1262 3513 1384 3560 nos
1441 3492 1647 3560 homo
1704 3512 1979 3578 quoque
2023 3492 2239 3561 factus
2286 3507 2408 3567 est,
2454 3506 2830 3574 crucemque
2861 3489 2902 3545 el

437 3592 718 3648 mortem
753 3581 977 3670 elegit,
1034 3602 1156 3649 nos
1206 3579 1463 3649 faciens
1513 3603 1634 3649 sur
1685 3600 1795 3647 ere
1845 3603 1880 3648 a
1938 3594 2154 3649 morte
2194 3581 2729 3655 inobedientiae,
2772 3586 2821 3641 et
2854 3582 2900 3636 ut

433 3668 577 3755 ipse
627 3670 775 3750 scit,
827 3683 1125 3738 nostram
1171 3689 1549 3757 procurans
1583 3690 1652 3736 sa
1692 3682 1900 3736 utem.
1943 3673 2006 3736 ls
2045 3683 2109 3736 et
2149 3691 2384 3738 eorum
2431 3671 2552 3756 qui
2585 3677 2805 3740 errant,
2836 3666 2900 3723 es(

432 3772 754 3833 servator,
801 3772 865 3826 et
897 3779 1011 3825 eos
1045 3778 1217 3844 quos
1256 3759 1572 3845 poenitet,
1615 3758 1909 3846 benigne
1943 3771 2005 3825 et
2039 3758 2412 3827 clementer
2441 3759 2703 3847 excipit.
2749 3776 2779 3818 ι
2865 3834 2872 3841 ι

521 3848 554 3932 S,
602 3852 686 3917 ὅ.
746 3847 833 3914 Ad
874 3847 1040 3915 haec
1095 3847 1188 3913 ira
1244 3845 1570 3934 impletur
1619 3847 2018 3923 Maxentius,
2079 3861 2147 3914 et
2189 3868 2348 3915 cum
2391 3846 2654 3915 fervens
2683 3851 2896 3926 sangffl?

433 3933 515 4001 ad
570 3957 688 4003 cor
735 3939 883 4021 ejus
935 3934 1280 4003 modicum
1334 3935 1731 4013 effluxisset,
1788 3957 1907 4003 vox
1957 3957 2232 4021 quoque
2268 3936 2329 4003 ei
2379 3934 2508 4004 fuit
2552 3935 2821 4003 extincta.
2856 3932 2894 3983 θ*

437 4044 556 4091 nec
612 4025 828 4112 potuit
874 4023 1152 4110 quidem
1189 4025 1474 4091 omnino
1509 4023 1943 4112 respondere.
1999 4028 2164 4092 Cum
2202 4037 2428 4091 autem
2466 4024 2545 4091 ad
2583 4046 2649 4091 se
2680 4021 2765 4085 vix
2799 4030 2892 4103 1³¹3·

435 4110 587 4179 dem
628 4112 960 4191 rediisset,
1013 4125 1078 4180 et
1122 4133 1299 4199 quae
1334 4135 1369 4180 a
1408 4108 1697 4199 Martyre
1745 4112 1927 4181 dicta
1978 4111 2269 4191 fuerant,
2322 4112 2600 4182 vidisset
2631 4126 2755 4178 esse
2780 4097 2890 4201 5³¹¹·

435 4199 652 4277 diora,
708 4222 915 4285 quam
968 4213 1307 4269 utcontra
1356 4223 1432 4269 ea
1468 4196 1603 4268 dici
1659 4216 1928 4290 posset:
1985 4224 2018 4264 «
2055 4206 2246 4269 Nunc
2285 4200 2591 4287 quidem.
2646 4200 2888 4281 inqu1t‚⁰

442 4286 709 4367 mulier,
766 4290 913 4356 sine
972 4310 1293 4377 peragere
1345 4289 1761 4358 sacrificium
1799 4313 1814 4368 ;
1870 4288 2077 4377 paulo
2119 4301 2271 4377 post
2307 4302 2535 4357 autem
2568 4289 2644 4356 de
2678 4285 2745 4352 iis
2769 4289 2888 4362 qua?

440 4371 657 4452 dicis,
720 4376 1084 4443 audiemus
1133 4379 1462 4465 apertius.
1500 4401 1533 4441 »
1575 4382 1848 4445 Peracto
1889 4400 2050 4467 ergo
2099 4378 2436 4446 sacrificio
2469 4433 2484 4458 ,
2535 4392 2597 4445 et
2640 4374 2770 4442 sesto
2807 4378 2884 4451 per
