2993 4837
60 344 208 409 Nov.
258 344 296 408 7
654 361 731 406 nn
778 361 832 407 s.
885 359 1320 408 wannnonno
1367 362 1468 407 Er.
1524 360 1937 409 mamercum
2350 346 2477 411 3113

58 447 371 515 edisceret.
427 449 506 513 Et
562 444 656 514 ita
703 444 804 513 vir
852 446 965 514 Dei
1014 444 1237 536 magis
1286 467 1366 515 ac
1416 446 1640 537 magis
1687 445 1772 515 de
1818 445 1929 514 die
1968 445 2038 513 in
2089 445 2273 515 diem
2330 446 2565 517 divina

58 535 317 605 donante
346 532 593 625 gratia,
652 533 1073 624 proficiebat.
1653 545 1665 555 ‘

123 626 154 710 ἓ
208 629 349 695 1².
426 622 722 712 Contigit
793 635 1021 693 autem
1071 677 1086 704 ,
1164 622 1488 712 Pipinum
1569 627 1819 693 Ducem
1894 628 2310 694 Francorum
2380 624 2564 693 diem

54 712 209 782 obire
234 713 288 793 ¹³,
318 723 384 781 et
430 711 659 780 filium
707 712 859 800 ejus
907 711 1319 781 carolum*
1369 733 1580 801 regno
1612 712 1826 800 patris
1859 712 2085 801 potiri.
2131 714 2262 795 Qui
2311 712 2566 783 multas

52 813 252 888 gentes
283 800 575 902 sceptris
609 799 691 869 ad
690 800 858 889 jecit
891 805 1349 869 Francorum:
1384 800 1566 870 inter
1592 821 1766 888 quas
1799 801 2003 870 etiam
2033 822 2193 870 oum
2230 802 2567 903 triumphi

9 949 12 950 γ
51 889 235 989 gloria
271 890 585 970 Frisiam,
639 889 902 959 devicto
952 888 1303 968 Radbodo,
1362 901 1644 977 paterno
1693 889 2172 979 superaddidit
2220 891 2556 979 imperlo:

52 1000 105 1047 ιη
142 1000 267 1065 qua
305 992 472 1049 tunc
521 990 723 1067 gente
772 990 1051 1048 sanctus
1097 976 1583 1048 Willibrordus
1635 981 1897 1068 positus
1945 992 2046 1048 est
2095 978 2559 1068 praedicator,

51 1067 296 1154 sedique
340 1065 738 1158 Episcopali
787 1066 857 1135 in
908 1066 1209 1155 Trajecto
1257 1067 1537 1136 castello
1585 1066 1940 1168 delegatus
1987 1079 2111 1137 est.
2159 1066 2287 1150 Qui
2322 1069 2564 1157 majori

52 1155 541 1246 Evangelizandi
583 1155 941 1225 occasione
974 1166 1275 1244 accepta,
1315 1176 1538 1245 nuper
1584 1155 1814 1246 gladio
1846 1155 2256 1243 acquisitam
2291 1169 2561 1245 gentem

54 1264 214 1314 sacro
257 1244 673 1334 baptismate
718 1243 996 1313 abluere
1035 1256 1322 1313 conatus
1360 1257 1482 1313 est.
1524 1249 1656 1315 Nec
1686 1245 2059 1331 quicquam
2096 1243 2166 1313 in
2200 1265 2282 1313 ea
2320 1247 2564 1315 vetusti

54 1334 285 1412 erroris,
338 1354 465 1403 nec
516 1332 832 1403 tenebras
880 1332 1307 1423 ignorantiae
1337 1331 1547 1402 latere
1586 1334 1898 1404 sinebat:
1952 1332 2069 1402 sed
2107 1344 2313 1403 totam
2348 1339 2564 1403 Evan—

58 1421 235 1510 geliea
266 1422 415 1491 luce
464 1422 617 1493 sine
664 1421 993 1490 dilatione
1044 1420 1520 1512 perfundebat,
1560 1421 1652 1490 ita
1692 1436 1768 1492 ut
1809 1423 1874 1490 in
1925 1443 2006 1491 eo
2047 1422 2305 1512 populo
2336 1423 2564 1493 subito

58 1511 489 1600 propheticum
532 1509 704 1580 illud
749 1509 1154 1598 impleretur
1202 1510 1669 1580 testimonium
1707 1535 1722 1577 ε
1773 1515 1856 1579 Ec
1903 1513 2071 1579 erit:
2123 1513 2196 1580 in
2237 1515 2397 1592 loco,
2449 1513 2568 1581 ubi

54 1598 270 1669 dicetur
296 1603 410 1680 eie,
453 1604 600 1670 Non
627 1622 714 1690 po
764 1601 920 1668 ulus
952 1621 1066 1668 vos
1089 1624 1111 1667 .·
1156 1599 1415 1668 dicetur
1438 1601 1555 1679 είε,
1605 1601 1773 1669 Filii
1794 1601 1919 1669 Dez'
1953 1602 2238 1669 viventis
2268 1600 2458 1689 (Osee
2481 1600 2555 1688 1).

56 1684 316 1758 Plurima
353 1708 635 1776 quoque
727 1688 908 1757 ivina
965 1687 1182 1755 virtus
1228 1686 1387 1756 fecit
1440 1710 1560 1776 per
1614 1710 1885 1757 servum
1927 1709 2132 1758 suum
2180 1688 2556 1769 miracula3

55 1771 183 1844 lieet
223 1779 405 1845 omni
443 1776 945 1845 miraculorum
994 1776 1373 1877 operationi
1414 1789 1478 1845 et
1520 1777 1876 1865 signorum
1928 1777 2304 1846 ostensioni
2354 1778 2562 1845 mini-

58 1865 297 1935 sterium
332 1865 786 1955 Evangelicae
880 1864 1357 1934 raedicationis
1390 1864 1913 1954 praeferendum
1966 1865 2076 1946 sit,
2130 1878 2358 1935 tamen
2388 1888 2563 1953 quae

61 1967 211 2038 gesta
232 1967 626 2034 narrantur,
667 1953 752 2022 ad
786 1976 830 2043 g
858 1954 1075 2022 oriam
1103 1952 1426 2023 donantis
1468 1952 1582 2022 Dei
1619 1975 1754 2021 non
1791 1952 2074 2023 tacenda
2105 1975 2254 2022 esse
2286 1975 2554 2036 cense0,

64 2040 151 2107 sed
173 2043 374 2143 magis
407 2041 590 2133 stylo
629 2041 1002 2132 alliganda,
1035 2063 1119 2110 ne
1154 2054 1433 2131 pereant
1461 2042 1751 2132 posteris
1784 2040 2058 2121 seculiS,
2102 2062 2279 2129 quae
2309 2043 2555 2132 priscis

64 2131 437 2218 temporibus
478 2143 632 2200 acta
670 2152 819 2200 esse
851 2144 1256 2199 noscuntur.

127 2223 156 2296 ἓ
194 2224 325 2291 13.
379 2219 693 2303 Quodam
746 2219 958 2309 igitur
993 2233 1316 2309 tempore,
1362 2218 1529 2287 dum
1580 2216 1990 2288 venerabilis
2040 2218 2141 2288 vir
2182 2220 2309 2288 iter
2351 2240 2558 2287 evan-

62 2303 342 2390 gelizandi
370 2330 563 2378 more
588 2308 786 2378 solito
812 2319 1063 2398 ageret,
1101 2308 1282 2377 venit
1315 2307 1397 2376 ad
1427 2307 1778 2394 quandam
1819 2306 2074 2388 villam,
2117 2308 2551 2377 walachrum

59 2395 305 2478 nomine,
362 2398 431 2466 in
489 2420 632 2485 qua
687 2396 953 2484 antiqui
999 2397 1250 2467 erroris
1300 2396 1564 2466 idolum
1616 2397 1967 2466 remansit.
2021 2397 2212 2479 Quod
2258 2417 2414 2466 cum
2455 2398 2557 2465 vir

24 2479 146 2580 rDei
184 2485 311 2555 zelo
362 2486 634 2556 fervens
688 2485 1190 2586 confringeret,
1254 2498 1609 2575 praesente
1655 2486 1962 2575 ejusdem
2004 2486 2169 2555 idoli
2216 2486 2544 2566 custode,

64 2573 234 2667 nimio
274 2574 501 2646 furore
553 2597 932 2645 succensus
968 2575 1104 2654 ille,
1146 2575 1344 2661 quasi
1384 2574 1490 2643 dei
1530 2575 1637 2643 sui
1672 2574 1999 2661 injuriam
2044 2574 2444 2656 vindicaret,
2486 2576 2554 2642 in

28 2711 33 2720 -
62 2674 275 2815 trgpetu
298 2665 513 2734 animi
543 2663 973 2744 insanientis,
1013 2663 1243 2752 gladio
1278 2677 1485 2753 caput
1513 2664 1885 2732 sacerdotis
1912 2664 2159 2733 Christi
2193 2665 2549 2753 percussit:

63 2765 86 2812 s
198 2755 314 2820 Deo
352 2752 761 2823 defendente
816 2773 1087 2820 servum
1148 2772 1378 2829 suurn,
1438 2751 1702 2821 nullam
1757 2774 1837 2820 ex
1888 2753 2025 2822 ictu
2073 2752 2377 2823 ferientis
2417 2753 2555 2822 lae-

64 2852 246 2907 suram
300 2842 654 2912 sustinuit.
711 2841 888 2911 Socii
929 2861 1081 2909 vero
1118 2839 1306 2909 illius
1362 2840 1489 2909 hoc
1544 2840 1868 2923 videnter„
1919 2843 2317 2931 pessimam,
2361 2863 2553 2931 prae-

65 2929 464 3019 sumptionem
504 2930 704 3020 impii
749 2929 1049 2998 hominis
1089 2928 1436 2998 vindicare
1475 2943 1996 3000 concurrerunt.
2036 2931 2159 2999 Sed
2196 2954 2234 3000 a
2268 2932 2409 2999 viro
2440 2931 2549 2999 Dei

67 3028 156 3095 pto
179 3018 378 3088 animo
418 3018 506 3088 de
556 3018 882 3088 manibus
939 3017 1215 3086 illorum
1261 3015 1591 3087 liberatus
1649 3030 1749 3087 est
1803 3040 1982 3098 reus,
2044 3040 2123 3087 ac
2171 3019 2546 3089 dimissus:

70 3099 161 3192 qui
187 3114 379 3176 tamen
413 3107 657 3176 eodem
694 3106 805 3175 die
836 3106 1283 3175 daemoniaco
1324 3106 1576 3195 spiritu
1614 3119 1928 3194 arreptus
1968 3118 2090 3184 est,
2122 3119 2186 3175 et
2216 3108 2326 3175 die
2357 3109 2550 3176 tertia

68 3185 368 3263 infeliciter
421 3197 745 3264 miseram
805 3196 1010 3264 vitam
1048 3195 1292 3263 finivit.
1348 3200 1425 3265 Et
1473 3195 1639 3280 quia
1696 3196 1797 3262 vir
1846 3194 1982 3275 Dei,
2031 3194 2225 3278 juxta
2277 3216 2553 3284 praece·

67 3288 214 3358 ptum
262 3284 549 3364 Domini,
590 3306 752 3353 suas
792 3283 1085 3373 injurias
1124 3283 1368 3352 ulcisci
1408 3284 1651 3363 noluit,
1704 3283 1909 3353 citius
1941 3305 1980 3350 a
2013 3282 2297 3350 Domino
2332 3284 2554 3351 vindi-

64 3375 244 3435 catum
296 3385 431 3448 est,
501 3374 698 3461 juxta
759 3371 981 3441 illud:
1042 3373 1214 3441 Mihi
1281 3374 1618 3453 vindicta,
1689 3383 1752 3441 et
1812 3394 1932 3462 eqo
1992 3372 2358 3440 retribuam
2421 3374 2552 3457 (Ad

62 3451 212 3521 Hebr.
262 3477 330 3540 x,
382 3465 467 3530 30
491 3462 545 3551 ).
601 3460 747 3530 Alio
808 3482 1084 3547 quoque
1134 3473 1438 3550 ternpore
1486 3461 1614 3530 iter
1670 3462 1865 3530 beato
1915 3459 2055 3528 viro
2120 3459 2408 3529 faciente
2465 3460 2550 3528 ad

62 3544 356 3622 quandam
407 3571 575 3619 suae
617 3550 897 3619 ditionis
942 3548 1288 3630 cellulam,
1336 3571 1514 3636 quae
1559 3571 1640 3617 ex
1677 3549 1954 3618 nomine
2003 3549 2551 3637 praeterfluentis

22 3641 29 3716 ζ
63 3646 236 3713 aquae
267 3640 535 3707 Suestra
565 3638 842 3719 dicitur,
893 3650 1167 3729 propter
1204 3636 1696 3729 compendium
1737 3637 2074 3726 propioris
2116 3636 2258 3706 viae
2299 3657 2420 3726 per
2451 3660 2552 3707 se-

20 3783 25 3794 .
64 3730 207 3801 getes
236 3726 591 3814 quusdam
651 3726 880 3797 divitis
922 3737 1296 3817 'angustam
1357 3726 1769 3795 subintravit
1820 3726 2159 3795 semitam.
2211 3725 2403 3808 Quod
2442 3748 2551 3794 ea-

20 3801 324 3880 irumdem
365 3830 668 3904 segetum
706 3828 935 3885 custos
964 3836 1277 3895 cernenS,
1320 3816 1531 3884 nimio
1565 3815 1844 3883 inflatus
1877 3814 2127 3893 furore,
2171 3814 2390 3884 virum
2437 3815 2549 3883 Dei

18 3947 23 3978 .
63 3887 489 3996 blasphemare
558 3904 802 3993 coepit.
875 3908 1088 3986 Quem
1156 3903 1463 3973 convicia
1536 3903 1679 3972 viro
1747 3903 1861 3971 Dei
1929 3901 2325 3972 inserentem
2390 3924 2547 3970 cum

18 3987 27 4062 ζ
65 3998 213 4064 50011,
240 3989 349 4075 qui
391 4013 548 4061 cum
580 4014 659 4062 eo
690 4005 907 4073 erant,
954 3992 1302 4061 vindicare
1338 3992 1607 4071 vellent,
1651 3992 1798 4060 miti
1840 3992 2071 4060 animo
2100 3992 2211 4060 Dei
2243 3990 2548 4059 famulus

16 4089 27 4158 j
65 4085 146 4164 eps
172 4081 597 4168 compescuit,
643 4081 882 4150 nolens
931 4080 1234 4167 aliquem
1272 4103 1398 4150 sua
1432 4102 1645 4150 causa
1688 4078 1931 4168 perire,
1975 4079 2096 4164 qui
2130 4080 2417 4148 salutem
2458 4079 2552 4146 si—

16 4211 23 4240 ,
66 4157 228 4230 uehat
268 4169 595 4237 omnium.
652 4169 776 4238 Sed
827 4191 985 4238 cum
1029 4168 1438 4238 insanientis
1486 4169 1799 4237 animum
1854 4165 2043 4236 nullo
2086 4168 2287 4238 modo
2335 4167 2550 4236 lenire

16 4259 21 4308 't
68 4260 266 4331 Posset,
317 4254 487 4327 dans
525 4256 749 4327 locum
800 4256 943 4326 irae
988 4258 1161 4346 ejus,
1204 4258 1310 4327 via
1341 4280 1477 4345 qua
1520 4258 1722 4343 venit,
1763 4277 2069 4326 reversus
2109 4270 2230 4328 est.
2280 4256 2405 4327 Sed
2440 4255 2552 4323 die

11 4441 18 4452 .
108 4407 123 4426 ·
145 4410 254 4452 Anna
274 4416 357 4456 714.

9 4455 18 4543 ξ
108 4459 144 4482 *⁴
168 4464 339 4509 Carolus
357 4474 709 4521 cognominatus
732 4474 974 4518 Marcellus,
991 4470 1073 4522 qui
1099 4482 1219 4512 anno
1239 4469 1428 4513 circiter
1448 4472 1527 4510 686
1547 4474 1686 4513 natus
1709 4475 1795 4520 est,
1814 4471 1931 4512 obiit
1953 4473 2113 4513 antem
2134 4481 2254 4514 anno
2274 4473 2365 4512 741.
