2993 4837
476 358 604 420 708
1104 374 1180 418 na
1230 374 1284 418 s.
1341 371 1666 418 STEPHANO
1715 372 1984 420 summm
2032 372 2226 419 MART.
2599 352 2744 418 NOV.
2779 354 2834 418 ΞΒ
2927 427 2928 434 ¹

388 459 744 546 aequavit,
799 471 1002 543 atque
1081 458 1585 526 Auxentianum
1633 456 1881 526 collem
1951 457 2178 547 potius
2246 457 2620 545 nuncupari
2671 455 2840 524 voluit.
2927 457 2928 472 ¹

389 545 735 630 Quamdiu
788 545 997 636 igitur
1029 547 1096 614 in
1134 567 1213 614 eo
1246 545 1635 635 Stephanus
1675 547 2138 636 praeceptoris
2175 567 2464 615 munere
2495 544 2843 635 fungebatur.

386 658 467 705 ex
512 636 641 704 hoc
689 646 931 715 antro,
987 647 1341 721 tamquam
1389 657 1469 702 ex
1519 647 1956 704 sacrosancto
2004 634 2310 721 quodam
2361 634 2560 724 adyto
2589 689 2604 714 ,
2657 635 2846 722 prospi-

386 726 598 803 cienS,
653 724 816 792 huic
851 737 1086 792 sancto
1134 723 1637 812 discipulorum
1680 723 1891 792 choro
1916 745 1995 791 ea
2033 735 2392 813 praecepta
2422 747 2501 792 ac
2525 723 2850 791 documenta

386 812 614 892 dabat,
667 812 926 899 quibus
951 813 1228 881 animus
1263 812 1348 881 ad
1385 813 1701 881 virtutem
1739 811 2076 882 eruditur.
2124 815 2201 880 At
2239 834 2401 881 cum
2435 811 2856 901 discipulorum

388 923 723 970 numerus
770 913 1124 983 cresceret,
1191 911 1394 988 atque
1441 900 1526 969 ad
1594 901 1833 990 viginti
1906 922 2126 987 usque
2176 923 2583 991 progressus
2627 901 2856 976 suisset,

386 993 534 1080 ipse
590 990 973 1078 majoribus
1021 990 1312 1080 dignum
1365 1010 1436 1058 se
1475 1010 1766 1058 censens
1815 990 2246 1075 (illecebrosa
2296 991 2483 1059 enim
2546 989 2738 1058 virtus
2771 1002 2858 1064 est,

387 1080 635 1166 suique
677 1079 1005 1148 studiosis
1056 1079 1337 1167 majoris
1385 1078 1792 1148 incrementi
1841 1079 2290 1167 cupiditatem
2343 1101 2615 1167 semper
2648 1077 2858 1166 injicit,

388 1189 520 1237 nou
566 1191 765 1237 secus
785 1180 999 1255 atque
1025 1168 1249 1236 avaris
1289 1167 1637 1256 pecunia),
1695 1180 1899 1253 atque
1936 1168 2140 1237 etiam
2193 1165 2458 1254 alioqui
2496 1164 2864 1253 tranquillam

386 1270 450 1325 et
483 1257 569 1325 ab
604 1257 932 1327 omnibus
968 1257 1258 1345 negotiis
1306 1256 1617 1325 feriatam
1680 1257 1886 1325 vitam
1937 1257 2143 1325 unice
2190 1279 2462 1337 amanS,
2517 1280 2596 1325 ac
2641 1255 2866 1339 denique

387 1345 717 1434 asperiori
782 1347 954 1414 vitae
1014 1346 1249 1435 generi
1310 1367 1564 1434 corpus
1606 1345 1927 1414 addicere
1974 1345 2451 1427 constituenS,
2511 1345 2860 1435 praedictum

386 1433 989 1504 illum-Marinum
1045 1456 1283 1503 eorum
1336 1435 1711 1503 antistitem
1768 1457 1846 1503 ac
1921 1433 2420 1503 moderatorem
2497 1450 2722 1504 creat:
2769 1433 2862 1520 ipse

386 1537 611 1591 autem
669 1535 1023 1612 peragrato
1097 1545 1378 1612 prorsus
1428 1524 1682 1592 montis
1752 1523 2136 1601 cacumine,
2213 1523 2542 1593 cellulam
2606 1521 2866 1612 spelunca

385 1612 503 1680 illa
538 1610 738 1700 longe
789 1612 1122 1680 minorem
1164 1612 1436 1692 extruit,
1495 1610 1904 1686 latitudinis.
1934 1633 2067 1680 non
2124 1610 2282 1701 plus
2330 1634 2544 1699 quam
2580 1611 2866 1698 sesquicu·

386 1700 607 1769 bitum
647 1700 1035 1781 habentem,
1077 1700 1536 1790 longitudinis
1582 1713 1810 1769 autem
1843 1700 2113 1770 cubitos
2161 1700 2363 1769 duos.
2401 1701 2496 1769 Ad
2532 1696 2865 1771 orientalem

385 1802 611 1857 autem
652 1802 907 1878 partem
942 1790 1245 1858 conchae
1294 1788 1584 1856 formam
1637 1787 1923 1878 effingit,
1977 1812 2056 1858 ea
2095 1788 2485 1867 altitudine,
2542 1803 2616 1860 ut
2652 1801 2865 1857 curvato

384 1899 668 1965 corpore
719 1878 826 1947 vix
876 1877 1014 1947 illic
1079 1891 1258 1947 stare
1311 1891 1569 1966 posset:
1623 1876 1961 1964 reliquam
2021 1890 2250 1948 autem
2299 1892 2565 1967 partem
2621 1878 2754 1948 tecti
2791 1897 2867 1943 ex·

384 1979 641 2056 pertem
695 1967 1044 2053 relinquit.

471 2057 507 2142 ἓ
557 2061 684 2127 n.
738 2062 891 2124 Jam
959 2069 1183 2125 autem
1259 2055 1433 2124 duos
1467 2068 1532 2123 et
1596 2054 2056 2145 quadraginta
2106 2077 2331 2125 annos
2372 2068 2598 2137 natuS,
2652 2075 2768 2124 una
2817 2072 2866 2118 ex

385 2145 870 2214 sacratissimis
911 2146 1251 2224 noctibu5‚
1305 2166 1463 2212 curn
1506 2144 1844 2212 Marinum
1910 2143 2090 2212 clam
2126 2158 2460 2226 vocasset,
2516 2147 2708 2231 eique
2744 2137 2863 2227 quid

382 2234 450 2300 in
486 2234 720 2302 animo
754 2233 1056 2314 haberet,
1112 2233 1494 2322 aperuisset
1541 2232 1872 2322 (necdum
1914 2233 2098 2301 enim
2137 2233 2471 2319 cuiquam
2505 2233 2864 2326 exploratum

380 2335 547 2402 erat,
601 2345 727 2390 cur
783 2321 1009 2390 locum
1066 2321 1264 2389 illum
1332 2321 1815 2410 extruxisset),
1870 2343 2009 2391 una
2051 2343 2211 2391 cum
2271 2345 2352 2392 eo
2414 2321 2773 2411 profectus,
2812 2336 2860 2382 ιι]

384 2434 588 2499 parva
623 2411 740 2480 illa
774 2425 839 2479 et
878 2410 1177 2500 sepulcri
1211 2409 1737 2480 similitudinem
1786 2409 2114 2480 referente
2142 2410 2570 2481 domuncula
2623 2411 2851 2499 seipsum

381 2500 694 2570 includit.
751 2501 857 2569 Sic
892 2501 1128 2589 igitur,
1184 2522 1343 2569 cum
1392 2499 1711 2568 monachi
1744 2521 1985 2569 omnes
2022 2501 2381 2569 matutinis
2417 2501 2720 2590 precibus
2746 2515 2855 2595 per·

380 2590 648 2665 functi,
704 2588 784 2657 ad
855 2589 1227 2678 speluncae
1292 2589 1704 2658 vestibulum
1760 2589 2147 2669 venissent,
2203 2589 2537 2675 flexisque
2582 2585 2857 2679 capitibus

387 2691 735 2755 paternam
789 2677 919 2747 sibi
964 2677 1535 2756 benedictionem,
1592 2691 1666 2746 ut
1701 2699 1848 2747 mos
1897 2678 2176 2757 terebat,
2228 2679 2364 2748 sibi
2413 2677 2650 2747 donari
2688 2686 2858 2767 postuf

381 2765 680 2840 lassent.
740 2787 861 2833 nec
908 2789 1027 2834 vox
1101 2767 1318 2834 Patris
1382 2788 1676 2852 usquam
1745 2766 2234 2847 exaudiretur,
2291 2767 2363 2836 in
2418 2790 2658 2857 magua
2701 2763 2857 2855 anim}

382 2855 891 2940 perturbatione
944 2857 1195 2923 versari
1255 2868 1652 2945 coeperunt.
1728 2861 1804 2923 In
1857 2854 2264 2944 speluncam
2331 2856 2585 2943 itaque,
2647 2846 2856 2923 videndi

378 2944 568 3013 illius
617 2942 980 3024 desiderin,
1039 2944 1376 3013 insiliunt.
1434 2949 1646 3026 Quem
1692 2958 1766 3012 ut
1817 2946 2104 3013 minime
2153 2959 2582 3033 repererunt,
2622 2941 2856 3013 luctibus

377 3045 441 3101 et
473 3032 770 3118 querelis
800 3054 945 3100 sese
974 3033 1415 3102 afflictabant.
1472 3040 1558 3101 Ac
1595 3045 1826 3119 postea
1861 3033 1980 3101 alii
2020 3034 2154 3102 alio
2194 3033 2519 3122 dispersi,
2549 3028 2856 3123 ⁴gemitibus

376 3135 439 3190 et
477 3121 803 3208 lacrymis
843 3134 1182 3209 pastorem
1236 3123 1686 3211 vestigabant.
1742 3126 2050 3203 Quorum
2116 3124 2632 3192 cursitationem
2676 3143 2741 3189 ac
2779 3116 2856 3183 sse·

377 3225 521 3278 tum
574 3210 849 3278 divinus
902 3210 1017 3279 ille
1065 3212 1167 3279 vir
1216 3212 1541 3289 sentiam,
1597 3208 1737 3278 leni
1775 3224 1839 3278 et
1888 3211 2112 3279 amica
2153 3234 2317 3281 voce
2367 3233 2583 3302 agnos
2630 3204 2848 3278 vocavit-

376 3299 484 3367 Illi
535 3300 761 3385 itaque
795 3298 877 3367 ad
930 3322 1088 3368 eum
1138 3314 1518 3380 currentes,
1573 3312 1774 3385 atque
1827 3299 1996 3368 illud
2064 3300 2389 3389 angustia
2443 3299 2854 3391 permolestum

376 3387 809 3457 domicilium
867 3388 1390 3477 conspicientes,
1448 3410 1481 3455 «
1520 3387 1774 3475 Ecquid
1829 3387 1958 3458 hoc
2017 3403 2119 3458 est
2179 3390 2540 3480 (calentes
2589 3389 2853 3475 lacrymas

376 3499 454 3545 ex
500 3478 721 3546 oculis
768 3477 1153 3547 emittentes
1202 3477 1575 3558 dicebant),
1632 3477 1874 3564 ecquid
1945 3478 2255 3564 inquam,
2310 3478 2442 3548 hoc
2501 3490 2622 3559 est,
2681 3469 2853 3566 Pater?

377 3570 510 3635 Cur
546 3567 750 3635 tantis
783 3567 954 3642 vitae
977 3567 1463 3655 asperitatibus
1501 3568 1794 3655 teipsum
1831 3566 2125 3649 addicis,
2165 3580 2667 3655 praematuram
2716 3561 2848 3631 nobis

377 3655 556 3724 velut
615 3657 975 3725 orbitatem
1030 3654 1432 3724 moliensi»
1483 3661 1653 3723 Tum
1699 3654 1850 3723 ille:
1906 3678 1943 3721 «
1977 3657 2105 3738 Qui
2149 3655 2428 3724 tandem
2494 3657 2680 3725 aliter
2725 3651 2844 3720 face-

373 3765 542 3823 rem,
583 3744 830 3831 inquit,
875 3765 913 3813 o
945 3743 1096 3825 filii,
1149 3767 1309 3812 cum
1362 3758 1571 3823 arcta,
1610 3757 1685 3813 ut
1726 3745 2078 3833 Scriptura
2118 3745 2339 3825 docet,
2377 3760 2583 3832 atque
2625 3747 2844 3831 anguslfl

374 3832 462 3900 sit
528 3833 631 3901 via
664 3887 684 3913 ,
760 3854 935 3919 quae
985 3835 1052 3901 in
1098 3833 1364 3902 coelum
1416 3833 1660 3902 ducit?
1696 3855 1731 3899 »
1797 3833 1989 3915 Quod
2048 3845 2123 3903 ut
2178 3834 2277 3903 illi
2329 3834 2727 3907 audierunt,
2782 3819 2841 3891 11¹¹

372 3921 563 3990 aliud
628 3921 1066 4011 adjecerunt:
1124 3922 1250 3990 hoc
1318 3935 1582 3991 tantum
1655 3922 1741 3990 ab
1798 3944 1875 3990 eo
1941 3922 2304 4010 petierunt,
2359 3937 2437 3993 ut
2492 3922 2688 3992 cellae
2734 3930 2840 3984 suae

375 4025 624 4080 tectum
678 4010 979 4089 adderet,
1034 4032 1113 4080 ac
1158 4034 1288 4079 non
1340 4013 1432 4080 ita
1465 4010 1595 4079 sub
1631 4010 1744 4080 dio
1780 4012 1986 4080 vitam
2022 4012 2431 4082 traduceret.
2476 4012 2598 4095 Qui
2644 4021 2838 4077 rursus,

370 4121 531 4168 cum
590 4101 740 4169 tecti
804 4099 1176 4188 cujuslibet
1226 4100 1372 4169 loco
1420 4101 1554 4169 sibi
1602 4100 1868 4168 coelum
1923 4099 2240 4169 sufficere
2289 4101 2743 4191 respondisset,
2781 4111 2804 4156 a

376 4190 559 4256 hunc
597 4188 878 4257 modum
912 4190 1278 4278 perstabat.
1315 4189 1696 4259 contrarias
1720 4190 1896 4257 inter
1930 4211 2001 4257 se
2027 4190 2205 4259 aeris
2234 4191 2637 4259 mutationes
2657 4184 2834 4283 ferens·

372 4282 537 4344 Nam
579 4290 642 4345 et
679 4299 797 4365 per
835 4291 1155 4346 aestatem
1203 4277 1365 4346 solis
1398 4278 1640 4347 ardore
1681 4278 2038 4365 flagrabat,
2071 4291 2135 4348 et
2173 4301 2290 4367 per
2327 4279 2608 4348 hiemem
2655 4273 2838 4359 frigore

371 4364 654 4450 rigebat.
709 4365 977 4433 Adliaec
1006 4367 1212 4435 etiam
1254 4388 1393 4435 una
1432 4365 1702 4447 melota,
1758 4389 1974 4453 eaque
2011 4389 2219 4456 parva
2246 4390 2327 4437 ac
2361 4368 2499 4439 vili.
2539 4362 2831 4459 tegebatur.-

372 4473 448 4517 ac
498 4464 787 4519 stoream
853 4452 1070 4523 solam
1142 4454 1225 4523 ad
1281 4457 1553 4526 brevem
1632 4478 1953 4525 somnum
2006 4456 2405 4527 adhibebat.
2472 4456 2824 4539 Quinetiam,
