2993 4837
474 250 558 313 70
1124 265 1201 311 ur.
1248 265 1302 312 s.
1362 263 1650 312 annuato
1697 266 1795 312 Er.
1853 265 2173 312 reomensi
2644 244 2804 310 NOV.
2847 246 2877 308 3

387 350 630 421 solitus
679 349 899 429 indui,
938 348 1174 419 divino
1198 349 1393 419 altari
1430 349 1782 430 assistens,
1816 348 2153 419 subucula
2184 348 2465 429 scilicet,
2518 361 2709 435 atque
2735 348 2874 417 linea

389 439 683 529 planeta.
736 443 946 507 Tanta
986 449 1213 509 autem
1265 437 1487 508 vultui
1542 438 1694 528 eius
1744 438 1962 507 inerat
2015 437 2507 528 pulcritudinis
2544 437 2785 594 'gratim
2821 451 2880 505 nt

389 528 608 618 potior
659 526 1001 596 videretur
1044 537 1247 614 atque
1287 527 1634 596 venustior
1685 538 2021 607 mortuuS,
2059 548 2267 613 quam
2316 526 2481 597 olim
2575 537 2755 596 uerat
2801 527 2879 593 vi-

386 638 533 687 vus.
593 620 779 699 Quae
827 637 982 685 cum
1050 614 1334 692 fierent,
1402 615 1868 704 discipulique
1922 614 2076 703 ejus
2127 615 2390 685 vultum
2458 615 2590 686 sibi
2652 613 2879 683 dudum

383 705 755 794 optabilem
818 717 1020 791 atque
1069 704 1624 774 amantissimum
1677 704 1898 774 oculis
1971 704 2510 793 perlustrarent,
2577 704 2882 773 internum

383 815 685 863 amorem
729 793 943 863 animi
980 814 1113 863 non
1156 792 1469 873 ferentes,
1517 793 1844 893 lacrymis
1911 793 2359 864 testabantur.
2414 796 2663 862 Omnes
2713 793 2883 860 etiam

383 882 754 954 adstantes,
796 882 1094 1039 genibus
1127 882 1451 962 curvatiS,
1506 904 1618 951 cer
1689 882 2024 969 cibusque
2059 881 2450 962 submissiS,
2491 880 2735 971 plantis
2763 880 2889 970 ejus

383 983 593 1060 grata
623 993 790 1041 oscu
820 993 860 1039 a
910 970 1149 1050 libant,
1187 982 1251 1038 et
1296 971 1456 1057 quia
1494 970 1622 1039 doc
1695 972 1846 1039 inae
1876 971 2028 1060 ejus
2061 991 2306 1061 segnes
2354 986 2742 1040 executores
2772 968 2891 1037 fue-

386 1061 544 1140 rint,
603 1060 1049 1149 proclamant,
1089 1060 1176 1128 ob
1212 1058 1416 1147 idque
1451 1059 1579 1129 sibi
1627 1059 2128 1149 indulgentiam
2180 1059 2332 1128 dari
2365 1059 2766 1150 suppliciter
2793 1080 2889 1146 po·

382 1149 664 1219 stulant.
714 1148 965 1218 Deinde
1017 1147 1263 1227 officia,
1323 1161 1523 1237 prout
1571 1169 1675 1216 res
1732 1147 2052 1237 postulat,
2092 1169 2301 1238 super
2347 1169 2504 1217 eum
2559 1169 2712 1237 pera
2766 1160 2884 1215 unt.

382 1238 909 1325 cautionemque
947 1251 1176 1326 aptam
1227 1236 1669 1326 depromunt,
1723 1237 2321 1324 odoramentisque
2369 1251 2434 1306 et
2488 1236 2716 1326 lampa
2767 1236 2892 1303 ibus
2955 1279 2956 1286 κ

380 1348 539 1396 cum
589 1326 779 1396 omni
831 1326 1202 1406 honestate,
1242 1340 1315 1394 ut
1354 1348 1457 1396 res
1490 1326 1810 1395 funebria
1860 1326 2179 1415 postulat,
2237 1326 2759 1416 praeeuntibus.
2815 1324 2893 1393 lo-

382 1414 539 1484 culo
572 1437 708 1502 quo
745 1415 889 1504 ipse
939 1414 1402 1504 praedixerat,
1458 1414 1860 1484 humandus
1910 1414 2286 1484 inducitur.
2347 1420 2423 1484 Ut
2470 1430 2700 1484 autem
2751 1413 2893 1481 divi-

385 1505 564 1573 nitas
633 1503 900 1574 cunctis
967 1503 1191 1592 palam
1243 1503 1670 1580 ostenden-t,
1726 1525 2001 1595 semper
2044 1503 2227 1592 apud
2282 1525 2353 1571 se
2404 1503 2667 1582 vivere,
2719 1523 2890 1590 quem

379 1592 468 1662 ab
516 1591 738 1662 oculis
782 1592 1138 1661 bominum
1173 1592 1540 1671 occulerat,
1599 1607 1767 1660 terra
1805 1595 1936 1663 sub
1975 1592 2169 1661 arido
2217 1592 2514 1681 caespite
2556 1592 2788 1662 lucum
2822 1612 2895 1657 se·

385 1681 604 1770 pulcri
648 1681 797 1771 ejus
828 1681 943 1750 tali
980 1680 1257 1771 dignata
1291 1693 1389 1750 est
1424 1680 1759 1750 miraculo
1800 1694 2178 1751 venustare.
2236 1682 2435 1770 Virga
2479 1702 2775 1768 namque
2809 1701 2896 1748 su·

384 1791 504 1860 per
543 1769 940 1860 sepulcrum
991 1769 1139 1855 ejus
1182 1769 1395 1839 ineisa
1440 1781 1584 1839 est:
1637 1771 1796 1856 quia
1850 1771 1940 1839 ita
1990 1791 2097 1838 res
2129 1771 2463 1860 exigebat,
2516 1768 2898 1839 contractior

383 1871 636 1939 tamen,
689 1880 897 1945 qnam
933 1857 1193 1929 utilitas
1247 1872 1682 1948 poposcerat:
1725 1858 1840 1927 sed
1894 1871 2126 1947 postea
2174 1859 2446 1927 inventa
2472 1871 2574 1927 est
2623 1858 2892 1928 duorum

382 1947 772 2037 palmorum
826 1946 1254 2035 longitudine
1294 1947 1825 2036 supercrevisse.
1883 1951 2098 2030 Quam
2153 1968 2277 2017 nos
2323 1947 2409 2036 ὼ
2450 1945 2896 2036 ampliandam

382 2035 628 2106 Christi
678 2036 966 2125 gloriam
1016 2049 1081 2106 et
1134 2036 1353 2106 sancti
1411 2036 1537 2105 viri
1583 2049 1976 2127 perpetuam
2034 2037 2483 2116 memoriam,
2537 2039 2629 2106 ab
2689 2034 2900 2104 eodem

382 2124 529 2194 loco
580 2125 892 2205 levatam,
936 2124 1175 2213 parieti
1211 2125 1626 2194 inservimus
1674 2125 2240 2194 conservandam.

468 2216 676 2300 §11
715 2219 867 2284 Post
910 2214 1078 2282 haec
1109 2225 1337 2283 autern
1373 2226 1748 2303 coeperunt
1788 2214 2004 2283 sancti
2042 2214 2170 2282 viri
2191 2213 2518 2300 reliquiae
2553 2212 2897 2282 virtutibus

380 2303 644 2382 florere,
684 2303 1012 2388 locusque
1059 2303 1209 2393 ejus
1257 2301 1655 2392 sepulturae
1701 2303 1961 2373 crebris
2012 2302 2367 2372 miraculis
2417 2301 2703 2371 enitere.
2757 2307 2898 2394 Nam

376 2392 791 2462 creberrime
823 2389 1106 2479 quidam
1161 2391 1334 2460 inter
1390 2390 1721 2462 diurnum
1784 2403 2339 2479 nocturnumque
2388 2389 2696 2461 officium
2757 2389 2899 2459 inibi

381 2492 804 2571 peragentes,
861 2480 1100 2549 crebro
1148 2502 1221 2549 se
1254 2480 1544 2550 confessi
1596 2494 1759 2550 sunt
1812 2502 2008 2552 voces
2066 2480 2427 2550 exaudisse
2481 2480 2566 2548 de
2630 2478 2897 2550 tumulo.

376 2574 584 2653 QuaS,
642 2569 740 2638 uti
791 2570 1133 2638 humanae
1183 2568 1629 2640 imbecillitati
1678 2570 1887 2639 moris
1935 2582 2058 2649 est,
2116 2569 2496 2647 audientes,
2554 2569 2798 2638 timore
2823 2567 2903 2634 ni·

382 2658 520 2727 mio
581 2657 957 2746 perterriti,
1011 2656 1213 2814 fugae
1271 2680 1416 2729 sese
1480 2658 1855 2739 credidere,
1915 2659 2318 2746 timorisque
2368 2657 2899 2747 magnitudinem

381 2748 827 2815 mutationem
889 2745 1015 2815 loci
1137 2746 1539 2816 eclinavere.
1607 2746 1795 2829 Quod
1858 2769 1980 2817 nos
2041 2747 2432 2826 audientes,
2517 2746 2902 2816 innumeras

380 2834 642 2904 Christo
679 2834 961 2904 Domino
997 2834 1450 2925 persolvimus
1480 2847 1728 2926 grates,
1773 2836 1891 2922 qui
1922 2836 2036 2906 tali
2075 2836 2276 2905 modo
2319 2835 2532 2905 voluit
2566 2853 2903 2904 commen·

377 2923 543 2993 dare
600 2924 963 3013 pretiosam
1032 2938 1314 2994 mortem
1368 2923 1707 3014 praesulis
1756 2925 1888 3005 sui,
1952 2924 2257 2995 videntes
2315 2924 2498 3011 quod
2576 2945 2737 2993 eum
2788 2922 2899 2990 alta

378 3012 798 3082 beatitudine
843 3011 1235 3092 donaverat,
1304 3035 1507 3100 quem
1553 3026 1737 3083 tanta
1805 3014 2273 3104 praerogativa
2322 3014 2684 3103 signorum
2740 3032 2902 3081 com·

381 3100 773 3170 mendabat.

465 3191 500 3277 §
550 3195 694 3262 18.
750 3194 940 3260 Anno
988 3204 1213 3261 autem
1281 3192 1738 3261 decimosexto
1787 3190 2170 3261 felicissimi
2232 3192 2383 3278 ejus
2439 3211 2785 3267 excessus,
2847 3200 2907 3256 ut

380 3300 502 3349 vox
552 3279 917 3348 Salvatoris
968 3301 1117 3349 vera
1180 3280 1621 3370 probaretur,
1690 3280 2023 3351 dicentis:
2093 3281 2284 3349 Nihil
2347 3290 2676 3369 opertum,
2753 3275 2907 3369 quod

376 3391 503 3437 non
551 3372 927 3437 reveletur:
993 3379 1055 3437 et
1102 3373 1474 3449 occultum,
1536 3370 1712 3460 quod
1759 3393 1886 3438 non
1939 3371 2198 3438 sciatur
2230 3368 2494 3451 (Manli.
2539 3367 2630 3455 x):
2695 3377 2906 3458 pastor

379 3469 727 3546 pastorum
787 3457 1117 3526 vicarium
1171 3480 1400 3535 suum,
1460 3459 1702 3544 quanti
1777 3457 1960 3547 apud
2014 3479 2085 3527 se
2143 3470 2323 3527 esset
2386 3457 2650 3534 meriti,
2716 3454 2906 3524 voluit

376 3545 753 3625 ostendere,
793 3557 1134 3633 quatenus
1185 3546 1299 3616 lux
1342 3548 1669 3615 virtutum
1697 3547 1847 3636 ejus
1894 3567 2125 3616 coram
2169 3544 2571 3615 hominibus
2605 3544 2900 3635 fulgeret.

376 3646 440 3703 et
491 3635 725 3723 populi
794 3633 1216 3724 perfruentes
1276 3635 1610 3705 suavitate
1673 3636 2076 3725 signorum,
2132 3633 2596 3725 glorificarent
2661 3638 2898 3702 Deum.

380 3735 787 3811 patratorem
842 3735 1184 3793 tantorum
1236 3745 1551 3813 operum:
1589 3734 1655 3792 et
1700 3724 1864 3811 quia
1909 3723 2295 3793 membrum
2339 3744 2633 3811 parsque
2675 3738 2902 3809 magna

378 3812 504 3880 erit
551 3811 845 3881 civitatis
879 3833 1243 3901 supernae,
1293 3812 1512 3882 noluit
1559 3834 1715 3882 eum
1770 3812 2101 3897 Dominus
2140 3811 2557 3890 delitescere,
2605 3810 2718 3880 sed
2756 3828 2903 3877 cun·

379 3900 507 3969 ctis
538 3901 689 3989 ejus
724 3900 990 3970 civibus
1044 3901 1109 3970 in
1166 3900 1558 3992 exemplum
1619 3900 1939 3990 proferre.
1996 3906 2160 3970 Nam
2213 3900 2668 3970 carlomanno
2715 3904 2898 3992 Rege.

380 3988 573 4057 tertio
615 3989 758 4075 jam
820 4011 1002 4059 anno
1053 3990 1243 4081 regni
1295 3995 1713 4060 Francorum
1765 4003 2031 4079 sceptra
2090 4001 2385 4079 regente,
2439 3988 2694 4059 aeditui
2746 3988 2903 4055 bast-

379 4076 572 4155 licae‚
625 4099 762 4164 qua
811 4079 1027 4147 sancti
1079 4080 1202 4148 viri
1250 4080 1560 4149 membra
1612 4078 2035 4169 tegebantur,
2089 4078 2398 4148 detexere
2454 4077 2585 4148 sibi
2640 4072 2899 4144 manda·

380 4178 522 4235 tum
576 4165 789 4235 fuisse
820 4168 1130 4247 coelitus.
1180 4168 1277 4235 uti
1330 4190 1448 4236 cor
1499 4168 1639 4237 oris
1669 4169 1850 4238 beati
1898 4167 2022 4236 viri
2060 4168 2254 4237 busta
2308 4166 2469 4236 inde
2508 4166 2896 4235 levarentur:

382 4277 504 4324 nec
561 4254 684 4324 soli
738 4255 835 4323 illi
888 4257 1000 4325 tali
1055 4256 1185 4325 sibi
1241 4256 1448 4325 refere
1503 4270 1620 4326 ant
1672 4256 2008 4325 mandata
2041 4255 2413 4329 divinitus,
2473 4255 2584 4323 sed
2636 4268 2698 4324 et
2744 4250 2897 4320 aliae

376 4343 770 4433 complures
823 4365 1149 4433 personae
1211 4345 1641 4434 spectabiles,
1699 4358 1760 4414 et
1813 4344 2164 4414 nobilitate
2218 4345 2413 4414 humi
2474 4353 2890 4433 praestantes.
