2993 4837
52 291 179 354 ΝΜΖ
228 292 265 353 Ξ
842 313 917 357 na
966 311 1290 358 moninus
1342 313 1685 360 ossruxc‘rts
2370 299 2453 362 43

46 392 309 470 sentiunt,
345 392 433 461 ad
480 394 686 462 hunc
734 394 1005 464 modum
1057 395 1500 465 disseremus.
1546 402 1675 466 Nec
1730 397 2040 467 beneficii
2093 397 2237 467 loco
2280 399 2541 469 ducen-

39 482 184 560 dum,
233 502 351 550 nec
401 503 676 551 novum
725 505 800 553 ac
848 484 1098 553 mirum
1161 485 1286 554 hoc
1332 486 1755 556 censendum
1821 499 1962 565 est,
2019 487 2104 555 iis
2153 487 2487 557 nimirum
2518 544 2533 568 ,

34 569 119 655 qui
160 569 603 648 crediderint,
664 572 942 641 salutem
977 595 1015 641 a
1044 573 1308 644 Christo
1338 572 1617 643 allatam
1651 596 1823 644 esse:
1866 575 2126 664 quippe
2158 598 2316 645 cum
2353 577 2542 648 solus

30 660 144 744 ipse
172 658 375 747 judex
424 661 778 746 aequitate
815 673 1142 750 praestet,
1198 685 1321 732 nec
1374 664 1720 752 periturus
1780 664 1889 741 sit,
1951 664 2269 751 quisquis
2318 665 2541 754 ipsius

28 748 209 815 verbis
250 747 456 816 fidem
509 749 934 820 adbibuerit.
976 752 1307 833 Quocirca
1355 773 1469 820 eos
1519 774 1760 821 omnes
1806 752 2096 822 salutem
2157 757 2531 842 consequi,

24 850 190 920 atque
216 836 295 904 ad
349 837 463 905 Dei
508 859 597 907 ac
638 838 1355 909 nomini-descensum
1395 840 1642 909 inferni
1678 839 1973 910 vinculis
2011 842 2207 921 solvi,
2265 865 2541 913 necesse

24 938 156 991 erat.
196 928 259 992 [d
306 926 494 1011 quod
553 929 762 996 etiam
834 929 1053 1017 ipsius
1170 928 1546 997 rovidentia
1594 930 1897 1018 contigit.
1958 935 2025 999 At
2088 953 2241 999 vero
2309 933 2540 1001 cuncti

26 1011 121 1090 illi,
144 1034 281 1082 mea
325 1014 623 1100 quidem
655 1017 1010 1096 sententia,
1045 1038 1120 1087 so
1152 1040 1190 1085 a
1231 1017 1453 1106 ipsius
1486 1017 1902 1118 benignitate
1931 1040 2010 1087 ac
2066 1019 2540 1090 misericordia

26 1101 270 1170 salutem
311 1116 762 1193 acceperunt,
815 1105 931 1192 qui
977 1105 1251 1175 etiamsi
1299 1105 1557 1193 alioqui
1614 1121 1784 1175 vitae
1851 1107 2143 1195 puritate
2180 1109 2542 1179 excelluis-

24 1203 161 1267 sent,
204 1204 406 1277 atque
453 1194 748 1282 optimis
792 1194 1185 1281 quibusque
1233 1194 1624 1265 actionibus
1676 1195 2013 1284 perfuncti
2073 1195 2387 1277 fuissent,
2449 1212 2540 1266 te-

26 1280 338 1366 nuiterque
383 1303 468 1349 ac
522 1295 986 1369 temperanter
1031 1298 1097 1351 et
1127 1298 1310 1352 caste
1361 1284 1706 1364 vixissent,
1749 1298 1973 1353 tamen
2036 1307 2279 1373 puram
2323 1309 2401 1355 ac
2441 1287 2540 1354 di·

28 1367 214 1434 vinam
260 1368 468 1437 fidem
542 1370 1081 1458 haudquaquam
1157 1386 1630 1462 perceperant,
1686 1385 1758 1442 ut
1812 1374 1932 1459 qui
2004 1373 2192 1441 nulla
2256 1376 2578 1444 omnino·

26 1455 349 1544 disciplina
395 1471 523 1526 aut
574 1460 995 1548 cujusquam
1035 1462 1427 1550 magisterio
1474 1461 1725 1530 eruditi
1775 1462 2164 1548 excultique
2220 1462 2533 1533 fuissent.

28 1546 135 1609 Hos
165 1547 411 1635 quippe
449 1547 571 1615 ille
619 1550 929 1617 omnium
1000 1549 1385 1618 moderator
1432 1572 1511 1618 ac
1578 1551 1907 1620 Dominus
1973 1551 2229 1620 retibus
2287 1551 2541 1621 divinis

30 1632 289 1702 inclusos
333 1636 645 1705 sublime
683 1639 905 1716 traxit,
944 1637 1183 1724 eisque
1237 1660 1395 1707 cum
1440 1638 1839 1707 divinorum
1906 1640 2251 1708 radiorum
2307 1641 2538 1729 splen-

30 1719 221 1788 dorem
268 1724 649 1809 injecisset,
703 1748 783 1794 ac
827 1727 1124 1796 veritatis
1168 1727 1396 1795 lumen
1448 1728 1895 1808 ostendisset,
1952 1730 2040 1796 ita
2093 1751 2330 1797 eorum
2389 1732 2540 1799 ani-

36 1829 153 1876 mos
184 1810 455 1891 inflexit,
513 1828 591 1882 ut
637 1816 701 1882 in
753 1837 911 1883 eum
962 1815 1337 1884 crederent.
1392 1822 1621 1903 Neque
1669 1817 1849 1884 enim
1905 1817 2018 1885 ille
2063 1830 2305 1886 natura
2343 1822 2543 1889 mise-

38 1896 225 1977 ricors,
262 1912 349 1970 tot
398 1903 675 1972 labores
710 1902 961 1973 frustra
991 1918 1196 2003 atque
1230 1905 1581 1974 incassum
1616 1905 1703 1973 ab
1738 1905 1908 1993 ipsis
1940 1920 2299 1993 susceptos
2331 1908 2540 1978 fuisse

42 1986 381 2059 sustinebat.
442 1997 575 2060 Per
612 1991 962 2061 difficilem
1014 2014 1198 2061 enim
1249 2006 1313 2062 et
1361 2015 1873 2072 aerumnosam,
1911 2016 2012 2072 ac,
2074 2017 2281 2084 supra
2330 2019 2534 2082 quam
2639 2024 2646 2031 ·

47 2070 371 2169 diciqueat,
418 2094 799 2165 angustam
839 2081 1043 2150 vitam
1096 2081 1456 2150 duxerant.
1495 2087 1657 2151 Nam
1704 2094 1768 2150 et
1815 2082 2031 2150 animi
2088 2086 2542 2170 perturbatio-

55 2161 211 2233 nibus
244 2167 776 2268 imperaverant,
814 2183 879 2238 et
929 2169 1309 2259 voluptates
1358 2174 1783 2259 respu‘erant,
1837 2184 1902 2239 et
1952 2184 2421 2259 paupertatem
2457 2197 2537 2241 ac

57 2250 469 2325 continentiam
516 2257 601 2325 ad
644 2272 1022 2327 extremum
1074 2281 1294 2345 usque
1342 2258 1718 2338 coluerant,
1773 2273 1836 2328 et
1888 2259 2142 2349 vigiliis
2192 2282 2260 2327 se
2313 2262 2538 2330 confe-

55 2352 253 2434 cerant,
280 2359 509 2432 atque,
547 2359 624 2415 ut
676 2347 914 2437 paucis
944 2347 1383 2437 complectar,
1423 2350 1655 2416 omnia
1686 2348 1955 2417 virtutis
2007 2370 2319 2422 munera.
2355 2349 2539 2420 haud

55 2447 139 2512 pie
174 2427 253 2500 illi
274 2436 585 2520 quidem,
634 2436 750 2504 sed
792 2449 1015 2505 tamen
1050 2437 1509 2525 expleverant,
1564 2459 2016 2524 summaeque
2050 2437 2535 2527 providentiae,

50 2520 376 2615 mquidem
431 2525 614 2614 ipsis
652 2524 1032 2605 videbatur,
1078 2527 1696 2614 praestantissime,
1754 2527 2018 2595 tametsi
2058 2548 2180 2616 nps
2230 2527 2379 2596 sine
2437 2549 2542 2596 er-

54 2622 186 2675 roris
236 2609 407 2692 labe,
466 2613 738 2683 cultum
804 2625 870 2682 et
926 2616 1424 2684 venerationem
1482 2615 1964 2684 adhibuerant.
2034 2616 2208 2698 Quin
2264 2615 2543 2687 fuerunt

51 2692 209 2788 etiam
243 2701 579 2782 nonnulli,
634 2702 751 2788 qui
803 2702 1108 2771 divinam
1158 2704 1651 2792 omnipotentis
1707 2704 2057 2772 'trinitatis
2120 2704 2352 2783 sidem,
2404 2708 2541 2774 exi-

50 2776 169 2850 liter
204 2784 291 2855 illi
333 2790 619 2876 quidem
674 2812 752 2858 ac
805 2791 1239 2881 perobscure,
1280 2792 1396 2860 sed
1452 2804 1675 2861 tamen
1733 2806 2204 2882 perceperunt.
2257 2794 2383 2863 Alii
2414 2817 2541 2863 au-

60 2877 161 2938 lem
183 2875 341 2946 verbi
391 2880 976 2960 incarnationem,
1032 2880 1591 2966 venerandosque
1658 2882 1877 2968 ipsius
1924 2882 2295 2962 cruciatus,
2363 2882 2541 2951 redi-

62 2967 275 3046 tumque
299 2968 379 3036 ad
431 2969 646 3036 vitam
703 2967 1212 3056 praedicarunt.
1250 2969 1374 3037 Alii
1407 2984 1633 3038 ortum
1684 2992 1761 3038 ex
1805 2969 2091 3058 virgine,
2136 2984 2339 3056 atque
2369 2971 2537 3040 adeo

60 3063 243 3144 ”cymen
278 3056 503 3145 ipsius
535 3058 1026 3126 enunciarunt.
1076 3057 1281 3126 Maria
1331 3059 1561 3136 enim,
1634 3059 1880 3144 inquit,
1936 3080 2184 3128 nomen
2242 3059 2532 3148 puellae.

50 3131 140 3202 Ain
171 3159 383 3215 rursus
431 3145 691 3213 eximia
728 3145 846 3214 illa
879 3146 1137 3226 omnia,
1186 3159 1603 3232 naturaeque
1639 3147 1773 3214 vim
1815 3148 2231 3227 excedentia,
2267 3172 2302 3216 a
2341 3149 2537 3217 Chri-

48 3237 124 3291 sto
156 3227 308 3300 edita
348 3233 695 3302 miracula
748 3235 1093 3303 vaticinati
1142 3250 1326 3314 sunt,
1384 3235 1512 3303 hoc
1559 3249 1661 3303 est
1711 3249 2136 3305 mortuorum
2185 3238 2538 3305 excitatio-

48 3329 183 3392 Ueffl.
213 3339 595 3400 caecorum,
637 3337 1011 3403 mutorum,
1054 3323 1506 3412 leprosorum,
1537 3323 1936 3409 surdorum,
1971 3323 2534 3404 febricitantium,

47 3396 570 3496 hydropicorum,
625 3433 705 3479 ac
759 3433 1005 3482 manus
1054 3413 1356 3481 siccitate
1413 3411 1903 3493 laborantium,
1973 3412 2534 3501 paralyticorum,

46 3501 199 3574 atque
223 3518 482 3577 eorum,
525 3500 646 3585 qui
682 3499 1096 3570 daemonum
1136 3501 1564 3590 intemperiis
1601 3501 2041 3581 vexabantur,
2081 3503 2534 3582 curationem,

49 3577 619 3656 obambulationem
661 3588 817 3657 item
873 3589 939 3656 in
996 3590 1193 3668 mari,
1246 3603 1311 3658 et
1361 3612 1618 3676 panum
1656 3612 1735 3658 ac
1777 3590 2071 3678 piscium
2125 3590 2537 3660 benedictio·

51 3683 184 3747 nem.
218 3694 595 3762 rursusque
628 3698 847 3764 aquae
884 3678 950 3745 in
983 3679 1215 3748 vinum
1268 3681 1903 3753 commutationem,
1952 3678 2540 3749 haemorrhoissae.

46 3749 277 3845 denique
326 3786 407 3832 ac
466 3786 720 3833 curvae
789 3788 1071 3854 prorsus
1134 3766 1583 3835 mulierculae
1646 3767 2116 3844 sanationem,
2181 3790 2317 3836 una
2377 3789 2535 3836 cum

47 3851 523 3936 quamplurimis
553 3853 711 3922 aliis
749 3854 951 3923 rebus
985 3856 1476 3943 praedicentes.
1515 3860 1676 3931 Hos,
1717 3856 2028 3942 inquam,
2075 3857 2306 3925 divina
2343 3857 2537 3924 Verbi

48 3939 287 4013 potentia
325 3943 564 4027 perire,
621 3943 1183 4030 optimarumque
1237 3943 1585 4014 actionum
1641 3943 1869 4014 fructu
1926 3966 2195 4023 carere,
2252 3945 2538 4014 minime

51 4023 340 4097 Sustinuit.
392 4033 747 4121 Temporis
794 4033 977 4100 enim
1033 4054 1214 4120 pars,
1256 4033 1412 4121 ipsi,
1469 4046 1546 4100 ut
1593 4031 1920 4110 diximus,
1973 4034 2429 4111 commodata,
2468 4039 2533 4103 in

51 4107 465 4187 obscuritatem
520 4119 1059 4206 haudquaquam
1112 4120 1288 4188 abit:
1345 4143 1579 4189 verum
1632 4121 1962 4191 omnibus
2025 4122 2107 4191 iis
2182 4124 2300 4209 qui
2369 4124 2538 4191 vitae

56 4204 409 4276 curriculum
443 4210 725 4278 honeste
767 4207 1204 4285 confecerint,
1243 4223 1531 4288 servata,
1576 4209 2030 4280 cumulatiore
2068 4226 2296 4300 postea
2349 4233 2539 4279 men-

58 4303 168 4358 sura
201 4294 497 4368 refertur.
552 4303 829 4376 Contra,
871 4297 991 4384 qui
1041 4297 1331 4387 turpiter
1359 4311 1424 4366 et
1473 4297 1795 4368 scelerate
1846 4299 2181 4380 vixerunt,
2230 4299 2541 4386 nihilque

62 4381 295 4462 omniuo.
331 4387 510 4475 quod
561 4411 727 4457 cum
761 4386 1007 4456 virtute
1041 4386 1494 4474 conjunctum
1531 4399 1729 4467 esset,
1782 4403 2093 4477 egerunt,
2142 4410 2265 4458 nec
2305 4408 2538 4457 semen
