2993 4837
1150 94 1189 119 ἢ,

535 256 663 320 346
1128 269 1209 319 DE
1258 273 1313 319 s.
1366 270 1718 320 conerntno
1765 274 1864 320 ΕΡ.
1919 273 2304 321 AitntANENsr
2694 256 2840 322 Not.
2880 262 2909 319 8

447 357 879 427 multitudini
928 357 1304 447 capiendae
1351 358 1574 447 aptior
1631 358 2001 428 videretur.
2056 359 2159 427 Ibi
2210 370 2355 428 tum
2414 358 2767 448 Episcopus
2804 376 2912 428 orat

444 453 515 515 B.
569 446 1039 527 Godefridum,
1083 460 1158 516 ut
1194 447 1526 537 populum
1567 459 1750 516 tanta
1791 447 2246 516 calamitateo
2305 469 2639 536 pressum,
2670 467 2914 517 sermone

443 535 833 605 consoletur
879 548 943 605 et
974 535 1212 625 erigat,
1266 536 1496 622 aitque
1530 558 1602 606 se
1651 558 1784 605 non
1837 536 2178 616 dubitare,
2218 537 2239 603 i
2274 536 2411 606 lius
2456 549 2520 606 et
2559 550 2909 611 sanctoruni,

443 646 736 710 quorum
792 624 913 693 reli
966 625 1119 693 uiae
1166 624 1520 704 adessent,
1580 625 1842 693 meritis
1890 625 2235 694 Christum
2290 625 2628 715 placatum
2674 625 2770 694 iri.
2811 629 2913 694 Non

444 727 712 782 recusat
745 714 925 783 Gode
961 713 1174 793 riduS,
1222 713 1336 783 sed
1392 712 1740 782 luculenta
1769 727 1834 782 et
1886 714 2144 783 mellita
2180 715 2506 795 oratione,
2543 728 2607 782 et
2636 735 2792 801 quae
2817 715 2916 782 sale

444 802 720 871 condita
766 815 965 883 esset,
1019 801 1413 872 auditorum
1456 802 1727 871 animos
1761 803 2166 871 medullitus
2204 804 2627 893 compunxit.
2678 808 2916 888 Cumque

444 913 826 961 sermonem
864 892 1305 980 protraheret,
1352 892 1578 962 subito
1605 890 1858 960 densae
1909 892 2127 962 nubes
2165 892 2432 961 coelum
2463 914 2665 962 omne
2692 913 2917 979 occupa·

444 993 628 1060 runt,
668 993 952 1070 crepant
1004 980 1328 1060 tonitrua,
1386 980 1643 1049 micant
1699 979 2000 1069 fulgura,
2056 981 2194 1049 ruit
2243 981 2568 1069 impetue
2613 980 2785 1050 coelo
2828 979 2922 1047 lar·

445 1068 775 1157 gissimus
816 1070 1057 1149 imber,
1110 1068 1471 1137 dimanant
1507 1091 1623 1157 per
1675 1067 1935 1158 plateas
1972 1082 2036 1138 et
2083 1090 2284 1159 agros
2340 1091 2673 1157 aquarum
2730 1067 2916 1137 rivuli.

449 1157 885 1247 populusque
917 1157 1190 1227 festinat
1228 1158 1540 1238 domum,
1594 1157 1777 1243 quod
1810 1157 2148 1227 diluvium
2193 1158 2592 1248 impendere
2620 1157 2918 1226 videretur.

445 1248 611 1328 Quis
659 1247 987 1336 ambigat,
1044 1260 1176 1315 tam
1253 1246 1715 1315 necessarium
1780 1267 2040 1315 munus
2086 1246 2701 1316 clementissimum
2761 1251 2918 1315 Deum

444 1339 532 1405 ob
576 1336 813 1404 merita
853 1335 1029 1404 servi
1079 1336 1190 1404 sui
1236 1348 1301 1404 et
1339 1348 1732 1404 sanctorum
1784 1336 2138 1426 suffragia,
2179 1357 2474 1422 quorum
2527 1335 2668 1404 illic
2712 1335 2918 1403 cineres

448 1423 747 1512 populus
804 1424 1028 1493 fidelis
1078 1425 1185 1514 pie
1252 1423 1736 1505 venerabatur,
1797 1422 2180 1514 derepente
2226 1423 2649 1495 contulisse?
2694 1428 2763 1493 Et
2801 1420 2917 1509 quid

446 1513 726 1593 mirum,
748 1513 972 1600 justos
1021 1512 1336 1581 homines
1371 1514 1736 1603 impetrare
1768 1534 1808 1580 a
1843 1517 1975 1582 Deo
2014 1534 2191 1600 quae
2227 1526 2486 1601 petunt,
2523 1512 2789 1599 quando
2813 1511 2919 1579 licet

443 1622 727 1691 corpore
774 1601 1026 1691 degant
1060 1601 1127 1669 in
1180 1602 1401 1681 terriS,
1448 1601 1682 1669 animo
1718 1613 1941 1671 tamen
1972 1624 2131 1671 cum
2170 1602 2285 1671 illo
2326 1614 2687 1671 versantur
2731 1602 2791 1669 in
2819 1620 2902 1668 coe

398 1751 413 1769 ,
449 1689 556 1771 lis,
610 1701 674 1759 et
707 1713 891 1760 unus
924 1712 1082 1760 cum
1134 1712 1211 1758 eo
1238 1690 1524 1780 spiritus
1573 1702 1758 1770 sunt,
1795 1690 2062 1759 dicente
2094 1691 2446 1781 Apostolo:
2501 1694 2635 1774 Qui
2661 1691 2918 1760 adhaeret

444 1780 744 1859 Domino,
782 1803 957 1848 unus
993 1781 1274 1869 spiritus
1303 1780 1448 1848 est?
1477 1779 1574 1868 (l.
1609 1783 1753 1849 Cor.
1793 1778 1909 1866 vr).

531 1871 568 1954 ξ
615 1872 747 1941 12.
805 1873 1146 1938 Manasses
1177 1868 1597 1936 Rhemorum
1650 1868 2245 1958 ArchiepiscopuS,
2282 1868 2696 1956 quandoque
2740 1865 2914 1963 accirit

444 1957 719 2026 beatum
758 1957 977 2026 virum
1016 1957 1098 2025 ad
1137 1956 1479 2045 synodum
1516 1956 1998 2037 Rhemensem,
2040 1970 2105 2026 et
2131 1978 2360 2027 coram
2389 1960 2577 2026 omni
2607 1957 2916 2043 frequentia

447 2045 709 2136 rogavit
742 2067 927 2127 eum,
969 2057 1042 2114 ut
1079 2045 1571 2115 monasterium
1615 2049 1684 2112 B.
1739 2045 2033 2136 Remigii
2096 2045 2628 2135 gubernandum
2682 2043 2897 2130 suscipe

447 2148 568 2204 ret.
607 2140 765 2204 Erat
802 2134 967 2203 illud
1022 2155 1235 2223 prope
1282 2134 1705 2202 Rliemorum
1742 2134 2009 2215 urbem,
2037 2135 2388 2225 Novigenti
2440 2134 2759 2204 coenobio
2799 2131 2914 2199 divi·

443 2224 554 2294 tiis
586 2236 651 2293 et
681 2224 1014 2314 dignitate
1056 2222 1538 2312 praestantius.
1597 2221 1855 2305 Sedlvir
1891 2223 2194 2313 prudens
2245 2223 2622 2313 respondit,
2655 2245 2722 2292 se
2757 2240 2913 2305 neque

442 2334 520 2381 ea
567 2334 717 2382 esse
766 2311 1108 2380 industria
1140 2325 1205 2381 et
1246 2311 1511 2400 peritia,
1565 2323 1642 2378 ut
1691 2323 1877 2380 tanto
1915 2312 2185 2381 muneri
2236 2334 2360 2401 par
2405 2335 2554 2382 esse
2602 2322 2808 2398 queat,
2849 2328 2912 2373 ne-

440 2424 575 2487 que
624 2423 695 2471 se
743 2400 912 2470 velle
961 2400 1239 2470 semela
1269 2399 1533 2470 Christo
1581 2413 1929 2489 acceptam
1961 2400 2389 2471 ecclesiolam
2421 2401 2745 2471 deserere.
2774 2402 2916 2467 Curn-

441 2512 575 2576 que
622 2504 687 2560 et
733 2489 1305 2579 Archiepiscopus
1351 2502 1417 2558 et
1448 2488 1568 2557 alii
1601 2490 1940 2559 antistites
1985 2491 2190 2559 etiarn
2245 2503 2448 2578 atque
2495 2493 2695 2560 etiam
2750 2488 2913 2557 horta·

444 2592 681 2648 rentur
728 2591 792 2647 et
838 2579 1274 2648 obsecrarent
1320 2599 1504 2658 eum,
1546 2590 1620 2647 ut
1651 2578 1717 2647 id
1769 2576 2039 2661 faceret,
2082 2577 2196 2647 ille
2243 2580 2527 2650 immota
2575 2578 2912 2670 animicon·

442 2667 689 2736 stantia
740 2667 971 2737 Niceni
1043 2666 1326 2736 Concilii
1390 2671 1730 2736 Canonem
1802 2666 1930 2738 sibi
1993 2668 2406 2737 servandum
2488 2682 2822 2743 statuen5‚
2869 2683 2908 2728 tn

448 2756 751 2824 medium
792 2755 1056 2844 prosilit
1095 2768 1159 2824 et
1188 2755 1548 2834 exclamat,
1601 2778 1669 2823 sc
1699 2777 1906 2845 neque
1941 2779 2151 2846 posse,
2207 2778 2416 2848 neque
2439 2761 2634 2838 velle,
2675 2773 2908 2846 pauper-

444 2847 669 2913 culam
718 2867 748 2912 s
798 2867 1027 2914 onsam
1086 2845 1494 2935 praeditiorz'
1540 2855 1975 2913 contemnere.
2031 2846 2366 2914 Mirantur
2409 2866 2647 2915 omnes
2705 2844 2909 2913 beatum

446 2934 664 3000 virum
715 2867 988 3002 dlijvitias
1024 2933 1432 3022 paupertati,
1476 2932 1721 3001 mundi
1769 2932 2059 3021 gloriam
2112 2934 2482 3003 humilitati
2522 2932 2889 3025 posthabere

529 3024 565 3108 ἓ
611 3024 750 3095 18.
804 3026 927 3090 Per
967 3022 1033 3090 id
1087 3034 1359 3110 tempus
1408 3021 1744 3091 Gervinus
1791 3021 2353 3092 Ambianensium
2385 3023 2417 3057 *
2451 3025 2820 3114 Episcopus,
2848 3034 2910 3080 W

444 3131 575 3178 non
618 3110 990 3179 admodum
1035 3132 1243 3179 sanae
1296 3110 1567 3189 mentis,
1623 3109 2043 3195 quibusdam
2093 3112 2297 3180 rebus
2329 3111 2631 3182 adversis
2677 3117 2908 3177 vexatus,

441 3198 671 3268 sedem
732 3221 927 3268 suam
982 3199 1186 3289 plane
1232 3198 1559 3278 deseruit,
1619 3199 1710 3267 ita
1759 3212 1832 3268 ut
1881 3199 2180 3271 Ecclesia
2236 3200 2355 3269 illa
2413 3198 2794 3289 aliquandiu
2832 3213 2908 3281 pa·

440 3301 618 3357 store
665 3300 943 3356 careret.
999 3287 1190 3369 Quod
1251 3310 1410 3356 cum
1470 3286 1778 3376 periculo
1850 3310 2087 3357 vacare
2144 3311 2275 3358 non
2349 3303 2594 3379 posset,
2644 3286 2906 3357 indictum

438 3391 538 3445 est
586 3389 720 3447 tota
767 3377 1059 3445 dioecesi
1121 3377 1468 3466 jejunium
1503 3429 1519 3457 ,
1598 3375 2107 3445 misericordiae
2165 3379 2494 3468 operibus
2537 3390 2599 3448 et
2660 3371 2906 3466 precibus

439 3480 642 3552 atque
694 3465 952 3535 litaniis
1016 3464 1249 3534 divina
1299 3463 1573 3555 pulsata
1632 3463 2017 3534 clementia.
2087 3467 2386 3536 Tandem
2438 3467 2689 3537 electus
2741 3472 2822 3530 est
2865 3456 2904 3548 f*

440 3553 869 3630 Godefridus‚
925 3553 1277 3644 Novigenti
1328 3553 1722 3622 monasterii
1756 3553 1978 3623 Abbas
2016 3555 2132 3641 qui
2160 3556 2307 3644 jam
2361 3556 2583 3625 bonus
2613 3565 2740 3624 erat
2781 3547 2906 3617 chri

439 3644 520 3711 sti
573 3644 741 3713 odor
791 3644 858 3711 in
902 3644 1090 3710 omni
1122 3644 1291 3722 loco,
1348 3654 1412 3712 et
1441 3642 1818 3712 sanctitatis
1868 3665 2034 3712 suae
2080 3642 2267 3713 fama
2298 3645 2500 3713 etiam
2555 3644 2697 3713 illas
2741 3648 2904 3727 parts-³

437 3732 915 3820 compleverat.
987 3733 1190 3802 Missa
1235 3753 1510 3818 quoque
1561 3729 1804 3820 legatio
1835 3745 1936 3799 est
1982 3732 2066 3801 ad
2122 3733 2516 3822 Philippum
2566 3733 2662 3768 *μ’
2717 3735 2900 3814 Βεςθῑῡ

437 3820 829 3891 Gallorum:
883 3821 1004 3908 qui
1052 3820 1173 3890 ubi
1212 3820 1546 3910 comperit
1588 3818 2028 3889 Godefridum
2100 3821 2390 3891 electum
2420 3877 2434 3903 ,
2493 3824 2772 3912 ingentes
2809 3816 2899 3906 Dt}O

438 3910 692 3998 gratias
744 3909 903 4000 egit.
960 3914 1112 3978 Erat
1167 3910 1351 3978 enim
1404 3908 1569 3999 Regi
1621 3907 1719 3976 illi
1784 3930 1905 3997 pro
1954 3911 2335 3980 sanctitatis
2384 3934 2548 3980 suae
2603 3914 2897 3999 reverentlfl

441 4000 844 4068 carissimus
898 4011 963 4068 et
1003 3997 1198 4067 valde
1254 3997 1663 4077 familiaris;
1718 4008 2184 4084 statueratque
2233 4005 2369 4068 Rex
2403 4053 2417 4079 ‚
2478 3999 2895 4089 opportunitate

439 4087 706 4168 oblata,
764 4109 919 4157 eum
974 4087 1056 4155 ad
1110 4086 1426 4177 Episcopi
1480 4107 1738 4154 munus
1812 4087 2206 4175 provehere.
2258 4087 2478 4158 Jussit
2537 4089 2725 4178 igitur
2763 4092 2894 4147 mort—³

445 4177 648 4265 regio,
704 4177 852 4263 ejus
905 4175 1398 4266 promotionem
1452 4173 1847 4244 accelerari.

493 4335 515 4358 *
553 4334 676 4372 Gall.
706 4334 884 4375 Amicus
904 4337 962 4376 ad
983 4338 1218 4377 Sameram
1243 4335 1403 4386 (vulgo
1426 4339 1607 4386 somme)
1627 4338 1818 4382 flumen,
1837 4339 1950 4378 olim
1969 4339 2214 4379 Pica-diae
2234 4340 2521 4390 metropolis.

493 4387 546 4412 Μ’
578 4391 709 4426 Anno
739 4391 854 4428 1104.
1232 4392 1313 4417 *Μ
1342 4392 1495 4440 Hujus
1516 4388 1720 4431 nominis
1742 4390 1778 4436 1.
1798 4401 1823 4431 e
1847 4394 2127 4442 Capetotum
2151 4394 2389 4443 progenie.
2411 4393 2531 4434 Obiit
2549 4397 2663 4432 tuno
2681 4383 2770 4426 1108.
