2993 4837
468 311 552 375 42
1247 331 1322 375 na
1371 329 1696 375 mancinus
1745 330 2087 378 DEFUNCTIS
2659 315 2828 380 Nov.
2876 319 2912 380 Ξ

376 435 640 482 aversa.
694 414 815 481 Hic
865 426 1091 483 autem
1145 413 1370 483 fidelis
1409 437 1530 503 pro
1577 414 1764 482 fideli
1799 414 1881 483 ad
1920 415 2242 486 eumdem
2281 404 2641 486 Dominum
2699 441 2910 507 preces

378 500 629 570 fundit.
671 506 800 572 Fac
842 503 1054 593 igitur
1101 502 1392 571 alterum
1421 524 1579 573 cum
1616 502 1828 572 altero
1875 525 2256 593 compares,
2296 519 2374 575 ut
2407 527 2515 573 res
2564 506 2708 595 ipsa
2738 528 2910 575 exae-

373 604 647 676 quetur.
701 591 941 660 Confer
976 605 1036 660 te
1070 613 1315 662 rursus
1347 591 1434 660 ab
1486 591 1596 661 his
1627 591 1710 660 ad
1748 589 1880 660 alia
1931 593 2239 676 ejusdem
2284 595 2555 683 generis
2602 607 2667 664 et
2713 593 2908 664 sacul-

381 680 558 758 tatis,
617 680 949 750 nimirum
1001 679 1087 749 ad
1140 681 1540 749 Lausiacam
1594 679 1782 748 illam
1862 681 2149 752 Palladii
2214 683 2609 762 historiam,
2666 685 2732 752 in
2789 705 2910 770 qua

382 768 715 837 miracula
768 791 804 837 a
845 790 1094 857 magno
1142 790 1222 837 ac
1274 768 1567 837 mirifico
1619 769 1760 837 viro
1824 772 2114 839 Macario
2152 771 2332 840 edita
2385 772 2734 841 verissime
2780 794 2910 861 per·

379 858 634 946 scripta
684 870 866 928 sunt.
905 863 970 927 Is
995 859 1244 926 etenim
1280 857 1363 925 de
1405 858 1487 925 iis
1517 858 1638 944 qui
1679 856 1835 926 fatis
1880 874 2385 940 concesserant,
2423 862 2682 930 siccum
2715 862 2912 948 quod-

377 944 537 1013 dam
587 947 902 1015 cranium
957 946 1369 1026 sciscitatuS‚
1423 948 1657 1015 omnia
1694 946 2080 1035 perdidicit.
2119 954 2426 1035 Cumque
2472 971 2552 1020 ex
2599 970 2678 1018 eo
2717 972 2911 1036 quae-

380 1035 692 1103 sivisset:
744 1040 1202 1122 Nunquamne
1254 1035 1462 1124 igitur
1524 1035 1750 1104 solatii
1799 1036 2058 1122 aliquid
2113 1038 2487 1107 invenitis?
2541 1040 2905 1122 (Usitatuni

379 1124 563 1191 enim
616 1146 697 1192 ac
744 1124 1083 1193 familiare
1122 1137 1358 1194 sancto
1400 1124 1543 1192 viro
1590 1138 1770 1202 erat,
1830 1147 1949 1212 pro
2002 1126 2083 1196 iis
2132 1127 2253 1213 qui
2316 1148 2354 1195 e
2411 1127 2541 1195 vita
2597 1129 2911 1217 migrave-

382 1225 556 1293 rant,
612 1224 759 1297 vota
813 1211 1065 1292 facere,
1100 1213 1474 1298 avebatque
1504 1213 1703 1292 scire,
1757 1235 1841 1281 an
1882 1214 2270 1284 fructuosae
2298 1215 2454 1283 illae
2492 1229 2699 1301 atque
2726 1215 2909 1284 utiles

379 1302 669 1389 essent.)
716 1306 854 1369 Hoc
909 1303 1260 1380 DominuS,
1300 1302 1501 1388 cujus
1554 1302 1772 1371 mirus
1804 1325 1967 1391 erga
2001 1306 2270 1371 animas
2318 1326 2513 1373 amor
2559 1316 2684 1384 est,
2740 1325 2912 1373 servo

381 1401 507 1457 suo
558 1390 862 1458 indicare
909 1390 1476 1478 exploratumque
1540 1390 1823 1459 reddere
1876 1392 2139 1471 volens,
2197 1392 2495 1463 veritatis
2541 1413 2908 1462 sermonem

383 1478 563 1547 sicco
597 1479 711 1546 illo
760 1480 996 1547 cranio
1031 1478 1411 1568 inspiravit.
1445 1482 1583 1561 Ouo
1625 1489 1935 1568 tempore,
1989 1482 2233 1567 inquit,
2273 1492 2691 1550 mortuorum.
2725 1503 2912 1550 causa-

375 1590 603 1655 preces
641 1568 855 1657 offer-3,
892 1578 1029 1636 tum
1058 1590 1219 1635 sane
1251 1569 1644 1637 nonnullius
1676 1570 2130 1639 solatiisensu
2166 1571 2501 1726 afficimur
2531 1572 2586 1637 ⁴⁸.
2630 1576 2901 1640 Rursus

379 1654 493 1722 alii
546 1657 848 1744 cuipiam
900 1678 936 1722 e
992 1655 1246 1723 divinis
1296 1657 1634 1735 Patribus,
1687 1658 1891 1745 cujus
1939 1657 2213 1747 discipu
2250 1682 2330 1728 us
2374 1659 2661 1745 quidam
2716 1657 2912 1746 negli-

378 1758 619 1833 genter
670 1744 871 1812 vitam
906 1744 1325 1823 instituebat,
1379 1744 1791 1831 tandemque
1822 1747 1885 1812 in
1917 1768 1994 1814 ea
2028 1748 2292 1816 incuria
2336 1761 2717 1816 extremum
2755 1748 2908 1814 vitae

383 1832 705 1920 spiritum
756 1832 1084 1911 ediderat,
1138 1832 1253 1902 ille
1285 1833 1624 1922 singulari
1677 1835 2144 1904 misericordia
2193 1850 2398 1922 atque
2445 1857 2606 1924 erga
2661 1838 2913 1904 animas

382 1919 845 1990 benevolentia
900 1922 1250 2009 praeditus
1288 1922 1642 2001 DominuS,
1678 1924 1862 1994 senis
1894 1923 2218 2012 lacrymis
2254 1924 2714 2012 precibusque
2744 1944 2906 1992 corn-

385 2022 634 2088 motuS,
679 2031 836 2079 eum
880 2010 1098 2080 instar
1145 2011 1375 2079 divitis
1404 2009 1617 2091 illius,
1654 2010 1737 2079 de
1785 2034 1920 2098 quo
1964 2012 2028 2080 in
2085 2013 2309 2082 Lazari
2351 2013 2634 2082 historia
2673 2012 2907 2081 mentio

382 2098 573 2178 fit**,
614 2098 699 2166 ad
736 2098 992 2167 collum
1043 2121 1264 2185 usque
1296 2100 1786 2189 deflagrantem
1819 2102 1878 2169 ei
1929 2102 2249 2170 ostendit.
2304 2107 2391 2170 Ac
2439 2101 2713 2182 deinde,
2766 2122 2906 2169 cuni

380 2208 585 2256 senex
623 2188 980 2275 permultis
1013 2209 1159 2256 sese
1193 2187 1545 2257 laboribus
1594 2188 1965 2268 afflixisset,
2010 2194 2355 2276 Deumque
2393 2213 2552 2259 cum
2600 2190 2911 2291 lacrymis

378 2276 824 2356 obsecrasset,
851 2274 936 2343 ad
970 2298 1211 2343 zonam
1242 2298 1463 2361 usque
1489 2299 1735 2346 rursus
1772 2278 2284 2347 demonstravit.
2328 2284 2700 2365 Posteaque
2742 2294 2908 2349 item.

375 2387 536 2435 cum
593 2366 692 2433 vir
740 2377 1022 2433 sanctus
1075 2364 1338 2434 labores
1393 2365 1744 2436 laboribus
1792 2365 2239 2456 adjunxisset,
2296 2368 2590 2438 liberum
2649 2386 2912 2459 prorsus

378 2476 564 2532 eum,
620 2467 823 2539 atque
872 2454 959 2523 ab
993 2454 1175 2542 ignis
1222 2454 1465 2523 ardore
1509 2455 1926 2523 vindicatum
1971 2478 2087 2544 per
2139 2458 2359 2525 visum
2412 2458 2559 2526 seni
2601 2454 2906 2528 ostendit.

379 2547 469 2610 Et.
518 2543 836 2628 quisnam
906 2554 998 2610 tot
1045 2542 1129 2609 de
1181 2542 1286 2610 his
1337 2543 1539 2612 rebus
1593 2545 1999 2624 testimonia,
2062 2546 2130 2613 in
2191 2550 2592 2615 Sanctorum
2648 2547 2803 2614 vitis
2847 2565 2910 2610 ac

374 2631 633 2700 divinis
670 2629 1196 2700 revelationibus
1229 2633 1380 2710 sita,
1412 2631 1654 2700 ordine
1708 2654 2055 2701 recensere
2093 2636 2327 2721 possit,
2365 2635 2619 2722 quibus
2665 2635 2732 2703 id
2783 2653 2914 2722 per-

378 2720 618 2804 spicue
665 2718 1070 2798 ostenditur,
1124 2719 1503 2799 defunctis,
1574 2721 1777 2789 etiam
1837 2735 1984 2810 post
2027 2737 2309 2792 mortem
2386 2745 2617 2811 preces
2688 2746 2802 2793 eas
2846 2741 2912 2788 ac

383 2808 625 2875 Missas
672 2820 737 2875 et
768 2807 1263 2896 eleemosynaS,
1317 2831 1494 2895 quae
1534 2832 1652 2898 pro
1695 2810 1832 2877 illis
1861 2810 2058 2891 fiunt,
2096 2834 2510 2902 magnopere
2561 2810 2914 2901 prodesse?

378 2901 605 2981 Neque
639 2896 820 2963 enim
859 2897 1228 2983 quicquam
1281 2920 1516 2966 eorum
1584 2921 1760 2984 quae
1815 2904 1940 2968 Deo
1992 2913 2230 2968 mutuo
2283 2901 2539 2970 dantur
2573 2956 2588 2980 ‚
2642 2899 2911 2971 omnino

379 2986 648 3053 interit:
692 3007 922 3053 verum
961 3008 1116 3054 cum
1159 2988 1456 3055 maximo
1490 2986 1762 3056 foenore
1810 2988 1897 3055 ab
1945 3010 2022 3056 eo
2067 2989 2488 3077 rependitur.
2542 2995 2706 3059 Nam
2744 2984 2911 3075 quod

378 3073 460 3140 ad
503 3073 672 3141 illud
727 3075 1098 3161 Prophetae
1147 3076 1407 3154 attinet,
1450 3081 1522 3143 [η
1559 3077 1818 3164 inferno
1850 3079 2001 3174 quis
2040 3080 2457 3166 confitebitur
2490 3081 2614 3148 tibi
2645 3080 2782 3164 (Ps.
2815 3074 2914 3162 63?

387 3163 720 3250 Superius
744 3163 889 3250 jam
943 3186 979 3230 a
1035 3163 1235 3232 nobis
1282 3164 1541 3234 dictum
1598 3178 1722 3244 est,
1781 3174 2005 3232 mtn'as
2043 3165 2321 3251 quidem
2377 3167 2565 3235 illius
2613 3166 2912 3236 omnium

381 3273 608 3318 rerum
680 3252 1083 3338 inspectoris
1131 3275 1371 3342 graves
1435 3267 1640 3337 atque
1710 3254 2087 3322 horrendas
2151 3277 2339 3324 esse:
2398 3277 2628 3323 verum
2682 3277 2795 3324 eas
2840 3251 2914 3320 ab

380 3339 599 3426 ipsius
667 3340 1114 3418 humanitate,
1153 3364 1362 3427 quam
1417 3340 1607 3409 nulla
1668 3342 1883 3411 oratio
1950 3345 2225 3429 assequi
2292 3356 2528 3431 potest,
2584 3339 2907 3432 superari.

377 3428 727 3514 Siquidem
779 3442 1135 3516 postquam
1193 3430 1357 3498 haec
1410 3431 1741 3518 Propheta
1781 3430 2049 3500 locutus
2082 3446 2205 3512 est,
2260 3432 2389 3500 fuit
2441 3431 2737 3520 profecto
2774 3429 2913 3523 quif

378 3518 672 3586 busdam
714 3519 778 3584 in
811 3517 1078 3587 inferno
1110 3519 1565 3588 consessionis
1595 3518 1811 3596 locus,
1855 3521 1938 3588 iis
1973 3520 2307 3599 videlicet,
2348 3523 2463 3607 qui
2519 3522 2586 3588 in
2640 3521 2908 3591 satutari

380 3606 642 3675 Domini
695 3606 1031 3675 descensu
1071 3607 1269 3675 iidem
1323 3607 1619 3695 amplexi
1675 3620 1857 3677 sunt.
1912 3614 2139 3695 Neque
2185 3610 2370 3678 enim
2426 3609 2539 3678 ille
2589 3611 2759 3679 vitae
2804 3626 2912 3674 au-

374 3709 521 3763 ctor
568 3694 896 3764 omnibus
955 3696 1103 3763 sine
1158 3698 1554 3785 exceptione
1620 3696 1909 3766 salutem
1961 3697 2220 3765 attulit:
2284 3697 2397 3767 sed
2464 3700 2547 3768 iis
2594 3700 2906 3767 demum.

370 3785 490 3869 qui
540 3783 679 3851 illic
727 3805 1023 3869 quoque,
1082 3787 1181 3854 uti
1215 3785 1473 3853 dictum
1528 3799 1652 3865 est,
1693 3787 1912 3874 ipsius
1961 3785 2164 3854 fidem
2211 3786 2504 3875 amplexi
2560 3803 2742 3857 sunt.

471 3882 504 3950 3·
556 3879 647 3941 (3.
704 3877 789 3939 Ac
829 3873 1146 3941 nonnulli
1195 3874 1472 3959 quidem
1529 3897 1648 3961 per
1679 3896 1794 3942 eos
1827 3875 1949 3962 qui
1997 3889 2154 3942 ante
2200 3876 2663 3954 crediderunt,
2702 3881 2911 3945 Patres

376 3974 441 4027 et
495 3960 885 4047 Prophetas
931 3975 995 4030 et
1041 3961 1344 4041 iudices,
1383 3976 1449 4030 et
1501 3969 1738 4052 Reges,
1778 3986 1857 4031 ac
1896 3963 2241 4052 principes
2273 3964 2688 4055 intelligunt,
2721 3961 2912 4031 alios·

373 4070 512 4134 que
559 4049 926 4119 nonnullos
976 4051 1290 4120 Hebraici
1344 4052 1605 4141 populi,
1646 4053 1765 4138 qui
1801 4052 1997 4121 facile
2050 4055 2381 4123 recenseri
2438 4067 2743 4143 possunt,
2782 4068 2908 4146 ⁰.“¹'

378 4137 721 4222 nibusque
770 4138 909 4207 noti
959 4162 1035 4208 ac
1091 4141 1432 4229 perspicui
1475 4154 1660 4210 sunt.
1715 4146 1847 4212 Nos
1899 4162 2052 4209 vero
2100 4142 2432 4212 adversus
2479 4165 2618 4224 eos,
2657 4141 2771 4229 qui
2825 4148 2905 4201 tta

432 4337 455 4360 ³⁸
488 4335 696 4373 Historia
714 4334 827 4372 hacc
851 4332 897 4373 in
924 4335 1040 4374 Vitis
1059 4339 1251 4382 Pacu-mn.
1271 4339 1457 4378 Ruffino
1478 4343 1685 4384 auctore.
1706 4337 1906 4387 sitisque
1928 4337 2140 4390 antiquis
2160 4338 2476 4390 scriptoribus
2494 4338 2741 4390 reperitur.
2761 4336 2811 4376 In
2828 4336 2909 4379 ‘1⁰⁸

372 4389 1028 4484 exfjislxgngzgpixgzlmssuam
1050 4390 1208 4437 posuit.
1229 4395 1269 4431 5.
1291 4393 1490 4432 'thomas
1514 4394 1562 4430 in
1584 4395 1607 4431 4
1628 4389 1736 4432 dist.
1761 4395 1826 4438 45,
1845 4395 2030 4441 quaest.
2054 4395 2095 4434 2.
2162 4439 2170 4448 ,
