2993 4837
22 335 167 401 NOV.
218 338 295 401 24
664 358 741 402 m:
790 358 843 401 s.
896 357 1137 403 somme
1184 361 1223 401 A
1272 356 1469 404 entier:
1519 356 1812 403 consess.
2302 345 2428 407 6259

24 441 335 527 probatum
382 440 719 509 Ecclesiae
767 441 1141 511 catholicae
1193 442 1382 511 dedit
1429 464 1508 511 ea
1559 464 1718 532 pars
1785 441 2157 532 Hispaniae
2198 447 2517 512 Tarraco-

24 529 238 605 nensis,
291 529 403 597 cui
455 529 1027 599 Castellaeveteris
1077 532 1109 564 '⁶
1159 553 1405 600 nomen
1456 543 1580 610 est,
1639 553 1897 618 nosque
1952 530 2148 600 illum
2206 531 2331 599 hac
2380 530 2513 612 die,

22 621 67 684 in
100 617 410 686 honorem
462 622 530 684 B.
569 620 857 687 Joannis
896 619 1185 708 apostoli
1223 631 1287 688 et
1326 617 1784 708 evangelistae
1823 624 1950 689 Deo
1986 622 2206 698 sacre,
2246 633 2514 689 sancto-

19 727 136 771 runi
185 703 657 775 confessorum
697 729 830 776 non
868 707 1270 796 pontificum
1305 710 1553 776 canoni
1603 707 1894 777 solemni
1947 713 2012 777 S.
2062 713 2139 777 R.
2182 712 2252 790 E,
2292 730 2519 778 caere-

19 793 211 861 monia
256 794 714 864 adnumerare
762 796 1215 864 decrevimus,

83 977 111 1056 ξ
157 977 222 1041 Ι.
276 976 339 1040 Is
386 985 489 1043 est
536 977 603 1040 B.
647 978 949 1044 Joannes
980 996 1019 1042 a
1054 980 1262 1042 Cruce
1311 973 1588 1042 Ordinis
1633 978 1942 1042 Fratrum
1981 978 2053 1041 B.
2094 975 2343 1043 Mariae
2377 976 2518 1042 Vir-

17 1060 164 1146 ginis
195 1084 231 1129 a
272 1065 491 1129 Monte
527 1062 855 1141 Carmel0‚
893 1062 1011 1148 qui
1046 1062 1417 1131 Excalceati
1454 1061 1917 1152 appellantur,
1960 1062 2227 1151 primus
2265 1061 2513 1151 profes·

20 1169 106 1215 sor
145 1160 203 1218 et
248 1170 521 1239 parens,
558 1151 676 1236 qui
710 1172 892 1219 anno
942 1150 1187 1219 Christi
1240 1151 1509 1220 Domini
1561 1152 1770 1221 unxissn
1819 1172 1896 1219 ex
1952 1151 2360 1240 perhonesta
2403 1155 2517 1219 Le·

24 1237 169 1322 pesia
209 1237 469 1307 familia
520 1252 711 1307 ortus
758 1253 859 1308 est
898 1239 966 1307 in
999 1239 1253 1339 oppido
1300 1239 1484 1326 quod
1536 1239 1790 1308 dicitur
1839 1244 2013 1309 Fons
2063 1238 2312 1308 Tiberii
2345 1239 2411 1271 ’μ’
2452 1240 2518 1308 in

21 1319 372 1416 episcopatu
422 1327 772 1397 Abulensi.
814 1332 857 1396 A
911 1329 1153 1417 primis
1192 1328 1395 1397 annis
1444 1329 1757 1417 egregiae
1809 1328 2023 1396 animi
2065 1328 2256 1397 dotes
2309 1328 2373 1395 in
2411 1349 2514 1407 e0,

28 1413 108 1498 pie
133 1416 629 1502 christianeque
660 1417 970 1496 educate,
1031 1417 1404 1504 plurimum
1439 1417 1914 1493 emicuerunt;
1967 1439 2314 1502 quamque
2343 1415 2522 1485 dile-

27 1513 141 1569 ctus
182 1517 241 1572 et
277 1525 482 1574 carus
524 1518 700 1573 esset
755 1505 1073 1593 Deiparae
1116 1506 1400 1595 Virgini,
1459 1505 1526 1573 in
1591 1505 1794 1594 cujus
1846 1506 2300 1594 patrocinium
2355 1526 2520 1573 con-

28 1587 264 1677 fugerat,
313 1593 472 1661 inde
528 1594 767 1682 patuit,
820 1593 1003 1680 quod
1054 1616 1301 1679 aquam
1354 1616 1389 1662 e
1455 1605 1657 1683 puteo
1716 1593 2127 1674 hausturus,
2199 1594 2261 1661 in
2322 1593 2515 1662 illum

28 1679 364 1768 prolapsus,
413 1688 743 1750 Patronae
782 1704 989 1750 manu
1040 1682 1356 1751 sublatus
1391 1681 1764 1751 incolumis
1801 1681 2075 1770 prodiit.
2115 1680 2521 1752 Adolescens

27 1767 266 1837 eximiae
298 1771 569 1859 pietatis
599 1771 806 1839 ducto
838 1771 1580 1860 Mctymnaecampi***
1628 1770 2033 1860 hospitalem
2083 1770 2366 1839 domum
2421 1773 2517 1840 in·

27 1875 278 1940 gressuS,
328 1860 831 1949 aegrotantium
869 1875 935 1928 et
986 1881 1364 1947 pauperum
1401 1858 1763 1928 famulatui
1801 1881 1872 1929 se
1902 1859 2185 1939 addixit,
2223 1860 2520 1929 maxima

30 1942 305 2015 charitate
352 1948 477 2017 diu
531 1961 874 2034 noctuque
936 1947 1042 2015 lan
1104 1948 1426 2017 uentibus
1473 1947 1836 2027 assidens,
1896 1971 2016 2016 nec
2070 1947 2269 2015 modo
2319 1948 2520 2036 spiri—

33 2032 219 2107 tualia,
257 2037 366 2105 sed
423 2059 509 2106 ne
554 2037 887 2106 vilissima
933 2037 1049 2122 qui
1106 2059 1210 2105 em
1264 2036 1488 2106 officia
1531 2038 1596 2104 in
1653 2037 1737 2104 iis
1775 2036 2105 2123 juvandis
2159 2037 2349 2105 obire
2400 2036 2520 2104 de-

35 2129 316 2204 trectans;
371 2125 560 2194 unde
610 2124 860 2194 factum
906 2140 975 2193 ut
1010 2127 1211 2194 ceteri
1248 2126 1310 2193 in
1361 2129 1776 2204 nosocomlO,
1825 2124 2203 2196 christiana
2234 2125 2522 2192 Joannis

38 2220 155 2275 aeta
173 2211 497 2292 demirati,
526 2228 955 2300 aegrotorum
994 2215 1401 2302 corporibus
1434 2214 1827 2300 animisque
1857 2212 2188 2283 curandis
2209 2213 2517 2281 certatim

43 2294 162 2380 ejus
196 2304 488 2392 exemplo
532 2301 823 2371 alacrem
878 2315 941 2371 et
985 2303 1347 2373 sollicitam
1397 2324 1675 2391 operam
1717 2301 1978 2370 darent.
2022 2301 2367 2387 Quidquid
2422 2301 2522 2369 in-

44 2384 190 2454 terim
233 2401 356 2459 tam
410 2393 529 2493 pio
582 2391 959 2460 ministerio
1008 2404 1381 2480 supererat,
1449 2391 1840 2480 praeclarus
1884 2390 2162 2480 juvenis
2217 2388 2520 2460 assiduis

41 2477 325 2555 precibus,
365 2481 649 2571 vigiliis,
699 2480 1022 2568 lacrymis
1082 2496 1147 2549 et
1194 2480 1582 2550 dominicae
1639 2480 1944 2548 Passioni
2006 2480 2521 2570 religiosissimo

38 2563 221 2657 animo
256 2569 678 2649 recolendae,
720 2568 1180 2657 impendebat.
1218 2574 1401 2651 Quae
1452 2568 1724 2639 tandem
1769 2569 1896 2657 ipsi
1940 2569 2023 2638 ad
2078 2569 2367 2637 fratrum
2389 2572 2518 2636 Or·

36 2648 179 2743 llinis
224 2660 286 2723 Β.
329 2659 580 2727 Mariae
624 2658 918 2742 Virginis
975 2680 1014 2725 a
1073 2664 1291 2726 Monte
1346 2658 1651 2727 carmelo
1703 2658 2090 2727 institutum
2138 2656 2516 2726 ineundum

33 2743 558 2819 jucundissimam
623 2746 795 2815 viam
849 2763 1290 2834 aperuerunt.
1346 2751 1484 2815 Hoc
1536 2747 1625 2817 ita
1679 2745 2040 2834 amplexus
2087 2759 2188 2815 est
2245 2761 2318 2814 ut
2374 2758 2520 2813 vota

37 2829 235 2900 emissa
267 2836 563 2924 purioris
595 2834 1003 2923 disciplinae
1028 2834 1256 2904 studio
1283 2848 1597 2904 accurate
1626 2835 2035 2913 observaret,
2069 2833 2150 2903 ad
2191 2834 2518 2922 primitivi

39 2914 260 2989 Ordinis
309 2947 618 2993 normam
673 2946 744 2992 se
790 2924 1073 2992 omnino
1125 2923 1588 3003 conformans,
1643 2946 1761 2992 nec
1816 2924 1945 2992 nisi
1987 2946 2146 2992 cum
2186 2922 2426 2991 timore
2459 2937 2523 2990 et

40 3014 276 3097 tremore
320 3035 396 3081 ac
437 3015 646 3099 jussu
701 3012 1079 3101 majorum,
1135 3013 1221 3080 ob
1271 3035 1614 3082 suminam
1672 3012 1764 3080 rei
1833 3011 2104 3080 divinae
2173 3023 2519 3100 praestan·

43 3102 186 3175 tiam,
227 3099 303 3167 ad
340 3101 886 3170 sacratissimum
945 3101 1451 3189 presbyteratus
1492 3099 1786 3190 gradum
1839 3112 2133 3171 evectus
2271 3189 2280 3197 .
2419 3188 2429 3199 ι

76 3181 131 3274 ,ἓ
174 3189 251 3253 D.
295 3194 517 3271 Quum
574 3212 726 3258 vero
780 3190 888 3257 Dei
943 3191 1127 3279 virgo
1168 3190 1455 3268 Teresia,
1502 3212 1676 3275 quae
1729 3202 1983 3278 postea,
2039 3187 2324 3258 excelsis
2371 3211 2522 3274 ejus

44 3273 354 3345 virtutibus
404 3280 759 3367 signisque
810 3278 1318 3377 flagitantibus,
1372 3302 1486 3367 per
1538 3277 2170 3357 {elicismemoriae
2218 3289 2523 3345 anteces-

43 3376 215 3426 sorem
282 3381 584 3435 nostrum
652 3370 1047 3455 Gregorium
1121 3372 1364 3457 Papam
1440 3372 1542 3436 ‘XV
1613 3369 1675 3436 in
1728 3381 2119 3437 sanctarum
2175 3365 2518 3454 virginum

42 3464 319 3543 renonem
388 3455 591 3523 relata
643 3471 778 3533 est,
836 3457 1007 3524 inter
1056 3462 1328 3526 Sorores
1381 3456 1526 3545 jam
1599 3457 1762 3523 dicti
1811 3455 2084 3527 Ordinis
2151 3460 2219 3523 B.
2280 3454 2524 3522 Mariae

46 3531 291 3622 lirginis
322 3566 363 3609 a
412 3550 630 3613 Monte
681 3545 985 3613 Carmelo
1046 3545 1371 3633 primaevi
1415 3545 1704 3616 instituti
1761 3544 2064 3634 regulam
2117 3543 2296 3612 felici
2338 3544 2523 3613 exitu

44 3625 416 3713 restituisset,
465 3632 781 3719 idemque
819 3656 939 3722 pro
990 3635 1335 3704 Fratribus
1377 3634 1686 3723 ejusdem
1728 3632 2024 3702 familiae
2059 3634 2290 3701 animo
2333 3630 2523 3698 volu-

46 3718 194 3804 taret,
238 3721 344 3788 Dei
382 3721 672 3790 ancillae
708 3722 939 3790 manui
977 3723 1203 3809 operis
1233 3745 1460 3790 comes
1489 3725 1786 3792 loannes
1825 3745 1864 3790 a
1899 3727 2131 3802 Cruce,
2165 3721 2524 3789 strictioris

44 3790 392 3890 disciplinae
445 3776 941 3898 promovendae
992 3809 1233 3879 ardore
1284 3811 1713 3879 veliementer
1745 3831 2099 3889 accensus,
2144 3809 2524 3908 planetcoe-

46 3874 403 3988 lnusfiatus
459 3912 579 3967 est.
636 3905 857 3981 Quare
902 3912 1123 3968 tantae
1177 3901 1264 3968 rei
1330 3902 1597 3989 negotio
1650 3901 1824 3969 inter
1872 3920 2134 3968 sacram
2191 3919 2519 3985 virginem

47 3966 93 4037 bl
121 3978 212 4045 Dei
248 3982 576 4056 famulum
616 3988 892 4076 agilam,
934 3988 1112 4057 Ordo
1148 3988 1431 4058 fratrum
1467 3986 2144 4059 Ca1·melitarum****
2168 3987 2524 4056 communi

52 4186 55 4191 '
86 4182 104 4203 ⁸
126 4186 265 4233 lulice
294 4197 457 4239 remma
486 4201 723 4251 casuque,-
752 4202 871 4251 hisp.
902 4202 1322 4289 catigeta-Vina,
1340 4205 1479 4252 cujus
1501 4204 1641 4243 urbes
1665 4202 1949 4245 illustriores
1970 4204 2084 4243 sunt
2107 4204 2300 4251 But-goa,
2320 4199 2528 4245 segovia,

52 4208 162 4313 kib.
187 4245 382 4290 rationein
403 4254 449 4291 et
468 4254 741 4295 flautander.

54 4316 75 4449 L
112 4292 131 4316 ⁸
156 4298 321 4342 Scilicet
347 4306 608 4348 onttvaros.

89 4342 343 4442 grtlcsecilieot
370 4360 535 4400 Medo‘aem
567 4362 633 4401 del
660 4361 830 4413 Campo.
858 4362 1144 4412 vigesimum
1175 4364 1377 4412 primum
1407 4374 1580 4403 annum
1601 4360 1767 4403 aetatis
1806 4372 1917 4403 suae
1944 4363 2108 4412 agebat
2129 4363 2238 4401 tunc
2263 4360 2303 4399 S.
2322 4357 2525 4395 «Ioanne-*⁵

56 4448 179 4477 ''''
206 4458 334 4507 Cujus
354 4463 549 4515 Ordinis,
575 4468 640 4506 ita
666 4467 928 4511 instaurati,
951 4466 1048 4516 ipsc
1072 4468 1114 4507 S.
1135 4467 1337 4506 -Joannes
1360 4467 1491 4506 Prior
1515 4468 1603 4506 {uit
1625 4466 1812 4505 electus.
