2993 4837
61 307 211 375 NOV.
270 308 334 371 ll
765 321 848 370 ns
897 328 952 371 s,
1007 325 1284 371 manno
1331 326 1430 371 ΕΡ.
1484 325 1836 373 Tunosssxsl
2356 313 2479 375 407

61 431 229 479 nemo
251 430 556 496 unquam
599 408 796 479 illum
833 408 1067 479 sedere
1101 411 1475 497 conspexit,
1515 410 1694 480 sicut
1719 411 2061 497 quendam
2094 434 2314 500 nuper
2335 414 2573 501 (testor

58 498 274 585 Deum)
313 519 442 567 non
495 498 649 568 sine
686 520 833 567 meo
889 498 1152 587 pudore
1201 498 1364 578 vidi,
1419 499 1705 567 sublimi
1756 499 1950 583 soli0‚
2018 513 2082 568 et
2135 501 2335 587 quasi
2388 502 2570 590 regio

59 586 376 665 tribunali,
417 587 604 656 celsa
654 587 812 655 sede
859 587 1294 656 residentem.
1336 587 1622 657 Sedebat
1669 601 1894 656 autem
1940 589 2274 657 Martinus
2323 591 2391 656 in
2445 590 2574 657 sel·

57 673 176 745 lula
205 676 577 755 rusticana,
631 688 709 744 ut
746 689 908 745 sunt
947 676 1113 745 istae
1163 676 1230 743 in
1282 677 1530 746 usibus
1580 676 2034 757 servulorum,
2087 700 2261 764 quas
2311 700 2434 747 nos
2462 701 2575 747 ru-

55 765 185 833 stici
231 764 400 832 Galli
449 765 798 853 impedias,
847 786 961 832 vos
996 764 1412 843 scholastici,
1467 778 1586 834 aut
1624 779 1804 834 certe
1855 778 1950 845 tu,
1996 768 2115 851 qui
2157 766 2240 834 de
2288 768 2570 835 Graecia

58 853 241 931 venis,
292 854 594 943 tripodas
637 854 1076 942 nuncupatis.
1133 859 1306 943 Ergo
1356 854 1482 923 hoc
1518 869 1854 923 secretum
1910 854 2085 922 beati
2139 855 2259 922 viri
2316 876 2577 944 pauper

57 941 153 1009 ille
193 954 497 1031 captans,
544 964 704 1009 cum
756 942 815 1009 ei
866 942 1400 1011 archidiaconus
1452 942 1617 1011 dare
1667 944 1970 1011 tunicam
2023 942 2425 1023 distulisset,
2484 944 2576 1012 ir-

57 1030 238 1118 rupit,
282 1028 797 1098 dissimnlatum
854 1051 925 1099 se
986 1053 1023 1099 a
1073 1030 1322 1100 clerico
1369 1052 1690 1116 querens,
1753 1053 1830 1099 ac
1879 1030 2105 1121 algere
2174 1031 2566 1120 deplorans,

57 1122 164 1187 Nec
194 1141 413 1186 mora:
472 1123 792 1198 SanctuS,
835 1141 1134 1208 paupere
1172 1141 1301 1187 non
1339 1119 1629 1200 vidente,
1674 1122 1847 1188 intra
1876 1143 1983 1188 am
2047 1120 2352 1188 hibalum
2383 1121 2417 1155 ²*
2443 1121 2574 1188 sibi

58 1207 328 1275 tunicam
365 1206 660 1276 latenter
690 1208 946 1285 educit,
984 1230 1490 1296 pauperemque
1540 1222 1923 1278 contectum
2028 1208 2325 1277 iscedere
2353 1209 2569 1295 jubet.

63 1295 192 1363 Dein
232 1295 430 1384 paulo
484 1308 639 1385 post
685 1296 1215 1366 archidiaconus
1249 1298 1628 1385 ingressus,
1683 1297 2006 1366 admonet
2039 1319 2158 1388 pro
2208 1310 2577 1366 consuetu-

61 1382 192 1451 dine
235 1400 628 1474 exspectare
679 1384 744 1452 in
787 1385 1075 1455 ecclesia
1117 1386 1479 1474 populum,
1527 1385 1721 1455 illum
1758 1386 1838 1454 ad
1894 1386 2160 1475 agenda
2211 1388 2574 1455 Missarum

61 1471 353 1542 solemnia
401 1473 657 1542 debere
709 1473 1095 1563 procedere.
1135 1475 1252 1543 Cui
1305 1474 1419 1542 ille
1469 1475 1916 1564 respondenS,
1953 1476 2085 1544 ait:
2127 1497 2162 1540 «
2196 1480 2569 1564 Pauperem

63 1561 226 1649 prius
271 1562 379 1646 (de
411 1585 484 1632 se
534 1577 763 1631 autem
801 1562 1097 1646 dicebat)
1145 1578 1454 1652 oportere
1490 1564 1755 1632 vestiri:
1812 1585 1882 1633 se
1918 1564 2002 1632 ad
2044 1563 2403 1632 ecclesiam
2440 1586 2576 1632 non

63 1670 229 1749 posse
277 1651 669 1739 procedere,
701 1651 830 1719 nisi
869 1665 1114 1721 vestem
1158 1674 1418 1739 pauper
1447 1653 1807 1740 acciperet.
1855 1652 2191 1721 Diaconus
2218 1675 2373 1721 vero
2410 1651 2575 1720 nihil

60 1739 438 1830 intelligens,
492 1739 663 1827 quia
710 1739 1129 1809 extrinsecus
1184 1740 1500 1808 indutum
1569 1740 2005 1831 amphibalO,
2063 1754 2240 1810 veste
2312 1741 2575 1810 nudum

63 1825 314 1897 interius
365 1851 500 1897 non
543 1828 852 1897 videbat:
903 1841 1243 1918 postremo
1288 1851 1658 1916 pauperem
1713 1852 1842 1898 non
1896 1833 2293 1918 comparere
2336 1852 2579 1898 causa-

65 1928 172 1983 tur.
222 1918 465 1997 «Mihi,
525 1917 775 2003 inquit‚
813 1918 1038 1996 vestis,
1065 1939 1241 2003 quae
1294 1930 1525 2006 parata
1574 1930 1696 1997 est,
1728 1917 2097 1998 deferatur;
2138 1941 2398 2006 pauper
2445 1940 2579 1986 non

63 2001 243 2072 deerit
289 2005 709 2074 vestiendus,
749 2029 784 2071 »
820 2011 1124 2074 Arctatus
1155 2006 1435 2074 demum
1490 2005 1807 2085 clericUS,
1848 2019 1911 2074 et
1962 2009 2360 2075 necessitate
2408 2029 2583 2075 eom·

71 2092 293 2177 pulsuS,
344 2095 637 2181 jamque
687 2094 839 2162 selle
870 2107 1281 2175 commotus,
1335 2117 1370 2163 e
1416 2095 1744 2183 proximis
1795 2094 2093 2162 tabernis
2133 2096 2579 2184 nigerrimam

71 2195 303 2261 vestem,
359 2185 636 2252 brevein
689 2197 891 2269 atque
944 2183 1312 2272 hispidam,
1368 2184 1675 2270 quinque
1730 2196 2195 2271 comparatam
2241 2182 2583 2272 argenteis

77 2272 234 2356 rapit,
284 2286 489 2358 atque
540 2284 697 2339 ante
741 2272 1008 2340 Martini
1063 2272 1265 2360 pedes
1320 2274 1531 2342 iratus
1581 2273 1880 2360 exponit.
1938 2294 1973 2337 «
2010 2277 2129 2351 En,
2188 2272 2434 2358 inquit,
2479 2292 2586 2338 ve-

71 2369 244 2428 stem:
296 2361 411 2430 sed
454 2382 721 2452 pauper
754 2360 862 2428 hic
899 2382 1031 2430 non
1081 2374 1203 2431 est.
1241 2384 1275 2428 »
1312 2360 1434 2431 Ille
1485 2361 1654 2430 nihil
1698 2373 1942 2440 motuS,
1988 2361 2186 2449 jubet
2221 2383 2376 2429 eum
2412 2382 2583 2449 pau-

70 2443 183 2516 lum
222 2464 393 2520 stare
431 2472 559 2540 pro
592 2450 889 2519 foribus:
947 2464 1281 2520 secretum
1339 2452 1575 2537 utique
1675 2472 2029 2528 rocurans‚
2072 2449 2237 2518 dum
2295 2450 2428 2519 sibi
2480 2470 2583 2517 ve-

67 2546 205 2603 stem
258 2540 488 2608 nudus
541 2539 963 2627 imponeret:
1004 2539 1157 2607 totis
1218 2538 1478 2608 viribus
1518 2538 1621 2607 ela
1677 2561 1904 2618 orans,
1958 2551 2033 2607 ut
2084 2552 2308 2639 posset
2349 2536 2585 2607 occul-

68 2635 186 2691 tum
232 2648 408 2708 esse,
464 2628 648 2715 quod
703 2626 975 2696 fecerat.
1035 2627 1162 2696 Sed
1212 2628 1488 2714 quando
1549 2629 1614 2695 in
1670 2628 1925 2696 sanctis
1975 2628 2137 2697 virts
2204 2630 2409 2696 latent
2458 2627 2586 2696 ista

67 2717 582 2795 quaerentibus?
619 2716 857 2797 Velint,
915 2715 1157 2793 nolint,
1209 2728 1460 2785 cuncta
1513 2716 1924 2805 produntur.
1982 2721 2143 2785 Cum
2200 2717 2325 2785 hac
2379 2716 2590 2806 igitur

68 2799 390 2875 oblaturus
427 2804 853 2874 sacrificium
909 2810 1039 2873 Deo
1092 2817 1269 2874 veste
1317 2806 1647 2895 procedit.
1703 2810 1849 2888 Quo
1897 2805 2171 2892 quidem
2222 2806 2331 2874 die
2378 2805 2585 2895 (mira

69 2886 347 2963 dicturus
385 2898 581 2975 sum)
629 2916 786 2962 curn
831 2894 975 2982 jam
1037 2892 1387 2973 altarium,
1443 2894 1623 2963 sicut
1669 2906 1772 2963 est
1828 2893 2175 2974 solemne,
2235 2894 2587 2963 benedice-

72 2989 168 3058 ret,
216 2981 496 3071 globum
553 2982 736 3071 ignis
783 2982 866 3050 de
913 2981 1136 3071 capite
1178 2982 1367 3051 illius
1411 2982 1712 3051 vidimus
1751 2983 2068 3060 emicare,
2125 2983 2216 3050 ita
2250 2997 2325 3051 ut
2363 2984 2425 3051 in
2473 3005 2588 3052 su-

72 3062 249 3137 blime
293 3070 741 3149 contendens,
797 3070 1073 3156 longius
1103 3071 1359 3140 collum
1398 3072 1799 3156 crinemque
1834 3071 2111 3138 flamma
2160 3071 2582 3159 produceret.

74 3156 186 3252 Hoc
231 3158 384 3228 licet
432 3159 882 3229 celeberrimo
934 3159 1188 3228 lactum
1248 3159 1381 3236 die,
1423 3159 1489 3227 in
1547 3180 1797 3316 magna
1851 3157 2090 3248 populi
2144 3159 2588 3229 multitudine

72 3243 438 3329 viderimus,
494 3261 722 3317 tamen
777 3271 915 3318 una
967 3260 1230 3317 tantum
1282 3247 1365 3316 de
1407 3248 1656 3336 virgini
1714 3270 1817 3328 us,
1856 3260 1921 3315 et
1970 3268 2151 3314 unus
2179 3249 2261 3316 de
2304 3249 2585 3337 presby-

73 3332 230 3414 teris,
271 3349 403 3407 tres
454 3348 718 3406 tantum
772 3337 999 3405 videre
1046 3337 1130 3406 de
1182 3336 1562 3407 monachis.
1619 3336 1871 3406 Caeteri
1922 3357 2049 3405 cur
2090 3357 2224 3404 non
2268 3337 2582 3414 viderint,
2684 3339 2695 3350 ’

74 3439 186 3488 non
234 3438 448 3512 potest
501 3425 708 3495 nostri
762 3447 910 3497 esse
935 3426 1210 3515 judicii.

113 3516 178 3605 ,ἓ
226 3517 310 3582 2.
363 3519 489 3583 Per
535 3514 719 3582 idem
768 3514 906 3582 sere
957 3527 1228 3604 tempus
1275 3536 1435 3583 cum
1492 3513 1860 3593 Evantius,
1917 3511 2304 3582 avunculus
2353 3533 2585 3591 meus,

77 3615 158 3664 vn·
204 3599 350 3670 licet
398 3603 617 3672 seculi
667 3603 959 3692 negotiis
1005 3607 1407 3692 occupatus,
1446 3614 1672 3672 tamen
1726 3601 2099 3671 admodum
2137 3600 2588 3681 ChristianuS,

76 3688 449 3766 gravissima
496 3690 951 3781 aegritudine,
982 3705 1282 3761 extremo
1327 3692 1565 3761 mortis
1592 3691 1902 3782 periculo
1951 3690 2286 3780 coepisset
2332 3689 2591 3779 urgeri,

77 3774 410 3848 Martinum
458 3779 786 3850 evocavit.
839 3784 968 3850 Nec
1016 3793 1380 3850 cunctatus
1425 3780 1565 3860 ille,
1628 3802 1748 3870 pro
1801 3779 2035 3851 eravit.
2093 3780 2289 3848 Prius
2340 3791 2591 3858 tamen,

77 3880 256 3959 quam
305 3867 609 3937 medium
647 3867 793 3937 viae
827 3869 1127 3959 spatium
1183 3869 1284 3938 vir
1333 3871 1572 3938 beatus
1622 3892 1741 3939 evo
1777 3881 1977 3948 veret,
2035 3868 2351 3936 virtutem
2395 3866 2598 3934 adve-

82 3954 301 4046 tuentis
331 3957 545 4026 sensit
592 3970 934 4045 aegrotus,
976 3971 1244 4047 recepta
1276 3959 1607 4028 continuo
1656 3959 1966 4026 sanitate:
2007 3955 2437 4024 venientibus
2479 3977 2599 4022 no-

82 4035 189 4120 biS,
240 4043 502 4113 obviam
570 4046 720 4135 ipse
770 4047 1121 4133 processit.
1184 4047 1402 4116 Altera
1452 4047 1564 4116 die
1613 4046 1834 4114 redire
1893 4045 2282 4134 cupientem
2348 4064 2597 4130 magna

84 4144 253 4211 prece
289 4131 607 4212 detinuit,
648 4156 807 4202 cum
852 4135 1124 4205 interim
1176 4157 1395 4204 unum
1446 4157 1482 4204 e
1533 4134 1797 4203 familia
1848 4156 2136 4222 puerum
2189 4130 2421 4201 lethali
2460 4132 2599 4198 ictu

85 4233 332 4313 serpens
379 4221 703 4311 perculit.
757 4227 965 4303 Quem
1003 4225 1148 4309 jam
1203 4224 1585 4292 exanimem
1645 4224 1704 4289 vi
1755 4223 2021 4300 veneni,
2078 4221 2223 4308 ipse
2272 4220 2599 4288 Evantius

86 4321 207 4374 suis
241 4307 542 4380 humeris
597 4310 890 4392 illatum,
931 4326 1086 4382 ante
1139 4313 1344 4401 pedes
1378 4311 1597 4381 sancti
1649 4311 1799 4390 viri,
1838 4310 2006 4379 nihil
2043 4309 2139 4377 illi
2175 4308 2600 4398 impossibile

129 4427 152 4453 ‘
177 4429 353 4476 Scilicet
378 4437 555 4477 Casula.
