2993 4837
518 324 647 388 406
1165 337 1242 383 ne
1292 337 1346 383 s.
1403 336 1680 383 ruarmo
1728 336 1827 381 ΕΡ.
1880 333 2233 381 τυιιοΝεΝει
2633 312 2780 377 Not.
2816 315 2875 377 ll

434 425 686 495 laboris
723 421 1411 491 levamine-incudem
1451 443 1647 489 suam
1693 419 1945 488 feriunt
1977 442 1991 486 :
2047 419 2137 486 ita
2166 416 2518 497 Martium,
2557 413 2895 484 etiamdum

430 513 618 583 aliud
671 533 870 601 agere
904 510 1266 591 videretur,
1304 531 1575 599 semper
1604 508 1864 578 orabat.
1912 511 1961 577 Ο
1996 528 2145 576 vere
2185 508 2449 583 beatus.
2489 505 2554 572 in
2590 525 2711 591 quo
2742 502 2892 572 dotus

435 624 569 671 non
606 601 755 678 fuit,
795 601 1135 668 neminem
1165 598 1517 687 judicans,
1555 597 1898 666 neminem
1937 596 2302 675 damnans,
2349 594 2524 662 nulli
2563 592 2787 661 malum
2808 612 2897 680 pro

435 690 613 759 malo
645 689 982 757 reddens!
1037 693 1316 756 Tantam
1367 688 1626 776 quippe
1676 686 2039 755 adversum
2090 706 2329 752 omnes
2379 683 2664 771 injurias
2700 681 2901 769 patien-

434 780 594 847 tiam
648 789 1138 866 assumpserat,
1180 789 1256 845 ut
1302 799 1460 845 cum
1504 788 1679 844 esset
1719 796 2038 844 summus
2072 772 2414 853 sacerdos,
2453 774 2724 860 impune
2750 770 2899 838 etiam

431 868 516 937 ab
575 867 832 935 infimis
880 865 1146 935 clericis
1211 865 1634 934 laederetur:
1692 886 1814 933 nec
1872 875 2147 952 propter
2196 861 2263 929 id
2313 882 2427 929 eos
2476 873 2593 928 aut
2640 859 2767 928 loco
2802 878 2903 927 un·

430 979 636 1044 quam
690 956 1040 1031 amoverit,
1081 968 1196 1023 aut
1232 977 1267 1021 a
1303 977 1451 1032 sua,
1490 966 1826 1039 quantum
1882 952 1949 1019 in
2003 952 2152 1040 ipso
2203 949 2354 1030 fuit,
2407 949 2729 1017 charitate
2756 968 2907 1036 repu-

434 1045 607 1113 lerit.
661 1049 866 1113 Nemo
916 1065 1221 1129 unquam
1276 1042 1471 1111 illum
1511 1042 1674 1110 vidit
1707 1041 1983 1119 iratum,
2041 1061 2243 1108 nemo
2295 1051 2726 1107 moerentem.
2760 1055 2909 1104 nemo

433 1134 812 1202 ridentem:
867 1154 1050 1201 unus
1118 1131 1459 1218 idemque,
1520 1152 1790 1219 semper
1837 1129 2195 1199 coelestem
2239 1127 2537 1213 quodam
2587 1126 2771 1194 modo
2809 1123 2913 1193 lae·

433 1222 647 1291 titiam
703 1220 896 1290 vultu
947 1220 1356 1309 praeferens,
1412 1233 1594 1287 extra
1636 1232 1950 1287 naturam
1998 1216 2298 1286 hominis
2350 1215 2725 1284 videbatur.
2770 1218 2911 1283 Nun·

431 1332 638 1398 quam
678 1310 743 1378 in
782 1308 970 1377 illius
1017 1331 1153 1389 ore,
1211 1308 1344 1378 nisi
1393 1308 1744 1377 Christus:
1805 1328 2157 1392 nunquam
2213 1305 2280 1372 in
2336 1303 2527 1373 illius
2575 1303 2783 1372 corde.
2817 1298 2911 1370 nisi

434 1400 693 1489 pietaS,
750 1398 881 1466 nisi
925 1420 1076 1486 pax,
1133 1396 1264 1466 nisi
1319 1395 1783 1465 misericordia
1846 1396 2082 1463 inerat.
2138 1393 2551 1479 Plerumque
2597 1394 2783 1461 etiarn
2828 1410 2913 1478 pre

431 1509 693 1568 eorum,
750 1488 865 1573 qui
916 1489 1394 1556 obtrectatores
1445 1484 1631 1555 illius
1667 1484 2093 1563 videbantur,
2149 1481 2406 1552 solebat
2448 1482 2609 1549 flere
2650 1480 2911 1570 peccatis¹

430 1576 549 1663 qui
600 1589 931 1660 remotum
983 1589 1046 1643 et
1083 1574 1387 1661 quietum
1445 1574 1792 1642 venenatis
1834 1573 2116 1663 linguis,
2172 1585 2237 1639 et
2274 1572 2546 1658 vipereo
2585 1592 2697 1639 ore
2731 1588 2913 1657 carpe·

432 1666 616 1734 bant.
672 1669 747 1731 Et
797 1685 946 1731 vere
998 1662 1364 1731 nonnullos
1413 1663 1669 1752 experti
1719 1684 1963 1731 sumus
2012 1659 2280 1728 invidos
2323 1659 2614 1739 virtutis,
2663 1659 2919 1743 vitaeque

431 1755 603 1840 ejus,
660 1753 778 1838 qui
827 1752 895 1818 in
952 1752 1067 1820 illo
1114 1751 1419 1830 oderant,
1473 1751 1655 1838 quod
1711 1752 1775 1818 in
1831 1772 1899 1819 se
1937 1771 2067 1817 non
2107 1748 2450 1828 videbant,
2487 1762 2550 1816 et
2599 1746 2773 1833 quod
2810 1744 2899 1814 im‘

433 1842 560 1910 tari
595 1863 728 1909 non
767 1840 1103 1909 valebant.
1156 1846 1366 1927 Atque
1411 1840 1481 1929 (o
1526 1839 1712 1909 nefas
1759 1838 2133 1907 dolendum
2184 1850 2247 1906 et
2300 1832 2919 1931 ingemiscendum}

433 1952 565 1998 non
618 1929 734 1998 alii
785 1929 972 1999 suere
1020 1930 1457 1998 insectatores
1508 1928 1657 2017 ejus
1703 1928 1892 2017 (licet
1936 1927 2135 2014 pauci
2183 1924 2619 2014 admodum),
2672 1946 2798 1992 non
2841 1921 2921 1990 altt

433 2032 682 2098 tamen,
720 2040 925 2105 quam
963 2018 1301 2108 Episcopi,
1341 2017 1757 2086 ferebantur.
1796 2021 1925 2085 Nec
1968 2037 2122 2084 vero
2156 2035 2576 2101 quemquam
2621 2012 2923 2107 nominare

431 2129 702 2177 necesse
749 2121 871 2187 est,
928 2106 1080 2176 licet
1117 2130 1236 2176 nos
1283 2107 1467 2195 ipsos
1513 2105 1819 2195 plerique
1864 2102 2400 2173 circumlatrent.
2459 2101 2744 2179 Sufficit,
2787 2114 2849 2169 ut
2885 2119 2923 2167 st

428 2197 584 2282 quis
630 2218 707 2264 ex
742 2196 846 2264 his
896 2195 1060 2264 haec
1104 2195 1338 2284 legerit
1383 2208 1447 2263 et
1495 2193 1869 2285 agnoverit,
1907 2193 2286 2262 erubescat.
2325 2196 2489 2259 Nam
2530 2192 2591 2259 si
2626 2190 2917 2261 irascitur.

429 2286 513 2353 de
562 2286 786 2374 seipso
818 2284 1079 2354 dictum
1131 2284 1475 2363 fatebitur,
1531 2305 1687 2353 cum
1742 2282 2023 2351 fortasse
2060 2282 2183 2349 no's
2214 2280 2297 2348 de
2331 2280 2488 2349 aliis
2523 2280 2917 2349 senserimus.

429 2379 569 2444 Non
625 2373 1002 2464 refugimus
1050 2388 1301 2451 autem,
1361 2386 1435 2441 ut
1484 2373 1536 2442 si
1591 2371 1707 2461 qui
1739 2370 2077 2459 ejusmodi
2114 2382 2297 2448 sunt,
2341 2390 2463 2438 nos
2500 2390 2774 2457 quoque
2808 2384 2923 2436 cum

430 2462 546 2531 tali
582 2464 722 2531 viro
753 2463 1042 2531 oderint.
1080 2461 1255 2531 Illud
1309 2460 1507 2530 facile
1554 2459 1851 2539 confid0‚
1905 2459 2230 2528 omnibus
2267 2458 2524 2528 sanctis
2555 2456 2921 2548 opusculum

429 2547 608 2620 istud
652 2565 921 2640 gratum
961 2551 1122 2621 fore.
1162 2556 1247 2619 De
1288 2564 1573 2631 caeter0‚
1631 2550 1687 2618 si
1719 2550 1876 2635 quis
1908 2548 2075 2617 haec
2111 2546 2480 2616 infideliter
2520 2545 2785 2635 legerit,
2825 2547 2925 2638 ip&

429 2641 758 2741 peccabit.
803 2645 933 2730 Ego
977 2639 1145 2708 milii
1188 2639 1505 2708 conscius
1555 2661 1735 2719 sum,
1798 2660 1902 2706 me
1940 2659 2163 2706 rerum
2205 2636 2337 2704 fide
2367 2647 2430 2704 et
2469 2658 2710 2705 amore
2736 2633 2925 2704 Christi

425 2727 832 2816 lmpulsum‚
891 2741 962 2797 ut
1011 2728 1427 2799 scriberem.
1486 2725 1848 2797 manifesta
1896 2725 2291 2814 exposuisse
2322 2779 2336 2804 ‚
2381 2737 2446 2792 et
2489 2747 2646 2793 vera
2701 2724 2923 2792 dixisse-

426 2821 904 2901 Paratumque,
962 2829 1037 2886 ut
1070 2839 1291 2906 spero,
1332 2815 1609 2885 habebit
1657 2838 1693 2882 a
1751 2820 1880 2883 Deo
1932 2814 2339 2904 praemium,
2384 2835 2519 2882 non
2556 2815 2927 2901 quicumque

428 2903 687 2993 legerit,
728 2905 842 2973 sed
878 2907 1300 2992 quicumque
1332 2905 1728 2974 crediderit.

1186 3141 1284 3205 Ex
1339 3139 1690 3204 DIALOGO
1742 3140 1800 3202 ΙΙ
1855 3138 2203 3203 SULPICII

761 3304 979 3360 GALLO,
1038 3301 1319 3349 SULPICIO
1367 3302 1440 3346 ET
1493 3299 1936 3347 POSTHUMtANo
1984 3297 2631 3344 INTERLOCUTORlBUS.

513 3443 546 3524 ξ
593 3444 668 3509 1.
727 3438 984 3508 Gallus.
1039 3443 1183 3521 Quo
1237 3439 1537 3527 primum
1595 3450 1919 3526 tempore,
1971 3435 2223 3505 relictis
2273 3434 2567 3514 scholiS,
2628 3437 2815 3504 beato
2856 3448 2928 3497 me

423 3517 564 3596 viro
605 3527 831 3628 junxi,
890 3550 1144 3617 paucos
1188 3540 1336 3615 post
1383 3526 1531 3595 dies
1592 3539 1867 3595 euntem
1920 3525 2003 3594 ad
2072 3524 2429 3593 ecclesiam
2486 3526 2925 3610 sequebamur·

421 3621 701 3685 Interim
751 3618 812 3685 ei
862 3616 1271 3686 seminudus
1309 3615 1616 3684 hibernis
1669 3614 2026 3683 mensibus
2078 3636 2213 3704 pau
2266 3635 2339 3680 er
2385 3614 2714 3695 occurrit,
2769 3625 2928 3679 orans

420 3706 553 3774 sibi
590 3706 1068 3775 vestimentum
1107 3705 1278 3774 dari.
1318 3710 1508 3773 Tunc
1550 3703 1685 3782 ille,
1728 3703 2057 3772 accersito
2106 3725 2220 3770 arc
2278 3693 2928 3790 idiacon0,jussital·

419 3809 689 3881 gentem
729 3795 873 3864 sine
912 3794 1240 3863 dilatione
1275 3793 1528 3862 vestiri.
1580 3791 1832 3860 Deinde
1880 3791 2325 3860 secretarium
2386 3791 2777 3879 ingressuS‚
2806 3801 2925 3880 cum

421 3883 636 3961 solus,
693 3896 767 3952 ut
799 3896 942 3952 erat
992 3883 1092 3951 illi
1141 3881 1590 3961 consuetud0‚
1649 3881 1974 3950 resideret
2007 3881 2218 3969 (lianc
2252 3879 2436 3946 enim
2491 3879 2622 3948 sibi
2664 3880 2846 3946 etiam
2878 3889 2924 3937 ln

420 3972 709 4041 ecclesia
760 3972 1246 4053 solitudinem,
1311 3971 1647 4060 permissa
1695 3992 1735 4038 a
1794 3969 2064 4038 clericis
2117 3968 2450 4047 libertate,
2509 3958 2921 4058 praestabat).

419 4082 578 4130 cum
621 4060 905 4147 quidam
960 4061 1027 4128 in
1080 4060 1214 4129 alio
1263 4059 1626 4128 secretario
1663 4059 2041 4147 presbyteri
2090 4057 2426 4135 sederent,
2475 4055 2574 4124 vel
2627 4055 2923 4125 salutaue-

420 4148 628 4218 nibus
680 4163 1017 4230 vacantes,
1082 4148 1183 4217 vel
1225 4147 1593 4217 audiendis
1645 4147 1933 4236 negotiis
1986 4147 2349 4235 occupati3
2400 4145 2755 4214 Martinum
2803 4154 2923 4205 vero

421 4259 644 4322 usque
693 4238 762 4305 in
812 4261 961 4307 eam
1015 4238 1279 4317 horam,
1332 4259 1470 4323 qua
1521 4235 1852 4305 solemnia
1905 4235 2166 4325 populo
2220 4235 2329 4324 agi
2381 4230 2790 4303 consuetudo
2832 4224 2919 4320 de-

422 4339 750 4423 posceret,
810 4348 937 4394 sua
994 4325 1293 4395 solitudo
1344 4325 1729 4396 cohibebat.
1784 4323 1963 4393 Illud
2021 4345 2154 4392 non
2210 4323 2616 4412 praeteribO,
2665 4315 2827 4406 quod
2867 4331 2915 4408 [Π

424 4424 786 4479 secretario
836 4414 1104 4494 sedens,
1163 4435 1520 4500 nunquam
1570 4413 1896 4483 cathedra
1950 4435 2121 4482 usus
2172 4425 2296 4481 est.
2342 4417 2507 4481 Nam
2567 4413 2630 4480 in
2679 4404 2912 4477 ecclesia
