2993 4837
330 2568 335 2573 .
435 2512 1060 2601 frequentissimam
1095 2512 1341 2582 deinde
1374 2513 1869 2583 miraculorum
1908 2513 2448 2592 multitudinem,
2475 2513 2830 2599 explicatu

529 285 654 349 504
1213 300 1291 346 nr.
1336 299 1393 347 s,
1446 298 1763 347 morotno
1809 298 2213 347 contessoris:
2652 277 2814 345 ROV.
2847 280 2920 343 {5

440 387 608 454 mihi
662 387 811 474 pias
843 384 1319 470 humanasque
1350 405 1599 453 causas
1627 396 1693 453 et
1742 404 1866 473 pro
1901 383 2336 474 pauperibus
2366 382 2696 473 peroranti
2735 379 2942 456 beibal

442 475 738 574 porrexit
783 495 1018 543 aures:
1072 487 1330 559 quanto
1390 472 1731 542 faciliores
1778 472 1848 540 in
1923 472 2314 562 praesentia
2379 493 2652 561 sperare
2695 489 2932 560 pom

438 562 592 632 illas
628 562 799 632 mihi
841 561 1148 651 porrigi?
1195 565 1359 631 Cum
1402 560 1515 630 hlc
1562 560 1649 630 de
1697 560 1818 631 reli
1874 561 2051 641 ione,
2106 560 2194 630 de
2243 583 2430 642 vera,
2472 561 2559 629 de
2603 571 2942 644 sanctam}

486 650 741 732 ublica,
797 650 883 719 de
929 650 1063 720 fide
1110 661 1354 740 agatur
1406 648 1781 719 catholica:
1876 672 1993 719 um
2066 650 2294 720 virum
2349 651 2691 737 insignem
2737 646 2930 736 pinta

465 739 832 818 audemus,
884 760 1180 825 eumque
1222 739 1448 826 ipsum
1491 736 1930 808 referendum
1971 738 2041 807 in
2095 751 2499 809 sanctorum
2540 735 2930 807 namet-odn-

435 829 683 899 cimus.
740 826 1155 916 Leopoldum
1205 827 1384 907 dico,
1435 849 1640 914 quem
1684 827 1909 897 solum
1942 827 2011 895 in
2048 829 2251 897 terris
2285 832 2465 896 Deus
2513 826 2662 915 ipse
2710 827 2934 900 immt-

440 917 592 987 talis
642 917 840 986 nohis
874 916 1242 1005 praecipuo
1287 916 1601 1004 exemplo
1629 916 2007 985 constituit.
2041 916 2227 986 Alios
2257 938 2565 1001 namque
2611 914 2699 983 ad
2724 914 2932 983 henum

436 1008 644 1075 vitam
679 1005 961 1075 liberius
994 1005 1207 1075 evexit
1236 1004 1559 1084 solitu'd0,
1589 1016 1793 1091 atque
1819 1006 1905 1075 ab
1933 1004 2267 1074 humanis
2294 1004 2596 1094 negotiis
2620 1001 2932 1092 separatio,

436 1106 831 1181 remotaque
882 1094 1014 1162 vita
1060 1107 1126 1162 et
1169 1117 1208 1162 a
1265 1093 1480 1162 seculi
1531 1095 1720 1162 curis
1780 1094 2051 1181 penitus
2108 1094 2448 1182 expedita.
2519 1098 2751 1162 Unum
2799 1091 2936 1160 hune

438 1184 615 1253 inter
673 1183 1129 1272 paucissimos
1179 1180 1496 1251 mortales
1547 1182 1877 1251 humanis
1925 1180 2345 1271 implicitum
2413 1181 2628 1251 rebus
2693 1182 2934 1250 humant

437 1273 952 1360 contempsisse,
1006 1285 1071 1340 et
1112 1272 1285 1339 inter
1333 1270 1641 1359 ipsarum
1692 1271 2160 1340 humanarum
2215 1293 2446 1340 rerum
2494 1270 2934 1360 impedimenta

437 1382 707 1450 semper
739 1360 991 1429 divinis
1026 1359 1403 1429 inhaesisse
1433 1372 1721 1428 constat.
1777 1365 2035 1429 Rarum
2086 1360 2389 1450 profecto
2430 1372 2496 1428 et
2548 1355 2940 1428 memorabile

437 1450 816 1518 sanctitatis
862 1447 1292 1536 exempluml
1342 1447 1462 1533 qui
1533 1447 1699 1516 dum
1764 1447 1833 1516 in
1903 1460 2101 1518 coetu
2165 1448 2451 1522 vixerit.
2521 1448 2920 1517 humanat-un

440 1538 725 1607 minime
770 1559 1093 1607 curarum
1128 1558 1388 1624 expers,
1421 1537 1597 1605 inter
1643 1535 1877 1605 divina
1915 1536 2084 1606 adeo
2117 1537 2207 1606 sit
2254 1550 2596 1617 versatus,
2634 1537 2816 1623 quod

436 1627 570 1696 nisi
627 1625 1103 1694 arbitrandum
1160 1626 1247 1693 sit
1297 1626 1525 1715 ipsum
1575 1624 1934 1694 coelestem
1999 1626 2289 1714 gloriam
2363 1640 2842 1696 consecutum.

437 1737 594 1783 cum
647 1714 758 1783 hic
794 1715 1088 1783 maxime
1121 1726 1361 1792 status,
1400 1735 1480 1782 ea
1531 1715 1702 1782 vitae
1731 1713 2032 1784 conditio
2080 1714 2465 1786 distrahere
2507 1713 2761 1783 soleat:
2812 1714 2869 1781 in

436 1804 869 1890 potissimum
922 1803 1246 1872 sanctitas
1301 1802 1611 1888 quaesita
1650 1815 1714 1870 et
1771 1805 2043 1872 inventa
2091 1804 2202 1873 sit.
2270 1808 2439 1873 Nam
2488 1803 2623 1871 etsi
2699 1801 2866 1903 pluri

435 1892 523 1962 sit
567 1892 857 1981 dignum
912 1890 1136 1971 laude,
1199 1903 1423 1962 tamen
1535 1889 1892 1961 erdifficile
1941 1892 2240 1980 majores
2289 1892 2507 1961 nostri
2552 1891 2866 1978 judicat·

438 1981 507 2048 in
551 2003 801 2068 magna
854 1979 1163 2049 videlicet
1212 2001 1461 2069 peccan
1523 1980 1540 2047 i
1593 1979 1867 2050 licentia
1901 1981 2088 2071 juste
2127 1981 2398 2051 vixisse.
2457 1980 2743 2050 Accedit
2786 1992 2852 2049 et

435 2071 709 2139 uxoriae
740 2082 804 2138 et
846 2068 1216 2138 liberorum
1251 2090 1440 2136 cura.
1487 2068 1677 2151 Quod
1714 2068 1994 2155 quidem
2032 2071 2141 2159 (ut
2175 2092 2334 2139 cum
2372 2068 2700 2158 Apostolo
2732 2068 2805 2137 di

435 2181 474 2227 a
512 2157 906 2228 coelestium
956 2158 1365 2246 cogitatione
1402 2159 1696 2226 maxime
1734 2158 2002 2227 dividit.

530 2249 566 2334 ξ
618 2252 705 2318 2.
758 2245 1128 2336 Aggredior
1177 2246 1386 2335 igitur
1416 2246 1524 2314 his
1577 2248 1886 2316 munitus
1920 2246 2307 2336 praesidiis,
2343 2245 2864 2335 Redemptorisi

437 2335 701 2426 plorato
752 2336 1061 2415 numine,
1101 2335 1248 2404 sine
1294 2356 1429 2421 quo
1467 2334 1635 2402 nihil
1673 2336 1978 2425 incipere
2017 2336 2120 2405 fas
2149 2349 2286 2406 est:
2335 2336 2541 2404 vitam
2587 2335 2773 2403 beati

439 2424 624 2514 poldi
658 2424 745 2495 ab
793 2425 1118 2495 omnibus
1170 2423 1370 2512 plane
1405 2424 1810 2494 imitandam
1845 2448 1925 2494 ac
1965 2427 2117 2515 ejus
2165 2425 2695 2514 probatissimos
2730 2446 2837 2493 mo

435 2615 511 2671 ut
561 2603 629 2670 in
678 2602 848 2671 actis
894 2614 1180 2677 constat,
1233 2623 1444 2691 super
1504 2624 1580 2670 ea
1640 2624 1712 2670 re
1759 2601 1843 2672 de
1911 2604 2110 2687 cujus
2158 2604 2387 2691 agitur
2460 2602 2844 2671 canonizati

437 2690 789 2779 productis
834 2711 1062 2760 coram
1117 2690 1728 2760 Reverendissimis
1775 2692 1844 2759 in
1899 2691 2162 2761 Christo
2211 2690 2526 2761 Patribus
2556 2744 2577 2769 ,
2647 2688 2880 2760 Rodo'

436 2779 788 2849 Portuensi
854 2779 1190 2867 Episcopo
1236 2792 1510 2848 sanctae
1573 2784 1920 2848 Romanae
1982 2779 2320 2849 Ecclesiae
2375 2778 2884 2848 Vicecancellari

438 2873 663 2936 Marco
712 2867 1044 2968 Episcopo
1077 2869 1537 2947 Praenestino,
1595 2870 1954 2938 Francisco
2012 2870 2231 2938 sancti
2278 2867 2627 2939 Eustachii
2685 2869 2876 2937 Diaco

436 2955 807 3037 Cardinalt,
872 2956 958 3026 ad
1021 2955 1181 3025 talia
1237 2956 1553 3026 obeunda
1613 2957 1980 3047 deputatis.
2050 2962 2128 3026 In
2176 2979 2473 3044 quorum
2514 2958 2892 3025 enat-ration

435 3061 879 3134 compensata
927 3067 1150 3115 rerum
1206 3045 1683 3136 magnitudine
1714 3068 1875 3115 cum
1921 3060 2224 3136 tempore
2251 3068 2389 3132 quo
2424 3044 2542 3114 illa
2584 3066 2855 3115 recense
2899 3129 2908 3140 .

440 3135 674 3222 paucis
724 3156 831 3204 me
872 3133 1292 3224 percurrisse
1343 3156 1456 3202 vos
1477 3134 1913 3223 judicaturos
1942 3156 2076 3203 non
2115 3134 2380 3204 dubito.
2413 3133 2594 3203 Illud
2629 3134 2700 3202 in
2736 3134 2892 3222 prim

425 3246 666 3293 rerum
708 3237 952 3293 natura
983 3223 1080 3292 vel
1133 3222 1267 3291 lata
1309 3222 1369 3291 le
1418 3246 1454 3290 e
1506 3223 1671 3303 fixit,
1718 3235 1793 3292 ut
1838 3246 1879 3292 a
1927 3223 2168 3293 robore
2202 3224 2411 3293 robur
2459 3238 2842 3311 generetur,
2875 3216 2938 3287 ab

435 3312 665 3399 aquila
701 3311 951 3382 similis
998 3312 1165 3387 avis,
1197 3325 1262 3380 et
1310 3333 1348 3380 a
1404 3312 1534 3381 orti
1582 3334 1661 3380 ac
1694 3313 2035 3382 constanti
2086 3311 2267 3381 idem
2322 3325 2682 3380 nascatur:
2720 3326 2787 3381 et
2811 3330 2950 3393 con:

438 3415 534 3470 tra
578 3401 671 3470 nil
705 3400 1181 3470 existimamus
1210 3400 1357 3469 fieri
1403 3422 1622 3489 posse.
1666 3400 2045 3491 Leopoldus
2076 3415 2531 3491 cognomento
2566 3400 2751 3478 Pius,
2788 3412 2934 3486 pam

437 3490 772 3578 Leopoldo
808 3490 842 3524 '⁵
872 3489 1261 3559 Marchione
1285 3490 1594 3559 Austriae
1634 3503 1839 3559 natus
1884 3490 2088 3569 est**‚
2133 3490 2395 3558 familia
2446 3490 2806 3575 utriusque
2847 3507 2930 3575 pa·

436 3579 648 3647 rentis
699 3577 973 3659 illustri,
1028 3590 1094 3647 et
1143 3591 1276 3647 tota
1315 3577 1529 3646 divini
1581 3576 1837 3658 cultus,
1882 3579 2044 3648 etin
2086 3600 2221 3665 qua
2261 3577 2402 3647 duo
2437 3579 2796 3667 praecipue
2822 3576 2930 3645 cla·

434 3690 656 3747 ruere,
698 3667 937 3757 religio
983 3679 1049 3736 et
1099 3666 1510 3756 populorum
1549 3667 1881 3755 regimen.
1935 3668 2055 3737 Cui
2088 3667 2322 3736 omnia
2373 3666 2645 3755 pietatis
2689 3682 2926 3735 munera

435 3756 768 3845 adjunxit,
825 3770 891 3825 et
938 3755 1008 3825 in
1057 3777 1136 3825 eo
1170 3767 1401 3826 tenore
1462 3756 1942 3855 perseveravit,
1996 3770 2074 3825 ut
2118 3756 2336 3824 animi
2389 3753 2835 3824 moderatione
2880 3762 2924 3816 et

438 3844 909 3915 misericordia
944 3843 1243 3930 reliquos
1296 3859 1619 3914 anteiret:
1660 3844 2081 3935 Majoresque
2132 3866 2296 3913 suos
2341 3842 2743 3913 orthodoxos
2779 3853 2921 3936 tanto

433 3933 850 4013 antecelluit,
886 3947 1146 4019 quanto
1179 3932 1277 4002 Pii
1309 3954 1715 4023 cognomen,
1750 3955 1888 4020 quo
1918 3932 2301 4022 Leopoldus
2333 3932 2586 4001 meruit
2624 3929 2918 4019 insigniri,

431 4023 715 4092 caeteris
754 4036 1071 4112 praestat.
1110 4021 1489 4110 Leopoldus
1535 4022 1718 4091 enim
1757 4023 1917 4091 Pius
1950 4022 2205 4108 ubique
2237 4021 2662 4097 inscribitur,
2704 4019 2918 4102 hocque

433 4113 492 4180 ei
540 4133 920 4201 cognomen
951 4111 1199 4179 viventi
1247 4110 1543 4180 inditum
1583 4126 1708 4191 est,
1750 4106 1935 4197 quod
1975 4124 2125 4198 post
2158 4124 2493 4179 trecentos
2529 4123 2594 4178 et
2627 4108 2913 4194 quinqua·

435 4202 624 4289 ginta
673 4199 808 4269 fere
854 4221 1098 4279 annos,
1150 4199 1407 4285 quihus
1455 4199 1524 4267 in
1560 4199 1847 4268 Domino
1894 4200 2174 4285 quievit,
2206 4197 2436 4268 adhuc
2482 4198 2910 4267 inconcussum

484 4358 508 4380 ⁶
537 4358 690 4404 nutus
719 4359 920 4398 nominis
950 4361 1005 4404 tt.
1024 4362 1331 4409 cognomento
1356 4361 1548 4401 Pulcher.
1577 4358 1711 4400 Vitae
1732 4362 1870 4401 finam
1894 4357 2106 4410 implevit.
2126 4369 2247 4402 anno
2266 4361 2382 4400 1096.
2403 4361 2554 4400 xater
2573 4362 2710 4398 autem
2727 4349 2904 4401 Iaeox'olffi

434 4411 502 4449 Pii
521 4410 611 4450 fult
632 4411 747 4456 uhu,
767 4410 873 4457 nlla,
893 4413 946 4452 ut
969 4411 1166 4457 videtur.
1185 4413 1480 4462 inperatoris
1505 4412 1692 4453 Hem-ici
1714 4416 1796 4456 111.
2084 4415 2138 4442 ⁴*
2167 4417 2299 4455 Anno
2329 4415 2444 4455 1073.
