2993 4837
518 283 645 347 296
1045 301 1123 347 nn
1171 301 1263 348 ss.
1317 299 1704 349 GALAcnoNE
1751 301 1825 347 ΕΤ
1871 301 2173 349 erismae
2218 301 2335 348 ιω.
2674 284 2826 349 Nov.
2867 287 2898 349 5

350 384 648 463 ⁹·horto,
708 383 798 452 ita
851 384 1137 472 jubente
1185 384 1511 454 Honofrio
1541 440 1556 465 ‚
1609 384 1767 454 illae
1825 408 2003 472 aqna
2050 385 2493 475 implessent,
2543 387 2904 456 catechismo
2947 418 2950 457 ἡ

431 473 625 562 prius
672 472 983 542 instituta
1038 474 1235 543 Leuci
1296 495 1398 563 pe,
1451 473 1632 554 aliis,
1685 495 1957 561 quoque
2006 473 2092 543 ab
2139 496 2217 543 eo
2278 474 2507 555 factis,
2559 496 2724 561 quae
2762 474 2904 544 fiunt
2947 486 2950 551 Ι

428 562 512 629 de
546 581 733 630 more
766 561 1189 643 ChristianiS,
1283 562 1541 631 ivinum
1579 564 1996 653 baptismum
2047 563 2513 650 consequitur.
2557 562 2752 632 Paulo
2786 576 2904 652 post

428 662 652 718 autem
708 648 898 719 illinc
944 651 1222 737 quidem
1261 651 1538 720 recessit
1571 651 1961 730 Honofrius,
2000 652 2058 720 ei
2100 651 2467 742 diligenter
2505 651 2902 741 praecipiens,

427 750 503 807 ut
536 737 741 806 fidem
791 752 1085 808 servaret
1129 751 1193 808 et
1227 739 1470 808 Christi
1509 753 1885 830 praecepta.
1921 741 2263 829 Leucippe
2309 752 2538 809 autem
2590 741 2906 830 fingensse

428 839 815 927 aegrotare,
866 841 1011 896 erat
1070 842 1414 918 separata,
1467 827 1741 918 fugiens
1803 829 2025 898 mariti
2077 828 2674 899 consuetudinem.
2724 833 2906 914 Neque

429 937 611 984 enim
664 914 947 996 volebat,
1000 937 1157 985 cum
1200 917 1346 1006 jam
1395 931 1573 985 esset
1621 917 1974 1007 purificata
2028 918 2301 1007 spiritu,
2359 918 2773 999 et‚divinum
2827 939 2950 1011 ac·⁴

430 1003 722 1092 cepisset
796 1003 1188 1084 lavacrum,
1244 1004 1307 1073 id
1361 1004 1667 1095 polluere
1727 1006 2004 1075 incestis
2053 1007 2280 1075 mariti
2327 1005 2908 1096 congressionibus.

431 1095 594 1161 Cum
631 1107 856 1162 autern
892 1093 1040 1163 dies
1086 1093 1346 1181 aliquot
1397 1093 1927 1182 praeteriissent,
1980 1096 2256 1183 agnovit
2302 1117 2374 1164 se
2426 1095 2491 1162 in
2546 1107 2731 1164 utero
2782 1114 2910 1161 con·

428 1180 713 1271 cepisse,
753 1181 934 1269 quod
970 1182 1171 1251 etiam
1229 1181 1587 1273 paulopost
1632 1182 1856 1253 evadit
1889 1184 2322 1253 manifestum
2375 1181 2798 1273 Clitophonti.
2826 1179 2912 1249 Ille

430 1282 654 1339 autem
707 1270 1033 1360 ignorans
1068 1270 1447 1340 veritatem:
1504 1296 1539 1337 «ι
1570 1276 1759 1341 Nunc
1805 1271 2011 1352 mihi,
2072 1273 2328 1359 inquit,
2384 1272 2638 1341 videris
2683 1295 2719 1340 o
2754 1292 2904 1345 uxor.

432 1357 773 1447 placuisse
818 1358 952 1428 diis
985 1358 1530 1429 immortalibus:
1566 1366 2020 1451 et‘propterea
2049 1361 2261 1450 digna
2287 1382 2361 1429 es
2387 1360 2724 1448 judicata,
2752 1360 2910 1445 cujus

430 1469 663 1516 curam
716 1459 1095 1536 gererent.»
1145 1447 1269 1516 Illa
1303 1470 1457 1517 vero
1489 1470 1651 1518 cum
1703 1471 1774 1518 se
1827 1471 2069 1539 parum
2101 1449 2512 1519 retinuisset:
2573 1474 2608 1514 «
2643 1455 2730 1519 Ne
2761 1447 2910 1521 mihi.

432 1535 675 1623 inquit,
727 1535 889 1606 deos
946 1536 1303 1616 nomineS‚
1355 1557 1394 1606 o
1446 1537 1736 1618 marite;
1792 1537 1947 1607 nolo
1994 1538 2227 1618 enim;
2280 1537 2393 1605 sed
2449 1542 2664 1607 Deum
2714 1556 2908 1609 unum.

428 1626 548 1710 qui
595 1636 696 1693 est
741 1624 1040 1694 universi
1094 1626 1419 1694 Dominus
1448 1638 1514 1694 et
1558 1626 1854 1707 effector,
1899 1626 2020 1713 qui
2052 1627 2145 1696 tui
2195 1638 2258 1695 et
2308 1627 2522 1694 nostri
2572 1647 2799 1694 curam
2834 1644 2906 1713 ge·

431 1714 538 1793 rit,
591 1713 708 1799 qui
759 1734 893 1781 non
944 1713 1167 1783 solum
1221 1726 1437 1804 potest
1484 1714 1744 1785 solvere
1794 1715 2256 1795 sterilitatem,
2312 1713 2425 1784 sed
2493 1717 2704 1784 etiam
2763 1711 2916 1782 facilc

429 1815 528 1871 est
598 1800 694 1870 illi
750 1801 968 1872 facere
1023 1823 1498 1890 quaecumque
1546 1803 1710 1872 vult.
1747 1802 1939 1872 »Ille
1986 1816 2239 1873 autem:
2287 1808 2426 1871 «Et
2462 1805 2630 1890 quis
2673 1816 2768 1871 est
2809 1802 2903 1873 hic.

432 1891 674 1977 inquit,
713 1890 1007 1959 aliorum
1057 1890 1496 1970 fortissimus,
1552 1894 1768 1979 etqui
1823 1913 1946 1962 nos
2006 1905 2140 1961 tam
2192 1891 2488 1982 benigne
2548 1892 2912 1977 intueturlr

429 1979 678 2068 Leucip
732 2002 767 2048 e
814 1993 1077 2049 autem:
1131 2001 1167 2045 «
1199 1979 1384 2060 Mihi,
1429 1980 1678 2067 inquit,
1734 1982 1791 2050 is
1829 1980 1899 2049 in
1939 1980 2200 2051 somnis
2247 1981 2599 2070 apparuit,
2639 2004 2679 2051 o
2710 1978 2914 2048 suavis·

431 2069 625 2149 sime,
706 2091 967 2137 ormam
1002 2067 1279 2156 quidem
1316 2068 1581 2137 habens
1626 2070 2027 2148 humanam,
2075 2091 2325 2139 manus
2372 2081 2608 2139 autem
2662 2081 2914 2138 extensas

429 2157 494 2225 in
531 2178 757 2236 cruce,
801 2158 919 2244 qui
969 2158 1170 2226 etiam
1225 2156 1390 2225 mihi
1428 2157 1602 2227 uteri
1650 2158 1877 2227 statim
1922 2156 2120 2227 solvit
2171 2157 2440 2227 vincula
2470 2211 2486 2237 ‚
2543 2173 2611 2228 et
2654 2158 2734 2227 ad
2783 2157 2912 2225 banc

429 2248 938 2336 conceptionem
997 2245 1309 2314 excitavit
1356 2246 1877 2316 admirabiliter.
1933 2250 2066 2315 Cur
2110 2267 2271 2335 ergo
2324 2268 2454 2316 non
2527 2269 2656 2317 nos
2691 2262 2914 2334 quoque

429 2357 583 2404 eum
630 2336 856 2425 potius
904 2334 1337 2404 attendemus
1382 2346 1445 2404 et
1478 2334 1809 2415 colemus,
1848 2346 1913 2404 et
1960 2336 2193 2404 omnia
2243 2348 2474 2405 nostra
2525 2336 2616 2405 ab
2663 2336 2800 2425 ejus
2837 2332 2914 2399 be-

433 2425 762 2513 nignitate
814 2423 1109 2514 pendere
1149 2436 1460 2513 oportere
1509 2427 1938 2494 statuemus?
1971 2447 2005 2489 »

516 2517 553 2599 ξ
600 2519 692 2584 ss.
750 2512 922 2581 Dixit
981 2525 1207 2582 autem
1261 2511 1658 2601 Clitoplion,
1723 2535 1877 2582 cum
1950 2534 2192 2602 parum
2254 2513 2604 2596 siluisset,
2658 2528 2733 2590 ut
2773 2511 2910 2606 daret

434 2602 643 2670 menti
694 2613 824 2669 tem
883 2622 966 2670 us
998 2600 1462 2670 deliberandi:
1520 2624 1554 2668 «
1587 2601 1759 2678 Scio,
1804 2602 2047 2688 inquit,
2101 2623 2304 2688 quem
2357 2603 2573 2674 dicis:
2638 2615 2916 2690 nempeis

430 2703 551 2769 est,
591 2690 708 2776 qui
744 2710 822 2757 co
856 2690 991 2759 itur
1039 2713 1078 2759 a
1126 2689 1480 2759 Galilaeis:
1527 2703 1591 2760 et
1624 2711 1856 2759 revera
1889 2690 2091 2759 habet
2129 2712 2413 2779 magnas
2464 2693 2645 2762 vires
2668 2705 2730 2760 et
2774 2691 2912 2757 inex·

432 2777 860 2867 pugnabiles.
917 2777 1040 2846 Sed
1085 2779 1238 2864 quis
1272 2778 1435 2848 feret
1466 2779 1639 2866 ejus,
1677 2779 1796 2865 qui
1857 2800 2083 2847 rerum
2153 2781 2426 2868 potitur,
2492 2777 2908 2850 saevitiami')

432 2866 768 2955 Leucippe
815 2877 1038 2935 autem
1078 2866 1392 2936 lubenter
1419 2867 1601 2954 quod
1637 2866 1898 2935 dictum
1945 2866 2164 2936 fuerat
2209 2868 2573 2956 arripiens:
2623 2864 2912 2937 «Interim

429 2954 732 3040 quidem,
789 2955 1033 3042 inquit.
1074 2978 1114 3025 o
1162 2969 1369 3045 caput
1417 2956 1588 3025 mihi
1649 2955 2137 3035 venerandum,
2199 2957 2511 3026 occultus
2568 2958 2697 3028 erit
2745 2965 2914 3049 noster

433 3044 498 3110 in
550 3064 706 3112 eum
759 3044 1009 3115 cultus.
1067 3045 1174 3113 Sic
1207 3045 1387 3113 enim
1418 3045 2265 3134 effugerimusimpiorum
2314 3045 2677 3115 malitiam.
2714 3040 2912 3113 Licebit

432 3153 584 3201 vero
623 3132 1015 3219 aliquando,
1053 3134 1203 3222 eJus
1252 3133 1498 3203 virtute
1548 3133 1743 3202 nobis
1776 3155 1973 3222 opem
2026 3132 2301 3212 ferente,
2341 3135 2547 3204 etiam
2595 3135 2660 3202 in
2699 3134 2800 3202 die
2826 3129 2912 3197 bo·

432 3233 620 3290 neste
667 3221 1047 3300 ambulare,
1100 3235 1164 3290 et
1211 3220 1388 3292 lucis
1433 3243 1641 3312 opera
1696 3221 1915 3291 facere
1977 3221 2356 3291 manifeste.
2395 3245 2431 3289 »
2481 3227 2664 3292 Haec
2700 3221 2908 3316 dicens,

433 3322 787 3399 postquam
841 3310 1083 3380 habuit
1130 3311 1480 3391 maritum,
1538 3311 1623 3379 ad
1671 3311 1907 3379 omnia
1955 3324 2301 3399 parentem
2338 3310 2738 3401 (oportebat
2774 3323 2911 3400 enim

427 3413 490 3467 et
537 3398 782 3468 Christi
841 3420 1171 3489 apparere
1241 3399 1756 3490 benignitatem,
1825 3412 1889 3468 et
1919 3398 2100 3500 quod
2151 3400 2213 3468 ei
2277 3399 2360 3469 de
2398 3401 2647 3469 marito
2698 3392 2912 3490 praedi·

430 3500 613 3557 xerat
662 3487 1053 3568 HonofriuS,
1110 3487 1395 3556 minime
1442 3487 1804 3576 excidere),
1850 3487 2175 3578 deinceps
2239 3487 2409 3557 nihil
2460 3489 2758 3578 amplius
2800 3493 2914 3552 reu-

430 3576 669 3656 cendo‚
724 3576 837 3646 sed
893 3576 1105 3646 libere
1151 3588 1215 3644 et
1272 3589 1503 3666 aperte
1566 3576 1800 3645 omnia
1850 3576 1934 3646 de
1983 3577 2322 3646 monacho
2368 3577 2717 3667 exposuit:
2772 3563 2910 3665 quod

433 3665 487 3733 is
520 3665 778 3735 scilicet
810 3687 959 3734 eam
1005 3664 1465 3753 baptizaverit,
1519 3678 1583 3734 et
1629 3664 1813 3752 quod
1865 3664 1994 3734 boc
2045 3677 2185 3745 est,
2238 3665 2421 3752 quod
2470 3667 2623 3755 ejus
2665 3661 2910 3754 matricis

430 3752 627 3823 solvit
676 3753 890 3823 nodos
940 3753 1279 3823 difficiles.
1352 3754 1603 3823 Deinde
1659 3754 1862 3823 etiam
1914 3753 2194 3842 adjecit,
2250 3754 2446 3822 nihil·
2483 3776 2634 3823 esse
2679 3744 2912 3838 impedt·

431 3856 655 3913 mento
687 3865 823 3930 quo
876 3843 1107 3912 minus
1156 3843 1304 3933 ipse
1350 3864 1623 3930 quoque
1655 3842 1968 3912 divinum
2011 3843 2429 3932 baptismum
2480 3848 2906 3927 consequatur·

430 3954 465 3996 «
508 3933 770 4001 Etenim
810 3932 978 4001 mihi
1033 3931 1206 4001 inter
1235 3944 1499 4001 caetera
1549 3932 1677 4001 hoc
1709 3952 1982 4019 quoque
2024 3931 2359 4020 praedixit
2390 3931 2491 3999 vir
2522 3930 2632 4000 ille
2660 3927 2906 3998 divinus.

428 4018 567 4089 fore
590 4033 666 4091 ut
695 4034 756 4090 te
793 4042 1089 4108 quoque,
1122 4043 1162 4090 o
1186 4019 1616 4101 charissime,
1655 4042 1808 4090 mox
1835 4021 2153 4090 haberem
2194 4041 2382 4089 meae
2417 4020 2570 4089 fidei
2604 4018 2905 4088 socium-1·
2939 4077 2940 4090 ,

429 4112 605 4178 Haec
636 4122 700 4178 et
749 4109 863 4178 illa
912 4110 1105 4190 dixit,
1150 4121 1215 4178 et
1255 4131 1429 4196 quae
1476 4108 1659 4178 dicta
1693 4122 1878 4189 sunt,
1921 4109 2282 4198 paulopost
2336 4108 2626 4177 deducta
2674 4093 2904 4173 suntad

427 4196 767 4278 effectum,
822 4210 886 4267 et
919 4200 1065 4289 ipse
1104 4211 1377 4286 quoque
1422 4197 1732 4266 divinum
1786 4198 2205 4287 baptismum
2257 4209 2360 4265 est
2404 4205 2815 4292 consecutus·
2857 4193 2902 4250 θῑ

429 4282 671 4353 didicit
702 4307 952 4356 arcana
1004 4287 1296 4376 pietati&
1334 4308 1492 4355 cum
1540 4286 1818 4357 divinus
1863 4299 1930 4355 et
1975 4285 2408 4355 admirabilis
2465 4282 2801 4355 Honofrius
2838 4268 2898 4339 ad

430 4370 597 4440 haec
648 4394 888 4442 rursus
928 4374 1369 4443 inserviisset.
