2993 4837
547 325 674 389 604
996 342 1074 388 nn
1122 341 1177 388 S.
1230 338 1598 397 masuam,
1654 340 1833 388 {mers
1884 337 2253 389 nuncianum
2301 338 2467 387 mua
2640 321 2780 386 Not.
2813 324 2874 387 ta

458 427 736 504 liberis,
789 426 1368 516 consanguineis,
1432 426 1708 515 pompis
1756 447 1836 495 ac
1887 426 2307 496 vanitatibus
2356 424 2621 505 mundi;
2665 423 2882 512 denique

457 515 795 585 voluntati
833 516 1168 604 propriae,
1213 514 1568 584 adnexui-a
1598 515 1801 584 etiam
1854 536 1890 583 e
1943 516 2229 605 vestigio
2274 518 2630 584 cessionem
2667 527 2888 582 terrem

460 604 936 696 possessionis,
992 604 1123 673 nisi
1171 604 1494 704 magister
1549 605 1816 694 sagacis
1867 604 1970 671 vir
2020 604 2320 693 ingenii,
2376 603 2701 671 interfatus
2746 601 2884 690 profi—

457 694 660 764 tentis
702 695 929 773 verba,
976 715 1060 761 ne
1107 692 1397 761 ulterius
1448 692 1682 771 iretur,
1724 692 2082 761 effecisset.
2125 697 2366 761 Secuta
2421 704 2519 760 est
2574 690 2745 779 paulo
2786 702 2891 778 post

458 783 865 870 magistrum
929 780 1010 848 ad
1082 782 1363 849 Hassiae
1427 781 1702 871 insigne
1762 781 2148 871 oppidum,
2210 780 2396 867 quod
2468 778 2890 867 Marpurgmn*

457 883 720 950 vocant,
768 869 1337 959 proficiscentem.
1383 870 1504 938 Ubi
1558 891 1715 938 cum
1777 870 2212 938 aemulorum
2256 869 2687 956 quorumdam
2732 868 2894 936 adhue

456 980 693 1028 recens
742 958 995 1048 vigeret
1026 959 1307 1038 invidia,
1364 972 1429 1026 et
1475 957 1909 1027 domicilium
1956 958 2056 1026 illi
2108 980 2360 1027 novum
2401 955 2890 1026 exaedificandum

453 1062 652 1128 esset,
708 1069 826 1116 rus
868 1046 1220 1136 paulisper
1251 1048 1552 1128 secessit,
1590 1047 1841 1116 atrium
1880 1046 2228 1133 quoddam
2264 1045 2548 1135 collapsi
2597 1067 2734 1135 prae
2773 1057 2894 1111 vetu-

454 1150 624 1208 state
671 1135 994 1216 aedificii,
1034 1157 1117 1204 ne
1155 1136 1480 1221 cuiquam
1538 1137 1952 1205 rusticorum
2002 1136 2195 1204 oneri
2244 1148 2444 1217 esset,
2490 1136 2784 1224 ingressa,
2815 1132 2890 1200 ihi·

453 1225 607 1293 dem
650 1224 911 1310 aliquot
961 1224 1109 1293 dies
1146 1225 1386 1315 exegit,
1425 1237 1659 1293 coacta
1724 1225 1810 1293 ad
1871 1224 2188 1293 restantis
2243 1224 2635 1293 infumibuli
2688 1222 2886 1317 parient

453 1312 818 1383 frondibus
874 1314 941 1380 in
1011 1313 1399 1382 umbraculi
1459 1313 1758 1402 speciem
1809 1314 2147 1382 subrectis
2196 1312 2714 1402 dispositisque,
2763 1309 2892 1378 vela

452 1402 801 1489 quoddam
856 1402 1208 1491 tugurium
1263 1423 1525 1490 parare.
1587 1402 1709 1470 Ubi
1763 1402 2065 1470 manenti
2114 1401 2374 1483 sumuS,
2414 1416 2658 1480 aestus,
2703 1397 2894 1468 ventio

456 1492 713 1559 imbres
766 1512 897 1559 non
955 1490 1365 1558 mediocrem
1407 1489 1789 1570 molestiam
1839 1491 2250 1559 afferebant:
2305 1512 2514 1576 quam
2571 1490 2680 1558 illa
2719 1483 2892 1577 plau&

458 1579 838 1659 sustinens,
874 1584 1003 1647 Deo
1040 1578 1257 1646 nihilo
1293 1580 1573 1668 segnius
1607 1579 1862 1667 gratias
1894 1580 2159 1667 agebat.

550 1670 584 1753 ξ
656 1672 824 1739 ²0.
897 1665 1349 1736 Exaedificato
1417 1667 1669 1736 interea
1738 1668 2065 1757 temporis
2126 1669 2302 1736 intra
2380 1666 2617 1736 urbem
2678 1662 2894 1754 expedia

461 1756 710 1845 magis,
763 1778 973 1841 quam
1031 1768 1438 1843 sumptuoso
1490 1754 1865 1836 domicili0‚
1905 1777 2169 1825 reversa
2220 1755 2476 1824 ibidem
2515 1754 2897 1825 famular-illu

454 1845 525 1911 in
580 1845 773 1913 omni
806 1845 1164 1913 sanctitate
1211 1844 1455 1933 coepit,
1493 1855 2107 1931 constructumque
2145 1867 2186 1913 a
2218 1866 2290 1912 se
2321 1844 2664 1931 quondam
2697 1840 2902 1913 xenme-

460 1933 698 2001 chium
753 1935 992 2002 crebro
1043 1932 1356 2012 invisere,
1399 1954 1477 2002 ac
1519 1933 1765 2002 Christi
1815 1934 2124 2002 membra
2161 1933 2420 2019 quibus
2470 1946 2716 2022 poterat
2765 1930 2900 1999 fovere

457 2022 748 2090 solatiis.
776 2028 1209 2107 Quamquam
1246 2035 1472 2090 autem
1512 2021 1579 2089 in
1613 2043 1984 2090 commune
2016 2022 2461 2111 pauperibuS,
2496 2035 2685 2111 prout
2706 2018 2902 2089 facultas

458 2112 887 2200 suppetebat,
924 2109 1395 2197 eleemosynas
1432 2109 1873 2198 largiebatur,
1901 2110 2238 2180 delectum
2276 2123 2502 2179 tamen
2533 2124 2901 2202 eorum.th

458 2200 865 2268 xenodochii
922 2197 1274 2267 domicilio
1329 2198 1656 2278 donaret,
1717 2221 2047 2285 perquam
2117 2198 2520 2285 diligentem
2571 2199 2819 2288 agebat:
2853 2212 2900 2259 ns

460 2290 893 2376 potissimum
945 2287 1345 2374 assumptis,
1384 2288 1505 2373 qui
1544 2287 1639 2355 vel
1678 2287 2101 2356 Christianae
2162 2288 2518 2377 religionis
2567 2288 2772 2357 studio
2811 2302 2901 2379 ας·

460 2378 618 2445 teris
658 2376 1087 2457 excellerent,
1132 2375 1230 2445 vel
1259 2375 1504 2466 magis
1555 2375 2036 2445 valetudinarii
2086 2390 2339 2447 essent.
2381 2383 2427 2446 E
2474 2378 2721 2464 quibus
2751 2374 2902 2460 despl-

455 2466 838 2535 catissimos
907 2487 1218 2552 quosque
1280 2487 1555 2534 mensae
1620 2466 1936 2555 propriae
2011 2469 2252 2535 crebro
2316 2466 2743 2535 adhibentem
2800 2479 2902 2556 cun

459 2555 781 2644 magister
822 2554 1219 2623 rusticitatis
1252 2567 1591 2644 argueret,
1641 2553 1758 2622 illa
1793 2554 2181 2642 respondit:
2224 2557 2431 2624 Orare
2479 2555 2838 2645 plurimum,
2867 2543 2906 2614 ¹¹

454 2665 672 2729 aequo
708 2643 907 2711 ferret
937 2642 1192 2711 animo,
1233 2647 1314 2710 Se
1343 2643 1622 2729 quidem
1662 2643 2012 2712 reminisci
2060 2643 2493 2722 deliciarum,
2532 2666 2701 2730 quas
2747 2640 2904 2709 suis&

454 2731 863 2817 aliquandiu
896 2743 1170 2800 sectata:
1217 2731 1454 2799 decere
1489 2732 1634 2817 jam
1687 2732 2098 2801 strictiorem
2138 2732 2479 2819 praeferre
2513 2735 2733 2801 vitam.
2766 2727 2900 2798 Scire.

454 2820 817 2888 contrariis
860 2818 1077 2888 solere
1123 2821 1352 2889 curari
1402 2820 1768 2897 contraria,
1816 2833 1882 2889 et
1929 2821 2366 2910 splendorem
2412 2835 2704 2890 veterum
2751 2833 2908 2908 connj

457 2909 748 2989 viorum,
791 2908 1127 2996 praesenti
1181 2929 1561 2999 pauperum
1613 2908 1929 2994 squalore
1977 2910 2327 2978 emendari
2381 2903 2906 2994 sustollique.Sih

457 2996 696 3064 talium
761 2997 1201 3065 convivarum
1258 2996 1641 3086 praesentia
1696 3011 1759 3065 et
1809 2997 2163 3067 fastidium
2217 2997 2487 3067 nullum
2539 2995 2906 3088 generari.d

456 3084 745 3185 gratiam
804 3086 1111 3154 numinis
1167 3085 1426 3175 augeri.
1485 3091 1780 3153 Cernens
1831 3087 2042 3186 igitur
2091 3087 2398 3176 prudens
2457 3087 2785 3177 magister,
2828 3091 2912 3177 ‘⁰⁸3⁶

459 3173 645 3242 illam
700 3175 854 3242 nisu
898 3196 1014 3263 per
1048 3175 1314 3262 pietatis
1347 3196 1555 3263 opera
1604 3174 1684 3241 ad
1720 3175 2204 3245 celsitudinem
2255 3187 2533 3244 sanctae
2570 3172 2910 3264 perfectionis

454 3262 886 3340 contendere,
932 3263 1320 3332 curandum
1383 3284 1634 3352 magno
1689 3285 1799 3332 ere
1864 3264 2146 3354 putavit,
2209 3286 2291 3333 ne
2340 3264 2505 3351 quid
2562 3265 2720 3333 huic
2762 3262 2916 3330 inten-

458 3352 624 3420 tioni
677 3351 776 3420 vel
825 3352 1091 3421 abesset
1137 3352 1340 3431 utile,
1403 3351 1504 3420 vel
1570 3374 1604 3419 a
1662 3365 1838 3421 esset
1899 3352 2166 3422 inutile.
2231 3352 2528 3421 Proinde
2585 3348 2910 3440 expendens.

454 3451 712 3526 quanto
760 3441 845 3510 sit
895 3440 1386 3529 impedimento
1429 3439 1776 3526 spirituali
1835 3442 2031 3520 vitae,
2089 3441 2350 3530 privata
2406 3462 2572 3530 erga
2629 3438 2916 3511 familiare}

454 3543 518 3597 et
551 3529 811 3598 amicos
842 3529 1130 3609 affectio,
1169 3529 1345 3598 duas
1380 3528 1480 3597 illi
1518 3530 1804 3597 comites
1853 3529 2275 3599 Isintrudem
2309 3542 2373 3598 et
2403 3534 2673 3610 Gutam,
2704 3541 2911 3620 quarum

460 3629 723 3704 praeter
749 3630 1048 3687 caeteras
1076 3617 1412 3707 singulari
1445 3617 1857 3686 tenebantur
1883 3640 2141 3698 amore,
2168 3619 2683 3704 quamprimum
2714 3616 2910 3685 ademit.

455 3712 681 3775 Testes
739 3720 902 3776 sunt
950 3705 1293 3794 lacrymae
1340 3707 1666 3793 utrinque
1732 3707 2052 3795 profusae
2082 3762 2097 3787 ‚
2141 3708 2306 3792 quid
2357 3721 2423 3775 et
2469 3706 2790 3775 charitatis
2841 3701 2916 3766 ha·

458 3795 746 3864 buerint‘
775 3796 1081 3882 junctae,
1121 3808 1186 3862 et
1232 3793 1488 3864 doloris
1546 3797 1890 3864 senserint
1940 3809 2318 3885 separatae.
2374 3795 2796 3864 Exercebatur
2831 3790 2912 3857 hoe

458 3896 588 3952 tam
643 3883 921 3974 lugubri
954 3882 1243 3952 divortio
1278 3884 1494 3952 virtus
1530 3882 1980 3966 obedientiae,
2021 3906 2199 3970 quae
2247 3884 2346 3953 illi
2381 3884 2466 3952 ad
2510 3883 2906 3953 sublimitatem

456 3971 733 4041 divinae
781 3972 1382 4061 contemplationis
1431 3972 1952 4058 acquirendam,
1991 3972 2284 4061 gradum
2324 3985 2504 4042 esset
2551 3972 2783 4041 factura
2816 3984 2908 4035 cer·

456 4061 829 4130 tissimum.
876 4067 1050 4151 Ergo
1090 4061 1406 4150 geminae
1442 4060 1932 4130 familiaritatis
1965 4061 2285 4130 destituta
2321 4061 2585 4142 solatio,
2621 4055 2902 4144 etquidem

454 4150 881 4238 gratissimo,
943 4150 1124 4220 velut
1173 4149 1761 4240 aggeris‘objectu
1814 4150 2287 4240 praepeditum
2348 4150 2654 4236 undique
2698 4149 2897 4215 flumen.

458 4238 669 4305 altius
729 4240 1098 4318 excrescit,
1162 4240 1501 4324 discitque
1552 4260 1851 4327 superne
1898 4238 2308 4329 deposcere,
2367 4237 2690 4325 quicquid
2744 4234 2900 4323 minus

460 4324 640 4393 infra
688 4327 1012 4412 consequi
1064 4329 1612 4416 permittebatur.
1653 4328 2016 4398 Convictus
2059 4328 2158 4397 illi
2212 4328 2488 4417 posthac
2531 4349 2683 4397 cum
2712 4316 2899 4393 ancillis

509 4451 533 4475 *v
564 4449 807 4499 Hodieque
829 4452 1058 4502 Mar-pm.
1084 4453 1158 4493 vel
1179 4454 1397 4504 Hor-bury
1419 4456 1632 4502 vocatur.
1656 4455 1706 4494 tn
1726 4455 1802 4496 Mo
1819 4455 2002 4502 mutina
2022 4452 2243 4496 dioecesi.
