2993 4837
226 249 303 326 ἢ

351 3356 355 3361 ’
410 3320 587 3402 tifex,
644 3334 708 3391 et
757 3322 1191 3411 Magistratus
1240 3321 1308 3389 in
1359 3324 1486 3389 Ecc

514 289 636 355 Ι136
1255 304 1332 350 nn
1380 304 1435 351 s.
1489 301 1728 351 canoto
1776 302 2106 352 ammoneo
2661 282 2815 352 NOV.
2853 287 2882 352 l

422 391 787 471 contentio,
814 403 891 460 ut
917 389 1016 460 vel
1043 387 1428 460 scribendis
1453 388 1539 458 ad
1572 388 2031 490 Apostolicum
2059 387 2580 457 Internuncium
2609 387 2674 457 in
2694 388 2894 478 Rima-

422 483 574 552 nias
614 480 878 561 litteris,
918 477 1330 567 scriptisque
1362 477 1519 547 aliis
1553 478 1925 558 mittendis,
1959 477 2216 566 quibus
2250 476 2460 558 varia,
2511 495 2681 566 quae
2706 491 2898 548 eontra

425 572 442 639 i
498 592 651 640 sum
687 624 703 649 ‚
769 568 935 658 Regi
986 566 1451 638 reserebantur
1483 622 1499 649 ‚
1552 579 1996 656 coargueret3
2049 565 2401 636 assiduam
2462 586 2630 655 pene
2669 581 2904 655 operam-

467 680 581 728 are
622 670 999 748 cogeretur.
1054 661 1121 726 Is
1151 670 1296 726 erat
1322 655 1621 726 Joannes
1653 655 1947 745 Baptista
1979 660 2348 724 castaneus
2385 654 2900 745 Archiepiscopus

418 746 912 818 Ruscianensis
945 800 961 827 ,
1015 745 1488 827 humanitate,
1544 743 1918 834 religione,
1979 743 2383 833 judicioque
2445 743 2548 811 vir
2595 743 2662 812 in
2705 742 2904 833 primis

418 835 1091 926 praestantissimu3‚
1191 835 1264 904 ui
1301 855 1525 925 nuper
1558 833 1739 903 Sixto
1774 844 2064 914 mortu0,
2102 832 2172 902 in
2209 832 2546 902 altissima
2577 831 2744 901 Petri
2772 829 2906 902 Sede

417 924 813 1005 collocatuS‚
861 924 1102 1015 paucis
1190 923 1407 1004 iebus,
1451 935 1664 992 morte
1704 921 2021 992 sublatus
2052 933 2175 991 est.
2216 925 2423 990 Erant
2455 920 2639 1010 apud
2669 925 2900 1010 Regem,

418 1028 484 1084 et
530 1014 681 1104 ejus
728 1011 1041 1094 consilia,
1092 1013 1214 1169 qui
1260 1011 1365 1080 vel
1415 1010 1482 1080 id
1546 1010 1943 1101 praedicare
1991 1031 2125 1079 non
2188 1009 2624 1090 dubitarent,
2673 1009 2910 1079 omnino

420 1103 843 1194 provinciam
897 1101 1112 1172 Medio
1144 1122 1496 1180 anensem,
1550 1100 1739 1170 salva
1777 1099 1982 1190 Regis
2026 1099 2447 1180 auctoritate,
2485 1097 2910 1168 administrari

422 1213 557 1261 non
610 1212 830 1280 posse,
884 1189 1019 1259 nisi
1054 1189 1288 1260 Carolo
1322 1188 1545 1278 pulso.
1586 1189 1815 1259 Totius
1848 1200 2078 1258 autern
2118 1209 2364 1257 sensus
2411 1188 2546 1268 sui,
2589 1205 2910 1273 rerumque

419 1279 747 1351 ecclesiae
804 1278 1328 1348 Mediolanensis
1368 1277 1698 1347 rationem
1749 1277 1914 1366 Regi
1965 1276 2189 1347 fusius
2250 1277 2514 1366 aperire
2553 1274 2908 1354 constituit:

418 1381 497 1440 ut
530 1388 652 1458 pro
701 1367 1020 1458 religiosa
1050 1366 1397 1437 voluntate
1427 1387 1578 1447 sua,
1618 1378 1953 1453 quantum
2006 1365 2073 1434 in
2106 1386 2186 1435 eo
2214 1377 2411 1445 esset,
2452 1365 2662 1435 tantis
2691 1365 2910 1433 incom-

422 1457 646 1528 modis
687 1457 1094 1526 mederetur.
1149 1455 1418 1545 Optimo
1466 1455 1679 1545 igitur
1725 1454 2043 1534 Antistiti,
2101 1452 2429 1543 valdeque
2483 1454 2709 1523 amico
2752 1473 2910 1521 man·

422 1546 578 1617 data
615 1545 824 1627 dedit,
876 1567 1175 1633 quorum
1208 1544 1338 1614 fuit
1370 1543 1539 1613 hacc
1573 1565 1872 1614 summa:
1910 1565 1946 1609 «
1980 1542 2163 1630 quod
2199 1543 2785 1633 perturbationum
2815 1544 2918 1609 He·

419 1635 956 1715 diolanensium,
990 1643 1168 1723 quae
1190 1632 1353 1723 Regi
1386 1645 1583 1703 notae
1609 1632 1774 1702 satis
1802 1645 2018 1711 erant,
2060 1631 2334 1722 culpam
2371 1632 2439 1699 in
2474 1653 2571 1712 se,
2604 1642 2910 1717 tamquam

421 1724 624 1813 Regis
687 1743 930 1814 parum
997 1721 1425 1802 studiosum,
1496 1720 1841 1807 alienique
1896 1720 2078 1810 juris
2141 1733 2621 1810 appetentem,
2673 1717 2860 1806 quida

422 1812 786 1882 transferre
832 1824 1278 1880 conarentur:
1337 1809 1562 1900 primo
1609 1810 1741 1880 sibi
1798 1809 2150 1879 conscium
2203 1830 2400 1888 esse:
2467 1830 2640 1878 suae
2678 1807 2742 1876 id
2790 1804 2878 1875 vit'

420 1901 569 1971 fleri
619 1923 751 1971 non
803 1921 1002 1990 posse
1042 1898 1429 1980 voluntatiS‚
1483 1918 1694 1987 quam
1745 1919 1911 1967 sane
1955 1897 2284 1987 optimam
2325 1919 2487 1987 erga
2540 1896 2858 1967 Catholica

420 1991 831 2080 Majestatem
885 1988 1322 2058 haereditatis
1373 1987 1572 2077 quasi
1613 1989 1775 2076 jure
1831 1986 2203 2075 accepisset
2244 2007 2284 2054 a
2323 1986 2708 2075 majoribus
2753 1984 2872 2054 suis

417 2080 700 2169 ipseque
748 2077 1043 2147 maxime
1087 2077 1399 2147 omnium
1450 2088 1925 2156 conservaret,
1981 2074 2069 2144 ob
2105 2096 2209 2156 ea,
2259 2095 2437 2162 quae
2481 2074 2552 2142 in
2606 2073 2824 2145 Gibert

415 2168 565 2258 eJus
617 2180 874 2258 patrem
910 2221 925 2248 ,
981 2166 1378 2236 Federicum
1428 2163 1701 2234 fratrem
1737 2220 1752 2244 ‚
1807 2165 1874 2232 in
1938 2185 2013 2233 se
2057 2163 2335 2233 demum
2398 2164 2808 2253 agnoscebat

414 2256 650 2326 eadem
704 2255 1184 2326 liberalissime
1230 2253 1476 2324 collata
1530 2253 1894 2333 beneficia;
1947 2273 2150 2339 quam
2202 2253 2403 2321 etiam
2456 2257 2716 2322 Romae
2758 2249 2888 2318 olim

414 2366 550 2436 quo
599 2345 769 2427 loco,
806 2356 870 2413 et
904 2357 1034 2413 tem
1048 2364 1229 2434 pore,
1270 2364 1501 2433 opera,
1535 2354 1600 2412 et
1647 2341 1892 2412 officiis
1940 2341 2086 2410 suis
2121 2339 2336 2410 multo
2371 2339 2624 2410 melius
2659 2339 2922 2442 poterat,'

414 2457 485 2505 re
526 2436 676 2525 ipsa
716 2433 989 2524 saepius
1022 2432 1453 2503 ostendisset.
1508 2431 1722 2501 Alieni
1762 2429 2172 2521 usurpandi,
2234 2452 2412 2517 quae
2443 2430 2785 2519 cupiditas
2826 2449 2855 2496 a

415 2523 714 2613 suspicio
765 2522 832 2591 in
884 2521 1081 2591 illum
1133 2520 1447 2602 caderet,
1505 2521 1623 2607 qui
1679 2521 1915 2591 omnia
1968 2541 2093 2589 sua
2141 2519 2274 2589 sibi
2325 2518 2773 2605 relinquenda
2813 2538 2841 2585 s

414 2624 680 2693 tuerat,
736 2624 813 2680 ut
868 2615 998 2680 Deo
1053 2610 1361 2690 liberius»,
1417 2609 1883 2696 ecclesiaeque
1930 2608 2061 2677 sibi
2111 2608 2520 2679 commissae
2574 2619 2795 2696 posset
2834 2604 2886 2672 in

412 2701 718 2770 servire?
763 2721 1058 2768 errorem
1105 2700 1311 2769 etiarn
1361 2699 1492 2768 sibi
1541 2698 1778 2769 abesse
1813 2696 2049 2777 videri,
2090 2719 2250 2767 cum
2301 2696 2461 2765 viris
2512 2692 2882 2785 peritissimi

410 2789 481 2857 in
528 2790 687 2879 Jure
734 2809 860 2857 suo
909 2788 1112 2878 plane
1170 2787 1649 2878 cognoscendo
1710 2798 2035 2857 uteretur.
2099 2790 2148 2856 N
2242 2806 2324 2854 ue
2376 2806 2449 2853 se
2509 2782 2912 2854 concordiam

410 2898 566 2946 cum
619 2877 830 2967 Regio
879 2876 1274 2966 Magistratu
1318 2875 1706 2967 negligere:
1761 2876 1973 2944 immo
2014 2894 2194 2975 quoa
2286 2886 2529 2963 posset,
2586 2873 2886 2963 diligente

412 2986 695 3046 curare;
749 2966 949 3055 cujus
1004 2963 1268 3049 fructus
1318 2966 1386 3034 in
1437 2965 1722 3035 ecclesia
1788 2961 2336 3033 administranda
2390 2961 2720 3033 omnibus
2777 2976 2894 3029 esse

409 3053 868 3135 manifestus;·
905 3067 1313 3156 argumento
1345 3075 1494 3123 esse
1528 3053 1626 3123 vel
1662 3054 1812 3143 ejus
1852 3052 2275 3142 patientiam,
2327 3072 2464 3137 qua
2497 3049 2777 3120 biennio
2797 3049 2912 3137 jam

408 3142 477 3212 in
513 3143 750 3213 multis
783 3143 1109 3215 ecclesiae
1146 3143 1424 3212 damnis
1469 3164 1547 3212 ac
1579 3141 1853 3233 injuriis
1887 3141 2317 3211 utebatur....
2350 3161 2386 3207 »

496 3234 533 3320 ξ
583 3238 746 3305 88.
804 3237 973 3302 Dum
1009 3232 1193 3301 haec
1242 3230 1324 3300 ad
1378 3236 1472 3300 Re
1524 3253 1627 3301 em
1680 3232 2062 3301 afferuntur
2095 3283 2110 3310 ,
2164 3227 2330 3298 dum
2368 3240 2732 3298 cunctatur
2777 3231 2910 3295 Pon·

1475 3254 1698 3390 §esiae
1754 3318 2401 3408 Archiepiscopique
2459 3316 2732 3417 injuriis
2778 3333 2908 3383 con·

408 3410 677 3492 nivent,
722 3409 857 3479 alia
900 3409 1117 3479 multo
1165 3409 1540 3490 acerbiora,
1597 3428 2014 3499 prorsusque
2061 3405 2485 3476 detestabilia
2520 3427 2590 3473 tn
2636 3402 2908 3475 Carolum

406 3510 670 3597 patrata
719 3511 903 3568 sunt.
973 3497 1330 3568 Humiliati
1393 3497 1673 3586 optimis
1722 3496 2001 3586 quidem
2063 3494 2329 3586 legibus
2377 3494 2689 3575 astricti,
2749 3484 2908 3560 etad

400 3587 736 3667 instituta,
786 3585 1148 3676 officiaque
1200 3608 1325 3656 sua
1367 3586 1630 3656 reducti
1677 3599 1918 3665 erant;
1973 3584 2086 3656 sed
2123 3595 2460 3673 quantum
2511 3583 2615 3652 vis
2661 3586 2903 3679 poterat.

394 3674 526 3745 alia
562 3677 747 3746 enim
784 3688 927 3746 erat
962 3676 1276 3745 voluntas
1308 3698 1323 3757 ;
1362 3676 1734 3762 omniaque
1765 3674 2151 3751 movebant,
2191 3685 2266 3743 ut
2292 3671 2375 3742 ad
2406 3671 2734 3743 usitatum
2767 3680 2905 3735 vitae

399 3785 621 3854 genus
671 3777 950 3855 possent
998 3785 1371 3833 recurrere.
1427 3763 1635 3833 Multa
1685 3762 1965 3834 Carolus
2012 3762 2192 3842 fecit,
2249 3761 2530 3831 tentavit
2578 3760 2806 3835 multa,
2849 3762 2905 3821 ut

399 3872 550 3923 vere
597 3853 908 3924 ordinem
946 3853 1030 3922 ad
1082 3864 1369 3922 veterem
1420 3874 1759 3935 normam,
1815 3863 2210 3938 rectamque
2258 3848 2698 3938 disciplinam
2753 3862 2906 3914 revo-

397 3956 578 4011 caret
610 3967 625 4024 ;
680 3943 763 4012 de
804 3944 1004 4012 bonis
1038 3941 1396 4011 monachis
1428 3963 1510 4010 ex
1543 3941 1677 4011 alio
1708 3941 1951 4012 ordine
1983 3940 2362 4028 unicuique
2391 3937 2714 4007 coenobio
2748 3952 2903 4029 prat}-

394 4029 710 4102 ficiendis
763 4031 948 4121 egit,
1002 4031 1086 4100 de
1138 4032 1315 4100 bono
1365 4031 1606 4101 ordine
1638 4052 1795 4099 cum
1829 4051 1907 4099 eo
1954 4027 2476 4129 conjungendo,
2540 4028 2625 4096 de
2672 4023 2903 4093 novitus

396 4119 652 4208 optime
687 4120 1136 4190 instituendis
1167 4142 1182 4201 ;
1236 4119 1470 4189 omnia
1505 4141 1746 4208 parum
1787 4118 2008 4187 valere
2046 4116 2452 4187 videbantur
2483 4114 2568 4183 ad
2603 4113 2896 4185 ordinem.

396 4207 767 4278 inveterata
812 4208 958 4296 jam
1010 4208 1535 4289 consuetudine,
1578 4229 1821 4278 rursus
1869 4204 2403 4281 inflectendum:
2455 4204 2780 4293 optimum
2822 4194 2898 4291 sq·

396 4311 512 4367 ctu
561 4310 706 4366 erat
760 4319 877 4385 per
927 4297 1338 4367 novitiorum
1391 4297 1890 4366 institutionem
1943 4293 2588 4383 successionemque
2633 4281 2896 4374 discipl:-

400 4407 557 4455 nam
609 4386 998 4455 restituere:
1055 4384 1170 4453 sed
1228 4385 1434 4454 nimis
1495 4385 1565 4454 id
1635 4384 1916 4474 longum
1970 4384 2350 4453 videbatur.
2406 4382 2695 4451 Omnino
2753 4366 2888 4444 illud
