2993 4837
48 342 191 409 NOV.
248 343 327 406 ⁴8
867 361 944 406 nn
993 362 1049 407 s.
1104 360 1361 408 nonme
1409 360 1698 407 marvan
2339 345 2469 410 573

44 445 103 515 ad
133 444 548 531 superiorem
581 444 903 514 laetitiam
934 446 1118 514 lieret
1153 446 1473 514 accessio.
1515 445 1799 514 Biennio
1827 444 1987 514 inde
2022 445 2283 534 elaps0‚
2315 445 2558 518 multis

46 534 331 602 virtutum
396 536 822 603 ornamentis
881 534 1171 605 illustris
1235 540 1304 603 B.
1373 534 1726 613 Auienus,
1779 548 1926 623 post
1986 535 2283 603 calcatos
2334 535 2556 605 seculi

42 623 277 703 linctus,
321 624 470 711 jam
524 625 847 692 emeritus
900 624 1119 704 miles,
1177 624 1407 693 carnis
1462 624 1752 692 nexibus
1792 623 2176 712 expeditus,
2236 625 2557 713 migravit

41 711 102 780 ad
152 713 368 782 coelos
408 711 466 792 *,
525 713 610 782 ab
664 727 937 781 aeterno
999 725 1063 781 et
1124 712 1492 781 immortali
1562 718 1741 802 Rege
1806 713 2202 782 seculorum
2267 713 2560 801 amplis-

41 801 179 869 sima
224 801 525 887 praemia
584 815 1007 890 recepturus.
1069 802 1397 871 Conditus
1452 816 1683 870 autem
1734 813 1836 872 est
1884 802 2203 890 sepulcro
2255 802 2336 870 ad
2376 803 2558 870 occi-

41 887 343 959 dentalem
422 889 621 959 urbis
700 891 1209 960 Aurelianensis
1293 890 1567 981 plagam
1642 891 1709 958 in
1773 891 2153 959 beatissimi
2228 892 2557 980 martyris

42 980 340 1047 Laurentii
376 979 571 1058 aede,
628 980 746 1048 ubi
802 981 1198 1048 meritorum
1235 980 1388 1067 ejus
1441 980 1923 1068 praestantiam
1961 980 2269 1048 Christus
2324 980 2557 1048 multi-

42 1066 168 1154 plici
227 1067 723 1136 miraculorum
787 1069 1005 1155 gloria
1070 1068 1463 1137 declaravit.
1535 1074 1765 1137 Postea
1827 1080 2172 1137 crescente
2240 1068 2554 1138 fidelium

42 1154 377 1236 devotione,
426 1156 515 1224 ad
547 1157 944 1225 orientalem
986 1158 1278 1226 civitatis
1313 1170 1572 1247 partem
1617 1170 1924 1228 extructo
1968 1156 2224 1244 templo
2263 1157 2549 1246 insigni,

44 1265 254 1331 corpus
310 1247 506 1314 illius
557 1267 636 1314 eo
695 1246 1101 1315 translatum
1158 1260 1284 1326 est,
1342 1247 1607 1315 Christo
1675 1259 1995 1335 pergente
2054 1246 2552 1315 miraculorum

49 1332 226 1415 signis
271 1335 644 1402 mirificare
675 1350 989 1404 sanctum
1032 1358 1279 1404 suum:
1337 1337 1462 1417 Qui
1502 1356 1663 1404 cum
1708 1341 1901 1404 Patre
1930 1348 1994 1405 et
2021 1335 2285 1424 Spiritu
2309 1340 2555 1405 Sancto

48 1421 176 1489 vivit
217 1435 275 1491 et
316 1436 560 1514 regnat
615 1424 678 1491 in
725 1422 953 1492 secula
992 1423 1410 1503 seculorum,
1454 1429 1687 1493 Amen.

117 1512 269 1594 §R
321 1518 620 1581 Sanctus
680 1514 984 1581 Anianus
1047 1514 1340 1582 civitatis
1404 1512 1809 1581 Viennensis
1861 1511 2190 1603 indigena
2258 1512 2436 1593 fnit,
2488 1526 2559 1582 et

50 1600 406 1685 parentibus
457 1600 814 1670 nobilibus
861 1602 1226 1669 oriundus.
1280 1602 1487 1689 Cujus
1538 1623 1910 1687 germanus
1941 1615 2221 1669 sanctus
2273 1602 2557 1671 Leonia-

50 1705 177 1764 nus,
222 1690 434 1758 Abbas
481 1690 634 1759 fuit.
698 1696 989 1760 Sanctus
1028 1692 1334 1759 Anianus
1387 1692 1450 1757 in
1504 1690 1963 1759 adolescentia
2019 1691 2257 1758 videns
2309 1691 2558 1759 mundi

52 1771 282 1847 fallaces
334 1779 613 1849 divitias
660 1801 807 1849 esse
843 1834 858 1858 ‚
911 1802 1240 1869 respuens
1280 1788 1418 1858 e'as,
1468 1792 1654 1847 extra
1719 1781 2056 1849 civitatem
2097 1779 2339 1847 cellam
2393 1803 2560 1848 con—

52 1866 288 1933 struxit:
343 1868 460 1935 ubi
536 1874 664 1937 Deo
716 1869 1005 1936 fideliter
1055 1869 1328 1937 servivit
1386 1869 1624 1937 multis
1675 1870 1904 1937 annis,
1963 1868 2262 1949 Deinde,
2317 1869 2562 1938 audita

56 1948 201 2021 fama
244 1958 622 2025 sanctitatis
668 1958 841 2025 beati
892 1958 1209 2037 Evurcii‚
1278 1957 1462 2027 venit
1508 1956 1593 2025 ad
1643 1979 1801 2026 eum
1832 2009 1853 2037 ,
1907 1969 1974 2026 et
2022 1957 2303 2027 demum
2369 1959 2435 2027 ei
2487 1959 2556 2026 in

60 2043 416 2125 pontificatu
465 2047 824 2116 successit.

665 2393 1282 2495 MARTYlllUM
1354 2394 1429 2493 S.
1506 2393 1898 2495 RottftNt

61 2655 118 2702 Ex
153 2659 645 2713 ECCLESIASTICAE
692 2665 1029 2711 HISTORIAE
1078 2665 1325 2712 EUSEBll
1373 2665 1835 2713 CAESAREENSIS
1886 2666 2006 2712 Lm.
2062 2665 2200 2723 vm,
2245 2664 2384 2712 CAP.
2439 2665 2551 2712 xn-

480 2773 871 2819 INTERPRETE
918 2772 1159 2819 JOANNE
1208 2773 1805 2820 CHRISTOPHORSONO
1853 2774 2084 2820 ANGLO.
2171 2737 2180 2746 ·

312 2981 644 3049 martyrio
688 2984 1058 3038 coronatus
1100 2995 1229 3037 sec.
1259 2982 1358 3036 IV
1384 2981 1663 3036 ineunte
1690 3010 1767 3021 —
1794 2981 2251 3039 Palaestinas,

127 3190 157 3273 ξ
200 3196 265 3262 1.
308 3200 680 3276 RomanuS,
734 3196 1164 3267 Palaestinus
1213 3217 1483 3286 genere,
1521 3195 1860 3265 Ecclesiae
1888 3197 2363 3265 Caesareensis
2407 3197 2558 3266 Dia—

65 3295 238 3372 conus
282 3299 339 3354 et
366 3287 724 3365 exorcista,
781 3309 937 3354 cum
996 3286 1246 3375 pariter
1288 3286 1679 3354 Antiochiae
1730 3286 1795 3352 in
1847 3285 2293 3353 ecclesiarum
2342 3301 2554 3354 vasta-

66 3373 211 3459 lione
255 3371 412 3443 forte
452 3391 837 3445 versaretur
870 3374 961 3449 ⁴⁴⁸,
1000 3375 1395 3463 complures
1447 3376 1627 3442 viros
1663 3374 1868 3442 simul
1905 3396 2063 3443 cum
2118 3374 2447 3442 uxoribus
2493 3386 2558 3444 et

67 3447 647 3551 liberis‘acervatim
685 3464 766 3531 ad
816 3462 1156 3532 idolorum
1209 3462 1496 3532 delubra
1553 3477 2017 3551 properantes,
2056 3476 2121 3531 et
2159 3462 2397 3530 iisdem
2440 3462 2558 3532 ho·

67 3553 196 3642 snas
250 3548 670 3622 immolantes
726 3555 1064 3632 intuitus,
1126 3552 1599 3639 spectaculum
1673 3553 2070 3638 neutiquam
2128 3551 2559 3620 tolerandum

67 3628 387 3708 arbitratus
432 3656 577 3711 est:
640 3655 708 3710 et
770 3658 1127 3731 propterca
1176 3641 1516 3730 singulari
1573 3641 1840 3729 pietatis
1903 3641 2136 3709 studio
2201 3640 2554 3720 incensus,

67 3723 285 3817 accedit
314 3731 613 3818 propius,
650 3742 713 3799 et
748 3753 997 3818 magna
1038 3751 1194 3798 voce
1234 3730 1653 3809 exclamans,
1693 3752 1808 3798 eos
1843 3730 2140 3820 graviter
2179 3728 2550 3816 redarguit.

68 3805 169 3900 Qu
214 3831 469 3904 propter
522 3821 646 3888 hoc
700 3833 832 3887 tam
887 3819 1110 3887 audax
1162 3818 1429 3887 facinus
1484 3819 1887 3907 prehensus,
1952 3817 2554 3906 generosissimus,

70 3909 113 3956 ⁸¹
153 3903 487 3989 quisquam
538 3909 740 3984 alius,
783 3909 968 3976 testis
1011 3908 1400 3976 declaratur
1434 3907 1755 3975 veritatis,
1793 3912 1957 3975 Nam
1992 3929 2147 3975 cum
2193 3906 2407 3994 judex
2457 3903 2562 3940 *⁴⁸*

70 3996 310 4086 mortem
359 3995 453 4063 illi
510 3997 686 4084 ignis
733 3996 1053 4064 incendio
1107 3995 1551 4085 infligendam
1603 3996 2150 4085 pronunciasset,
2204 3995 2316 4061 ille
2368 3993 2562 4063 vultu

72 4060 326 4175 hilaritet
370 4085 594 4154 animo
645 4086 937 4153 maxime
991 4087 1183 4162 lactc,
1220 4085 1626 4152 sententiam
1684 4084 1926 4152 lubens
1970 4083 2425 4171 atnplexatus,
2473 4082 2559 4150 ad

77 4163 355 4265 supplicii
420 4172 636 4244 locum
702 4174 1089 4242 abducitur.
1163 4174 1411 4241 Deinde
1472 4173 1593 4241 ubi
1660 4173 1988 4260 alligatur
2047 4173 2131 4240 ad
2201 4171 2561 4261 palum,et

78 4237 209 4316 dum
241 4252 410 4344 ligna
454 4262 547 4331 illi
598 4263 1047 4332 circumcirca
1086 4261 1689 4344 coacervabantur,
1734 4276 1798 4331 et
1850 4263 1917 4330 bi
1954 4263 2071 4348 qui
2120 4261 2562 4330 incenderent

112 4403 395 4503 ’.ἒ-ἒῦῑὶῑιῆε
410 4423 587 4484 obiisse
601 4424 788 4467 videtur
808 4437 931 4468 anuo
952 4429 1042 4468 453.
1330 4425 1385 4454 *⁸
1413 4427 1545 4466 Anno
1574 4427 1664 4473 ³03.
1690 4422 1984 4466 Diocletiano
2012 4426 2288 4479 tmperante.

238 4477 357 4514 omen
383 4486 421 4516 ei
448 4480 761 4530 Ascleptndes.
