2993 4837
24 364 171 427 ‚toll
229 365 298 426 ll
741 384 816 428 na
866 386 920 428 s,
976 384 1251 430 manno
1303 385 1397 429 ar.
1452 383 1806 431 TURONENffl
2331 372 2462 436 403

24 478 498 556 repugnantem
543 521 557 546 ‚
628 467 1063 556 respondisse
1124 480 1565 537 constanter:
1620 469 1910 555 Antiqua
1960 469 2187 539 debita
2252 473 2551 543 melioris

24 555 162 622 vitae
211 556 670 625 conversione
735 558 1013 645 purgari
1051 611 1065 636 ‚
1118 569 1182 624 et
1232 579 1351 645 per
1400 557 1941 626 misericordiam
1996 561 2265 629 Domini
2302 563 2555 632 absol-

24 643 242 711 vendos
289 666 445 714 esse
502 645 826 734 peccatiS,
880 644 1000 731 qui
1052 667 1330 733 peccare
1360 645 1770 716 desinerent.
1817 651 2053 715 Contra
2099 648 2364 719 dicente
2403 652 2554 719 dia-

24 733 184 799 5010:
236 738 380 801 Non
426 732 771 822 pertinere
806 732 892 801 ad
925 734 1190 802 veniam
1227 734 1660 816 criminosoS,
1697 747 1759 802 et
1794 735 1999 804 semel
2040 736 2249 825 lapsis
2288 739 2547 808 nullam

25 822 347 889 iDomino
403 822 744 910 praestari
790 843 986 911 posse
1024 821 1503 892 clementiam:
1560 836 1721 892 tunc
1754 824 1819 891 in
1860 824 2034 893 hanc
2072 848 2295 895 vocem
2339 829 2551 897 fertur

25 908 482 981 exclamavisse
535 911 906 979 Martinus:
962 933 997 977 «
1033 911 1097 980 Si
1136 913 1406 1000 tuipse,
1463 933 1503 979 o
1556 913 2004 994 miserabilis,
2048 915 2134 983 ab
2185 916 2541 987 bominum

24 997 427 1067 infestatione
480 999 873 1079 desistereS‚
929 1011 995 1068 et
1046 1014 1106 1069 te
1153 999 1487 1069 factorum
1544 1012 1814 1071 tuorum
1869 1002 1967 1069 vel
2023 1003 2145 1071 hoc
2198 1016 2541 1094 tempore,

25 1108 150 1153 euin
196 1086 342 1156 dies
380 1088 642 1174 judicii
693 1088 760 1156 in
817 1088 1123 1177 proximo
1171 1102 1293 1168 est,
1351 1090 1767 1189 poeniteret,
1821 1112 1945 1179 ego
1997 1092 2117 1159 tibi
2160 1115 2332 1173 vere,
2387 1117 2548 1162 con-

24 1174 165 1242 lisus
196 1176 258 1242 in
301 1177 624 1257 Domin0,
664 1176 906 1246 Christi
946 1177 1485 1246 misericordiam
1521 1179 1958 1267 pollicerer.»
1995 1184 2045 1247 O
2077 1202 2280 1265 quam
2316 1196 2549 1252 sancta

24 1261 88 1331 [le
121 1265 380 1333 Domini
423 1266 679 1354 pietate
729 1267 1220 1356 praesumptiO,
1259 1268 1330 1335 in
1361 1288 1495 1353 qua
1528 1269 1649 1337 etsi
1688 1268 2154 1337 auctoritatem
2202 1285 2544 1359 praestare

25 1372 134 1419 non
171 1355 409 1441 potuit,
451 1354 756 1424 ostendit
794 1355 1111 1423 affectum
1148 1359 1159 1422 l

92 1442 298 1527 315.
355 1449 434 1511 Et
485 1445 652 1530 quia
705 1443 787 1512 de
834 1443 1129 1523 diabolo,
1173 1443 1463 1531 ejusque
1512 1444 1778 1513 artibus
1818 1466 2038 1513 sermo
2087 1459 2360 1514 exortus
2416 1460 2538 1528 est,

25 1548 134 1596 non
180 1532 263 1600 ab
314 1554 384 1601 re
434 1533 753 1611 videtur,
811 1533 964 1601 licet
1011 1533 1457 1611 extrinsecus,
1514 1533 1784 1610 referre,
1838 1534 2016 1620 quod
2072 1550 2334 1623 gestum
2387 1550 2535 1605 est:

24 1618 154 1703 quia
201 1632 262 1689 et
308 1621 659 1708 quaedam
713 1621 778 1688 in
817 1636 894 1690 eo
931 1622 1197 1691 Martini
1249 1620 1575 1689 virtutum
1631 1623 1846 1712 portio
1879 1638 2022 1690 est:
2077 1637 2140 1691 et
2191 1646 2295 1692 res
2330 1624 2543 1714 digna

25 1707 324 1778 miraculo
361 1766 375 1790 ,
419 1723 602 1779 recte
655 1710 1021 1778 memoriae
1074 1709 1516 1779 mandabitur
1555 1711 1623 1778 in
1674 1711 2061 1799 exemplum
2118 1714 2425 1792 cavendi,
2484 1715 2542 1783 si

25 1796 158 1880 quid
208 1797 542 1889 deinceps
607 1800 879 1887 uspiam
932 1798 1061 1867 tale
1123 1799 1504 1889 contigerit.
1575 1799 1809 1868 Clarus
1864 1800 2145 1885 quidam
2214 1803 2535 1883 nomine,

31 1882 388 1956 adolescens
441 1887 968 1965 nobilissimuS,
1027 1909 1177 1956 mox
1232 1888 1627 1977 presbyter,
1686 1909 1869 1956 nunc
1918 1888 2096 1956 felici
2148 1888 2382 1957 beatus
2431 1912 2540 1959 ex-

30 1990 216 2053 cessu,
266 1998 427 2045 cum
491 1976 748 2045 relictis
796 1975 1117 2044 omnibus
1168 1998 1238 2046 se
1285 1977 1368 2045 ad
1426 1976 1787 2044 Martinum
1856 1977 2298 2055 contulisset,
2356 1979 2541 2047 brevi

35 2068 294 2149 tempore
343 2066 428 2134 ad
484 2087 841 2135 summum
884 2064 1063 2143 fidei,
1105 2065 1570 2152 virtutumque
1603 2066 1912 2134 omnium
1956 2065 2229 2132 culmen
2267 2068 2534 2136 enituit.

37 2149 226 2235 ltaque
257 2176 414 2222 cum
455 2154 644 2223 haud
680 2153 879 2242 longe
914 2154 1043 2221 sibi
1094 2155 1180 2223 ab
1216 2154 1532 2244 Episcopi
1570 2154 1978 2222 monasterio
2015 2154 2535 2223 tabernaculum

43 2242 483 2323 constituisset,
536 2241 871 2328 multique
912 2242 1151 2311 fratres
1198 2256 1789 2312 commorarentur
1835 2242 2017 2327 apud
2054 2265 2236 2321 eum,
2270 2244 2544 2330 juvenis

43 2326 271 2408 quidam
326 2332 409 2399 ad
467 2354 679 2412 eum,
747 2331 1098 2400 Anatolius
1160 2332 1436 2400 nomine
1472 2387 1486 2409 ,
1547 2332 1678 2399 sub
1747 2331 2161 2421 professione
2223 2333 2541 2400 monachi

41 2432 264 2487 ornnem
317 2420 782 2489 bumilitatem
834 2434 1034 2507 atque
1083 2420 1541 2489 innocentiam
1597 2423 1944 2498 mentitus,
2000 2422 2306 2500 accessit,
2346 2422 2542 2489 babi-

41 2505 296 2592 tavitque
336 2510 751 2597 aliquandiu
795 2509 860 2576 in
918 2531 1287 2578 commune
1332 2531 1488 2578 cum
1548 2510 1853 2578 caeteris.
1902 2511 2088 2589 Dein,
2139 2510 2542 2599 procedente

37 2600 334 2682 tempore,
390 2598 677 2688 angelos
725 2598 906 2686 apud
963 2620 1033 2666 se
1083 2597 1269 2684 loqui
1319 2598 1536 2667 solere
1583 2598 1874 2667 dicebat.
1940 2599 2059 2666 Cui
2117 2621 2272 2667 cum
2330 2598 2533 2668 sidem

39 2680 235 2752 nullus
280 2687 685 2766 adhiberet,
740 2687 960 2777 signis
1024 2686 1494 2772 quibusdam,
1555 2686 1910 2775 plerosque
1972 2687 2054 2754 ad
2114 2687 2536 2757 credendum

37 2773 404 2844 coarctabat.
461 2781 809 2845 Postremo
850 2797 1150 2861 eousque
1203 2776 1551 2863 processit,
1605 2789 1678 2845 ut
1717 2777 1892 2846 inter
1931 2798 2002 2844 se
2050 2799 2127 2844 ac
2168 2781 2374 2846 Deum
2413 2799 2534 2845 an·

39 2856 190 3010 {glos
233 2862 618 2934 discurrere
666 2863 1106 2953 praedicaret.
1161 2867 1448 2950 Jamque
1496 2886 1567 2932 se
1615 2887 1832 2934 unum
1884 2887 1961 2934 ex
2018 2865 2365 2956 prophetis
2419 2868 2538 2934 ba-

111 2947 152 3012 ri
200 2950 476 3022 volebat.
535 2953 771 3022 Clarus
822 2965 1045 3021 tamen
1108 2973 1539 3039 nequaquam
1594 2953 1675 3021 ad
1737 2952 2153 3020 credendum
2216 2954 2365 3044 cogi
2420 2977 2539 3043 po-

47 3039 194 3103 terat.
229 3039 343 3109 Ille
373 3055 600 3110 autem
636 3042 692 3109 ei
731 3043 900 3111 iram
959 3041 1247 3120 Domini,
1304 3054 1368 3110 et
1419 3057 1803 3130 praesentes
1839 3040 2101 3130 plagaS‚
2149 3064 2274 3111 cur
2304 3056 2539 3112 sancto

47 3137 148 3216 non
193 3129 509 3210 crederet,
562 3131 1046 3208 comminatuS,
1107 3143 1444 3216 postremo
1496 3129 1561 3196 in
1619 3129 1792 3198 hanc
1845 3151 2073 3198 vocem
2128 3129 2341 3199 fertur
2386 3153 2536 3200 eru·

47 3225 221 3292 pisse:
275 3240 307 3280 «
339 3223 505 3286 Ecce
541 3218 668 3287 hac
705 3231 896 3287 nocte
931 3232 1179 3286 vestem
1236 3217 1399 3285 mibi
1452 3217 1814 3286 candidam
1863 3218 2192 3286 Dominus
2232 3217 2316 3286 de
2350 3218 2538 3288 coelo

48 3293 215 3380 dabit,
251 3309 382 3390 qua
413 3308 722 3384 indutus,
779 3309 844 3374 in
904 3306 1127 3376 medio
1178 3321 1470 3374 vestrum
1526 3307 1939 3385 diversabor,
1988 3306 2193 3392 idque
2231 3307 2418 3377 vobis
2449 3308 2539 3375 si-

51 3403 222 3467 gnum
267 3395 412 3475 erit,
472 3418 579 3463 me
630 3398 694 3463 in
744 3396 853 3464 Dei
903 3417 1049 3464 esse
1100 3394 1365 3474 virtute,
1418 3395 1534 3481 qui
1592 3396 1697 3463 Dei
1751 3409 1929 3463 veste
1976 3394 2269 3465 donatus
2305 3396 2459 3464 sim.
2500 3419 2535 3461 »

49 3471 181 3542 Tum
212 3500 352 3549 vero
385 3484 671 3572 grandis
707 3485 1015 3553 omnium
1068 3484 1148 3552 ad
1202 3485 1379 3552 hanc
1414 3483 1903 3571 professionem
1938 3485 2347 3573 exspectatio
2380 3483 2527 3552 fuit.

51 3559 242 3648 Itaque
285 3571 363 3639 ad
421 3573 711 3642 mediam
765 3571 900 3642 fere
952 3586 1238 3654 noctem,
1295 3572 1570 3641 fremitu
1606 3573 2083 3641 insultantium
2122 3572 2532 3640 commoveri

29 3665 214 3722 ¹omne
259 3663 736 3731 monasterium
805 3661 949 3731 loco
996 3662 1219 3730 visum
1271 3675 1393 3731 est.
1448 3660 1773 3730 Cellulam
1829 3674 2103 3741 autem,
2165 3682 2302 3747 qua
2352 3660 2534 3729 idem

55 3735 394 3834 adolescens
441 3750 941 3829 continebatur,
979 3751 1237 3819 crebris
1272 3772 1585 3818 cerneres
1635 3750 1888 3818 micare
1944 3749 2353 3828 luminibuS,
2407 3747 2536 3817 fre-

60 3839 348 3919 mitusque
405 3838 467 3906 in
530 3862 604 3907 ea
663 3839 1228 3917 discurrentium,
1285 3853 1349 3908 et
1390 3861 1709 3908 murmur
1756 3837 2100 3924 quoddam
2156 3837 2535 3907 multarum

59 3928 249 4009 ‘'chm
298 3926 720 3996 audiebatur.
769 3928 1042 4008 Deinde,
1089 3929 1261 3997 facto
1301 3928 1597 4008 silentio,
1634 3949 1973 4016 egressus,
2029 3949 2245 3995 unum
2282 3926 2365 3995 de
2399 3926 2530 3994 fra·

66 4003 235 4090 {Ubus
279 4014 613 4084 Sabatium
668 4017 944 4085 nomine
975 4072 989 4097 ,
1045 4017 1128 4085 ad
1190 4040 1261 4085 se
1308 4029 1523 4098 vocat,
1583 4016 2023 4102 tunicamque
2070 4017 2153 4095 ei,
2208 4037 2341 4101 qua
2389 4027 2534 4084 erat

65 4087 339 4185 Jssdutus,
405 4105 719 4173 ostendit.
792 4106 1314 4194 Obstupefactus
1374 4106 1486 4174 ille
1522 4161 1536 4186 ‚
1604 4118 1927 4173 convocat
1974 4118 2317 4173 caeteros:
2390 4104 2537 4191 ipse

69 4185 219 4246 etiam
265 4187 484 4262 Clarus
535 4195 872 4274 accurrit,
926 4194 1368 4281 adhibi-toque
1419 4194 1725 4273 lumine,
1789 4206 2037 4262 vestem
2089 4215 2326 4262 omnes
2374 4192 2535 4261 dili-

68 4280 248 4361 genter
293 4276 680 4370 inspiciunt.
735 4288 888 4351 Erat
936 4295 1161 4352 autem
1213 4305 1486 4353 summa
1538 4282 1844 4363 mollitie,
1901 4282 2194 4352 candore
2233 4283 2481 4350 eximio
2513 4337 2527 4362 ,

73 4364 293 4431 micanti
337 4390 684 4458 purpura:
741 4394 859 4440 nec
912 4384 1179 4451 tamen,
1237 4372 1438 4460 cujus
1504 4384 1680 4440 esset
1776 4374 1999 4441 eneris
2046 4385 2164 4441 aut
2211 4371 2527 4451 velleri5‚

75 4453 274 4520 poterat
317 4458 615 4546 agnosci.
671 4460 1015 4530 Curiosius
1047 4472 1270 4528 tamen
1306 4460 1525 4530 oculis
1560 4473 1678 4529 aut
1777 4462 1958 4550 igitis
1989 4473 2358 4543 attrectata,
2398 4483 2532 4529 non
