2993 4837
53 334 171 398 [ΟΥ.
226 335 263 398 t
821 352 897 397 us
944 352 999 399 s.
1053 350 1293 415 emoto
1343 350 1675 397 nouaousso
2306 335 2431 397 237

53 434 426 524 ngnovissen
468 455 682 528 quam
748 432 835 503 ad
884 454 1025 503 rem
1076 432 1389 504 subsidio
1446 446 1592 503 erat
1644 434 1891 523 capitis
1962 431 2317 503 firmitudo
2349 435 2523 519 ejus·

53 522 200 602 nodi,
237 533 308 591 ut
350 543 513 592 cum
566 521 824 592 multas
862 521 1087 601 horas,
1120 534 1289 612 puta
1329 544 1467 603 sex,
1514 535 1634 592 aut
1679 534 1936 623 septem
1986 522 2111 592 uni
2155 522 2252 591 rei
2291 520 2525 591 dedis-

55 623 121 690 ει,
157 624 285 680 tum
317 611 524 681 etiam
561 610 853 680 minime
889 609 1361 702 defatigatum,
1400 632 1709 701 peneque
1746 622 2095 702 mtegrum
2130 632 2278 681 sese
2322 632 2520 700 prae-

53 711 195 769 varet.
246 703 444 770 Vetus
496 699 939 789 proverbium
1011 699 1465 786 sequebatur:
1520 705 1654 790 Age
1708 699 1889 787 quod
1941 700 2132 790 agis;
2197 700 2288 769 ita
2336 700 2520 769 enim

53 787 268 858 ›erfecte
313 788 566 879 agitur,
627 809 1053 875 quamquam
1105 787 1222 857 ille
1289 810 1411 878 pro
1477 801 1765 857 naturae
1812 788 2110 875 quodam
2163 788 2325 857 vitio
2392 788 2526 859 sibi

53 877 137 946 'ere
176 876 526 958 tribuebat,
559 875 751 966 quod
787 876 917 946 fixe
948 876 1119 947 adeo
1144 877 1213 945 in
1249 898 1452 966 opere
1491 878 1840 967 proposito
1876 889 2354 967 perseveraret.
2394 881 2526 946 Res

54 988 83 1033 n
122 987 332 1036 omnes
386 977 622 1056 partes
662 976 948 1047 versata,
1006 964 1339 1055 pleneque
1386 964 1702 1035 discussa
1756 965 2135 1047 videbatur,
2200 987 2357 1035 cum
2410 965 2526 1034 ille

53 1053 212 1124 ndhuc
249 1055 549 1145 plurima
599 1054 1015 1136 inveniebat,
1046 1076 1224 1141 quae
1260 1054 1500 1125 merito
1534 1053 1836 1134 adderet,
1884 1066 2213 1134 moneret,
2253 1067 2526 1124 contra-

53 1142 253 1213 liceret.
303 1143 681 1233 Scriptum.
736 1142 822 1212 ab
869 1143 1027 1213 aliis
1064 1142 1610 1233 intelligentibus
1697 1142 2051 1222 erlectum,
2091 1155 2156 1213 et
2201 1142 2526 1212 emenda-

54 1252 166 1310 um,
201 1253 347 1302 nam
394 1231 905 1302 consuetudine
953 1253 1080 1300 sua
1128 1232 1505 1301 multorum
1549 1232 1631 1320 ju
1685 1232 1897 1301 icium
1933 1231 2328 1314 adhibebat,
2366 1230 2523 1321 plu-

53 1319 185 1389 *ibus
234 1332 451 1389 tamen
523 1320 701 1390 locis
750 1321 990 1390 merito
1059 1319 1546 1412 corrigendum
1623 1319 2176 1402 demonstrabat,
2243 1321 2265 1389 i
2318 1342 2526 1408 seque

53 1407 306 1489 nutabat,
358 1408 791 1496 limabatque
809 1409 1175 1499 diligenter
1205 1430 1329 1499 pro
1370 1409 1620 1499 negotii
1653 1409 2017 1500 gravitate:
2056 1422 2130 1479 ut
2161 1431 2270 1478 mo
2299 1422 2522 1479 estum

53 1516 192 1585 taepe
230 1509 420 1579 esset,
473 1497 742 1585 quibus
805 1509 942 1566 tam
1002 1497 1298 1587 perfecta
1364 1520 1594 1567 rerum
1659 1498 1923 1589 species
1991 1498 2338 1589 proposita
2388 1518 2521 1567 non

53 1599 186 1664 esset,
232 1599 360 1655 tam
409 1587 537 1656 diu
604 1586 997 1667 immorari,
1063 1609 1142 1657 ac
1184 1608 1318 1657 non
1392 1586 1663 1655 tandem
1726 1587 2037 1677 probare,
2097 1586 2521 1673 modumque

53 1693 258 1759 ponere.
308 1679 392 1744 Ac
440 1675 784 1745 diuturna
813 1674 1092 1762 quidem
1148 1677 1216 1745 in
1270 1674 1506 1745 dubiis
1553 1677 1759 1745 rebus
1815 1677 2134 1745 utebatur
2191 1675 2525 1745 delibera-

54 1760 208 1861 ione3
257 1762 376 1834 diu
421 1765 479 1833 si
546 1763 853 1864 spatium
915 1776 1136 1846 esset,
1190 1786 1424 1834 secum
1499 1763 1830 1845 habebat;
1884 1764 2161 1855 saepius
2217 1764 2522 1835 alienum

53 1850 344 1921 tonsilium
392 1852 825 1939 exquirebam
879 1873 1039 1922 cum
1090 1874 1246 1921 vero
1318 1854 1810 1933 constituisset,
1863 1853 2171 1923 celeriter
2233 1854 2525 1924 tortissi-

53 1956 232 2025 neque
270 1942 758 2028 exequebatur,
796 1941 921 2021 sic,
977 1952 1054 2010 ut
1087 1940 1428 2031 plerisque
1478 1962 1886 2031 persuasum
1930 1953 2129 2021 esset,
2183 1963 2265 2011 ne
2320 1943 2526 2030 quid-

53 2044 223 2111 1uam‚
273 2030 401 2098 nisi
454 2052 581 2120 per
628 2029 1099 2099 auctoritatem
1151 2029 1432 2100 fortasse
1484 2030 1839 2120 majorem,
1879 2031 2270 2120 repugnari.
2327 2031 2400 2100 Id
2435 2032 2528 2099 ita

53 2117 391 2271 {mestaban
422 2133 498 2188 ut
545 2119 754 2187 etiam
792 2118 1237 2209 gravissimas
1271 2140 1377 2187 res
1425 2118 1627 2188 facile
1685 2140 1765 2187 ac
1803 2117 1994 2187 nullo
2045 2139 2214 2207 pene
2256 2120 2526 2209 negotio

92 2225 214 2274 cere
254 2206 636 2277 videretur:
690 2228 911 2294 neque
957 2207 1140 2276 enim
1192 2206 1293 2276 vel
1345 2208 1659 2277 insuetus
1711 2219 1941 2277 motus
1989 2208 2384 2297 apparebat,
2424 2207 2523 2276 vel

53 2289 195 2379 plura
228 2294 655 2383 loquebatur,
709 2317 915 2383 quam
960 2296 1326 2365 necessitas
1364 2295 1591 2378 ferret;
1628 2317 1777 2365 eam
1823 2295 2140 2365 virtutem
2191 2295 2425 2364 divina
2463 2296 2531 2365 vi

53 2392 451 2467 sustentatam,
522 2384 900 2476 prudentes
951 2385 1262 2455 homines
1311 2385 1696 2467 nonnulli,·
1732 2383 2220 2455 consuetudini
2269 2384 2528 2455 tribue·

53 2463 187 2548 bant.
222 2487 405 2544 antea
433 2475 892 2543 maximarum
933 2495 1161 2544 rerum
1214 2497 1347 2544 usu
1374 2475 1442 2544 in
1494 2474 2093 2544 administratione
2141 2473 2519 2552 Pontificia,

53 2559 444 2633 aonfirmatae.
499 2562 832 2633 Dicebant
877 2563 1086 2643 enim,
1143 2575 1220 2632 ut
1269 2564 1340 2645 ii,
1391 2564 1511 2651 qui
1567 2563 1789 2654 primo
1849 2563 2226 2645 discentes,
2286 2562 2528 2632 litteris

53 2649 261 2737 magnis
324 2651 697 2743 pingendis
741 2663 1184 2732 assuescunt,
1243 2672 1401 2720 cum
1450 2652 1535 2721 ad
1599 2674 2040 2723 communem
2092 2652 2382 2723 formam
2434 2673 2527 2721 re·

53 2729 227 2811 deunt.
275 2761 523 2830 magna
575 2750 871 2809 utuntur
909 2761 1158 2810 manus
1190 2739 1573 2810 celeritate:
1625 2741 1718 2810 ita
1775 2740 2009 2810 Carolo
2050 2741 2368 2810 maximis
2417 2762 2531 2831 ge-

53 2825 227 2923 ren-dis
268 2830 468 2899 rebus
536 2834 792 2899 Romae
862 2827 1267 2909 assuefacto,
1322 2827 1858 2899 Mediolanensia
1930 2830 2199 2920 negotia
2246 2829 2522 2909 facilia,

54 2901 296 3001 leviaque
333 2918 577 2996 videri;
619 2917 802 3005 quod
854 2929 930 2987 ut
975 2916 1206 3004 aliqua
1239 2939 1316 2986 ex
1369 2931 1558 3005 parte
1592 2939 1828 2987 verum
1880 2918 1991 2999 sit,
2034 2918 2530 3008 praestantiora

56 3005 222 3071 tamen
264 3004 379 3076 illa
425 3019 630 3088 sunt,
682 3029 890 3094 quarn
944 3018 1021 3075 ut
1067 3028 1146 3074 ea
1197 3007 1409 3096 possit
1457 3007 1559 3078 vis
1606 3006 1948 3095 ejusmodi
1996 3007 2523 3077 consuetudinis

61 3094 331 3179 consequi.
385 3095 568 3178 Quid
629 3094 1192 3185 supplicationes,
1238 3094 1517 3177 fiducia,
1580 3094 2091 3184 perturbatione
2141 3094 2315 3165 liber
2376 3096 2526 3164 ani-

62 3189 193 3259 mus,
232 3204 498 3254 summa
537 3183 897 3274 diligentia
930 3183 1033 3252 illi
1072 3183 1371 3253 valerent
1416 3183 1501 3252 ad
1556 3205 1697 3253 rem
1748 3182 2146 3275 gerendam,
2187 3196 2330 3253 tum
2375 3184 2532 3252 uni-

56 3279 232 3335 versae
280 3272 897 3342 administrationis
943 3283 1224 3342 eventus
1280 3272 1443 3343 satis
1491 3271 1766 3353 docuit,
1819 3284 1965 3341 tum
2017 3284 2199 3340 certa
2261 3273 2531 3361 negotia

54 3352 255 3457 multat
284 3380 414 3428 non
450 3359 661 3432 semel
706 3383 812 3431 res
848 3361 1003 3447 ejus
1050 3361 1433 3441 universae,
1474 3382 1679 3451 saepe
1724 3361 1927 3430 etiam
1974 3359 2291 3449 singulae
2327 3381 2525 3447 quae·

54 3432 194 3535 dim,
238 3467 300 3514 1n
346 3471 502 3519 eum
559 3449 785 3520 locum
834 3462 1029 3519 erant
1076 3449 1435 3532 adductae,
1469 3461 1545 3519 ut
1574 3450 1658 3519 ad
1710 3461 2009 3520 extrema
2061 3461 2336 3517 ventum
2383 3469 2531 3519 esse

54 3525 353 3616 ndei-etum
393 3549 463 3607 at
508 3550 808 3627 repente,
853 3539 1388 3609 commutatione
1434 3537 1635 3618 facta,
1690 3538 1759 3607 in
1817 3537 2158 3628 optimum
2223 3549 2473 3606 statum
2509 3592 2525 3616 ,

56 3619 345 3720 {amquam
393 3627 459 3695 in
498 3625 734 3697 lumen
782 3649 859 3697 ex
901 3627 1199 3697 tenebris
1233 3627 1791 3707 restituebantur;
1842 3649 2020 3714 quae
2061 3647 2168 3696 res
2199 3638 2345 3695 erat
2380 3624 2531 3712 ejus

58 3717 237 3807 sensui
267 3728 749 3786 consentanea:
788 3715 1059 3785 dicebat
1106 3716 1316 3797 enim,
1369 3716 1492 3804 qui
1539 3721 1673 3785 Deo
1722 3737 1872 3784 vere
1912 3715 2214 3796 serviret,
2254 3715 2314 3783 ei
2370 3726 2530 3784 tunc

58 3803 299 3866 maxime
327 3801 394 3870 in
444 3803 650 3874 rebus
683 3804 829 3875 suis
865 3806 1037 3873 bene
1084 3805 1545 3893 sperandum,
1617 3827 1778 3874 cum
1827 3816 2185 3874 extenuata
2238 3802 2533 3872 maxime

60 3893 177 3971 §pes
203 3883 488 3983 humano
521 3892 789 3979 judicio
826 3904 1202 3983 putaretur.
1266 3897 1558 3964 Caussae
1608 3905 1985 3983 suppetunt
2031 3891 2479 3982 gravissimae
2511 3946 2527 3972 ,

62 3979 111 4059 Ψ
139 3975 363 4055 quibus
395 4001 553 4049 cum
587 3981 915 4062 virorum,
984 3980 1295 4052 doctrina
1329 4002 1602 4068 usuque
1636 3981 2132 4071 praestantium
2164 3979 2524 4059 sententiA,

54 4069 226 4150 'immo
266 4065 451 4136 valde
497 4069 769 4158 piorum
805 4069 1117 4170 impulsu
1164 4069 1248 4138 ad
1279 4069 1743 4159 judicandum
1794 4092 1878 4139 ur
1926 4081 2177 4150 eretur,
2218 4069 2389 4156 ipse,
2433 4089 2535 4137 re·

68 4134 404 4238 dintegratis
442 4157 1088 4247 supplicationibus,
1145 4158 1269 4227 diu
1300 4171 1665 4232 cunctatus
1711 4170 1833 4239 est,
1920 4179 2087 4226 onec
2134 4171 2372 4227 contra
2422 4178 2535 4247 pe-

54 4241 209 4328 rullus
234 4259 304 4307 ac
331 4242 440 4312 alii
480 4247 835 4335 putabant,
881 4268 1020 4316 rem
1066 4268 1139 4315 se
1170 4245 1443 4325 habere,
1475 4247 1745 4316 cunctis
1779 4246 2287 4317 admirantibus
2321 4268 2536 4336 appa-

72 4329 200 4389 ruit:
240 4331 787 4428 exploratumque
818 4334 966 4416 fuit,
1005 4334 1137 4403 nisi
1176 4333 1290 4402 ille
1322 4333 1725 4416 distulisset,
1764 4355 2142 4422 rursusque
2182 4334 2264 4404 ad
2304 4355 2538 4424 preces

77 4409 457 4504 confugisset,
527 4423 963 4494 incommoda
1036 4420 1336 4492 maxim-a
1400 4423 1694 4492 extitura
1759 4423 2014 4505 fuisse,
2090 4423 2534 4516 gravissimas

2679 4467 2750 4514 μ-
