2993 4837
31 317 154 388 [DV.
204 318 284 382 ll·
556 337 636 381 DE
683 337 736 383 s.
792 335 1145 382 tannssmuo
1195 334 1491 382 anemae.
1548 333 1925 384 υυΒιιΝεΝει
2300 321 2428 384 495

96 433 201 499 ,et
254 441 374 509 per
422 433 862 508 praesenteS,
920 418 1207 487 Domino
1267 420 1684 508 providente,
1740 420 2160 490 venerationi
2209 420 2510 490 habitus,

31 431 278 616 {enim
332 522 557 588 nocte,
612 530 748 594 qua
795 520 986 577 ortus
1035 508 1120 576 ab
1170 530 1419 578 occasu
1467 508 1567 578 sol
1619 510 1790 599 Augi
1838 507 2132 589 occidit,
2180 531 2339 577 cum
2391 509 2518 580 fuit

32 613 205 688 §casu
249 598 489 686 purior
521 609 716 665 ortus
746 597 832 676 ei,
873 596 1149 666 cuidam
1181 596 1313 666 civi
1346 597 1730 677 Dubliniae,
1772 598 2171 668 Innocentio
2210 598 2511 680 nomine,

34 695 302 758 'tsomno
339 686 567 755 visum
603 697 726 770 est,
780 707 937 754 cum
991 696 1168 754 esset
1217 685 1284 753 in
1334 684 1487 773 ejus
1528 686 1723 755 urbis
1771 687 2056 756 ecclesia
2107 685 2511 767 cathedrali,

32 793 309 846 nmmum
350 774 573 844 altare
620 795 958 853 corruere,
1015 774 1424 862 penitusque
1464 774 1814 864 dissipari.
1855 782 2001 857 Qua
2053 775 2318 845 visione
2370 788 2516 844 tur-

35 873 177 942 tluS,
231 885 439 932 mane
492 861 768 951 publice
798 861 1028 931 retulit
1066 863 1442 942 somnium,
1485 885 1644 932 cum
1680 863 2069 951 juramento
2111 885 2517 935 asseverans

33 952 313 1020 ominum
388 950 1005 1040 archiepiscopum
1077 950 1256 1020 diem
1330 965 1710 1021 extremum
1774 952 2130 1022 clausisse.
2199 953 2273 1020 Id
2332 954 2511 1040 quod

34 1051 238 1120 osma,
292 1040 583 1109 nunciis
646 1038 1215 1120 advenientibus,
1287 1061 1524 1108 verum
1587 1040 1800 1110 fuisse
1861 1054 2291 1130 compertum
2360 1054 2507 1121 est,

35 1127 188 1202 idem
223 1129 490 1218 scilicet
544 1139 737 1196 nocte
787 1128 1118 1218 migrasse
1165 1129 1560 1198 Pontificem
1598 1183 1613 1211 ,
1677 1151 1815 1216 qua
1871 1130 2040 1199 visio
2091 1130 2258 1199 haec
2308 1135 2516 1199 Inno-

34 1217 179 1288 ³ntio
205 1219 436 1287 oblata
472 1216 627 1286 suit.

40 1306 91 1392 ,ὅ
131 1309 278 1378 85.
332 1306 640 1395 Contigit
685 1318 911 1374 autem
950 1359 965 1386 ,
1020 1304 1307 1374 Domino
1368 1317 1611 1394 agente
1645 1361 1660 1387 ,
1714 1317 1789 1375 ut
1846 1329 2002 1377 mox
2062 1330 2101 1375 a
2149 1306 2513 1377 celebratis

38 1394 179 1468 meti
210 1396 633 1465 confessoris
679 1394 1007 1481 exequiiS,
1058 1393 1330 1462 Alexius
1368 1398 1717 1464 Romanae
1755 1396 2094 1478 Ecclesiae
2129 1395 2514 1467 cardinalis

38 1485 318 1564 1.=Scotiae
372 1490 677 1573 Legatus
725 1483 1012 1552 adesset.
1064 1487 1144 1551 In
1187 1483 1388 1570 cujus
1434 1482 1868 1571 aliorumque
1903 1484 2275 1553 multorum
2312 1506 2512 1575 prae-

92 1573 169 1640 tia
202 1594 460 1662 corpus
512 1573 735 1641 sancti
783 1571 1152 1661 pontificis,
1208 1571 1277 1638 in
1316 1571 1539 1641 medio
1572 1573 1904 1663 Augensis
1936 1573 2265 1643 ecclesiae
2300 1575 2513 1643 hono-

42 1683 150 1744 „ce
193 1675 256 1731 et
311 1674 711 1731 reverenter
762 1660 1157 1751 sepulturae
1213 1660 1615 1729 mandatum
1667 1674 1789 1731 est.
1847 1661 1973 1731 Ubi
2025 1675 2256 1751 postea
2314 1662 2515 1732 latuit

40 1750 161 1822 inis
195 1764 501 1837 quatuor
549 1760 615 1819 et
662 1751 1017 1818 mensibus
1052 1770 1166 1817 sex
1208 1748 1572 1818 thesaurus
1621 1751 1983 1839 pretiosus„
2039 1763 2183 1820 tum
2225 1751 2507 1837 quidem

40 1839 423 1926 {sconditum
483 1838 606 1909 sed
656 1860 781 1906 suo
835 1850 1136 1926 tempore
1180 1836 1610 1908 revelandus.
1664 1840 1874 1927 Cujus
1910 1838 2186 1925 quidem
2241 1839 2514 1910 futurae

38 1919 380 2008 &elationis
416 1926 613 1996 haud
648 1926 927 2015 vulgare
956 1926 1172 1994 extitit
1198 1940 1714 2015 argumentum.
1762 1932 1853 1995 Ea
1891 1928 2074 1997 enim
2115 1941 2332 2008 nocte,
2371 1949 2512 2014 qua

39 2013 198 2088 &isti
242 2017 609 2087 confessor
656 2015 864 2104 hujus
912 2015 1159 2083 mundi
1208 2015 1524 2085 tenebras
1564 2015 1860 2100 reliquit,
1915 2016 2094 2086 sicut
2135 2015 2506 2085 multorum

39 2105 320 2176 nertione
371 2104 716 2183 innotuit,
775 2103 1182 2172 admiranda
1231 2103 1506 2172 claritas
1554 2126 1764 2193 super
1811 2109 2119 2194 Augense
2171 2117 2514 2173 monaste—

40 2207 140 2262 σιω
172 2194 257 2264 ita
316 2205 610 2283 repente
642 2193 785 2261 visa
823 2205 928 2262 est
969 2193 1313 2274 emicare,
1376 2205 1455 2260 ut
1516 2192 1859 2262 intuentes
1913 2204 2234 2282 putarent
2284 2194 2510 2262 Abba-

42 2299 151 2361 ω,
191 2283 291 2352 vel
334 2282 556 2353 castri
605 2280 887 2351 domum
939 2280 1184 2362 aliam,
1237 2280 1487 2349 emisso
1539 2282 1825 2351 coelitus
1884 2281 2179 2371 fulgure,
2233 2303 2515 2350 concre-

38 2369 156 2451 ari.
205 2373 328 2442 Ubi
380 2392 559 2442 sane
606 2371 837 2441 divina
871 2370 1140 2440 bonitas
1189 2369 1696 2457 aliquantulum
1742 2369 2039 2440 revelare
2072 2370 2354 2461 dignata
2383 2381 2507 2451 est,

38 2456 178 2529 aulis
203 2475 265 2531 et
293 2473 612 2549 quantus
655 2473 833 2530 esset
866 2459 1002 2541 ille,
1040 2459 1161 2544 qui
1188 2482 1268 2528 ea
1315 2471 1511 2529 nocte
1555 2482 1636 2528 ex
1687 2461 1813 2529 hoc
1855 2461 2115 2529 mundo
2155 2460 2504 2549 migrarat.

38 2562 226 2635 &quo
280 2574 420 2620 non
484 2548 692 2619 debet
752 2548 1186 2617 temerarium
1240 2547 1478 2628 videri,
1543 2549 1658 2617 sed
1701 2550 1894 2639 pium
1941 2550 2199 2638 potiuS‚
2255 2550 2310 2617 si
2355 2570 2513 2617 sen-

37 2648 162 2725 ,fltur
204 2639 285 2708 ad
356 2640 591 2709 lucem
647 2637 971 2707 transisse
1027 2637 1570 2706 inaccessibilem
1609 2691 1624 2716 ‚
1679 2649 1756 2707 ut
1812 2637 2004 2705 illius
2064 2636 2509 2706 beatitudinis

35 2730 453 2887 &particeps
505 2748 714 2812 quam
758 2738 1144 2815 opportuno
1182 2738 1482 2814 tempore
1516 2726 1662 2794 suis
1697 2726 2083 2795 manifestat
2116 2738 2181 2795 et
2217 2726 2509 2815 largitur

102 2813 271 2886 libus
320 2819 578 2887 beatus
623 2827 688 2883 et
747 2814 937 2883 solus
1033 2828 1225 2882 otens
1277 2819 1414 2894 Rex
1479 2836 1718 2903 regum
1769 2826 1834 2884 et
1896 2815 2226 2884 Dominus
2285 2815 2511 2883 domi-

35 2890 262 2974 ltntium
296 2930 313 2987 ;
351 2906 472 2976 cui
508 2915 611 2973 est
645 2904 884 2984 honor,
940 2926 982 2992 g
1012 2903 1157 2973 oria
1189 2915 1254 2972 et
1287 2903 1653 2992 imperium
1691 2903 1757 2970 in
1798 2915 2227 2992 perpetuum,
2268 2907 2505 2972 Amen.

32 3006 65 3061 ft
111 3006 369 3064 sanctos
443 3006 697 3064 autem*
754 2992 1008 3061 relatus
1074 3003 1177 3061 est
1247 2992 1346 3059 vir
1417 2992 1659 3060 beatus
1729 3014 1767 3058 a
1834 3013 2109 3060 summo
2181 2992 2511 3061 Pontifice

31 3074 249 3180 bnorio
315 3090 564 3163 Reate,
636 3081 828 3150 tertio
884 3081 1051 3151 ldus
1108 3080 1539 3159 DecembriS‚
1610 3079 2047 3169 pontificatus
2109 3080 2259 3169 ejus
2324 3101 2508 3148 anno

34 3184 243 3242 ectmo.
