2993 4837
38 323 185 400 'totu
236 333 309 397 u
581 349 660 396 ns
708 351 764 396 s.
825 349 1174 397 massario
1220 350 1512 399 Ancauzr.
1568 351 1941 398 υυΒιιΝεΝει
2367 338 2448 400 77

82 434 123 503 ‘e
160 456 232 502 ac
280 446 493 503 nocte.
550 439 629 504 Et
683 433 870 503 dedit
911 432 1008 503 illi
1061 435 1394 505 Dominus
1434 457 1552 505 cor
1598 434 1681 504 ad
1737 447 2145 524 praecepta,
2209 450 2275 505 et
2321 436 2538 527 legem

143 546 175 591 e
216 534 277 592 et
321 523 737 613 disciplinae
768 578 783 603 ,
837 533 915 594 ut
966 523 1238 593 doceret
1295 523 1733 612 postmodum
1788 524 2001 593 Jacob
2057 537 2537 595 testamentum

111 611 283 691 mini,
323 624 388 680 et
418 612 688 697 judicia
735 613 886 700 ejus
919 613 1157 681 Israel.
1209 612 1478 683 Electus
1515 613 1743 699 itaque
1784 612 2051 683 Domini
2102 616 2536 695 Laurentius,

86 700 162 769 im
199 723 234 768 a
281 702 686 789 parentibus
734 701 1020 771 terrenis
1070 700 1254 771 velut
1299 701 1513 790 adeps
1561 716 1918 791 separatus
1966 724 2006 769 a
2054 724 2283 782 carne,
2335 704 2540 773 etiam

110 810 184 856 nc
242 802 497 874 patrem
551 813 757 859 suum
823 790 1201 879 spiritalem
1236 844 1252 868 ,
1323 791 1547 860 virum
1615 790 2017 880 religiosum
2056 844 2071 868 ,
2126 790 2541 881 Episcopum

74 875 619 957 lindalacensem,
674 878 1048 948 inevitabili
1100 892 1314 948 morte
1363 892 1805 968 praeventum
1858 878 2135 948 amisit:
2191 879 2275 947 de
2333 880 2544 966 cujus

38 967 185 1036 obitu
236 980 585 1054 tamquam
641 967 796 1055 pius
838 966 1029 1037 filius
1077 966 1473 1047 condolens,
1517 988 1868 1037 summum
1928 981 2190 1056 patrem
2226 970 2540 1038 omnium

39 1054 276 1139 maj0ri‚
335 1078 551 1142 quam
596 1070 831 1131 antea,
876 1056 1256 1126 devotionis
1302 1055 1547 1126 ardore
1603 1055 2004 1144 complexus
2051 1068 2174 1136 est,
2234 1058 2543 1147 cogitans

36 1145 157 1228 quia
201 1146 453 1225 omnis,
509 1145 632 1232 qui
683 1144 877 1214 lactis
924 1157 1025 1213 est
1072 1146 1453 1234 particeps,
1508 1166 1748 1234 expers
1795 1157 1897 1214 est
1943 1147 2282 1214 sermonis
2325 1148 2539 1233 justi-

40 1231 151 1299 tiae.
196 1238 623 1323 Quapropter
654 1233 897 1324 agebat
945 1255 1175 1302 senem
1230 1234 1583 1312 moribus,
1647 1255 1887 1322 expers
1936 1233 2164 1302 omnis
2212 1233 2534 1304 lasciviae

41 1319 379 1398 iuventutis.
435 1321 951 1392 concurrebant
998 1321 1065 1389 in
1117 1343 1196 1390 eo
1246 1344 1516 1391 morum
1569 1321 1913 1402 honestas,
1979 1335 2044 1389 et
2094 1322 2374 1392 scientia
2430 1323 2539 1392 lit-

42 1421 330 1479 terarum:
383 1425 448 1479 et
496 1432 580 1479 ex
626 1410 953 1498 adjuncta
999 1410 1283 1479 scientia
1334 1411 1507 1479 vitae
1554 1412 1881 1482 sanctitas
1929 1410 2367 1499 splendidius
2418 1434 2536 1481 ru-

41 1495 267 1576 itabat,
330 1511 395 1568 et
450 1500 676 1588 ipsam
741 1499 1096 1568 scientiam
1160 1498 1478 1568 honestas
1544 1500 1870 1568 virtutum
1940 1500 2194 1568 sociata
2256 1501 2541 1571 Domino

43 1585 449 1658 lonsecrabat.
2255 1659 2262 1666 ,

44 1685 55 1700 “
95 1676 125 1759 ξ
167 1681 251 1746 θ.
303 1677 528 1766 Igitur
571 1676 923 1756 Dominus,
977 1676 1152 1744 servi
1191 1675 1419 1744 volens
1471 1675 1537 1744 in
1591 1675 1862 1746 talentis
1910 1675 2188 1746 creditis
2228 1679 2538 1768 peritiam

43 1765 320 1850 aperiri,
397 1764 602 1834 illum
677 1765 783 1834 sui
850 1765 1248 1834 destitutum
1320 1765 1586 1853 patroni
1638 1764 2022 1844 solamine,
2079 1788 2235 1836 cum
2325 1788 2543 1837 annos

41 1863 193 1921 natus
222 1865 394 1923 esset
446 1855 509 1921 vi
567 1853 691 1923 inti
723 1852 1055 1940 quinque,
1096 1855 1161 1920 in
1200 1851 1524 1923 Abbatem
1562 1853 2177 1935 Glindalacensem,
2216 1855 2545 1926 ecclesiae

39 1937 180 2008 Elei-o
222 1954 285 2010 et
340 1963 532 2032 popu
563 1942 708 2011 oid
775 1940 1319 2031 postulantibuS,
1377 1941 1919 2028 promovendum
1969 1943 2255 2012 curavit.
2311 1945 2539 2032 Hujus

39 2043 155 2097 tero
195 2030 522 2100 ecclesiae
572 2052 846 2111 nomen,
882 2053 917 2098 a
957 2031 1179 2119 prima
1219 2031 1325 2101 sui
1363 2030 1766 2100 fundatione
1805 2030 2070 2100 celebre
2100 2044 2165 2100 et
2198 2031 2541 2102 famosum

37 2123 133 2184 tota
176 2120 499 2189 Hibernia
544 2118 695 2189 fuit.
750 2119 912 2208 Ejus
944 2120 1127 2188 enim
1165 2133 1496 2209 patronus
1538 2120 1777 2189 beatus
1811 2119 2199 2210 coenginus
2234 2134 2424 2190 ortus
2459 2122 2543 2190 de

35 2204 201 2295 stirpe
249 2210 460 2299 regia,
504 2208 740 2278 multis
788 2206 1146 2278 miraculis
1243 2229 1357 2277 rae
1404 2210 1690 2278 caeteris
1729 2208 1985 2277 sanctis
2025 2209 2416 2290 Hiberniae,
2471 2211 2539 2278 in

36 2289 119 2361 illa
153 2296 304 2366 olim
362 2297 617 2386 legitur
662 2296 1025 2367 effulsisse.
1080 2301 1155 2364 In
1224 2320 1327 2366 iac
1380 2308 1605 2366 autem
1658 2296 1946 2366 ecclesia
1995 2311 2059 2365 et
2092 2297 2542 2387 Episcopatus

34 2395 159 2463 erat,
198 2400 259 2454 et
290 2386 604 2457 Abbatia.
660 2386 784 2455 Sed
838 2385 1141 2465 Abbatia,
1177 2385 1357 2473 quod
1395 2386 1477 2456 ad
1519 2386 1928 2476 temporales
1957 2386 2233 2458 divitias
2273 2388 2535 2469 attinet,

32 2488 150 2541 turo
184 2475 517 2575 exempIO,
573 2474 772 2564 longe
819 2487 962 2544 erat
1009 2475 1423 2566 Episcopatu
1470 2475 1902 2563 opulentior:
1954 2476 2212 2566 quippe
2259 2478 2380 2547 ubi
2419 2499 2540 2546 no-

32 2555 165 2632 biles
196 2564 258 2631 in
301 2564 549 2653 primis
598 2564 776 2633 viros
810 2565 877 2631 in
920 2564 1123 2633 totius
1170 2565 1470 2653 regionis
1525 2564 1943 2653 praesidium
1981 2565 2066 2634 ab
2100 2567 2385 2652 antiquo
2422 2588 2543 2655 po-

32 2649 202 2807 ffllus
245 2653 567 2743 eligebat.
624 2657 1027 2742 Susceptum
1083 2653 1311 2739 itaque
1341 2652 1552 2742 hujus
1586 2652 1942 2742 dignitatis
1974 2654 2265 2743 gradum
2303 2656 2543 2726 beatus

66 2743 392 2833 ,ut-entius
444 2740 802 2810 humiliter
837 2740 1355 2822 administrans,
1408 2742 1632 2899 coepit
1680 2764 1751 2810 se
1803 2742 2021 2832 magis
2070 2765 2148 2812 ac
2199 2766 2305 2812 ma
2365 2744 2421 2812 is
2471 2745 2540 2812 in

32 2838 168 2897 ntae
204 2830 530 2900 honestae
568 2830 901 2919 dignitate
932 2884 946 2909 ,
1000 2829 1307 2899 castitate
1344 2843 1409 2900 et
1456 2852 1531 2899 so
1586 2830 1818 2902 rietate
1848 2886 1863 2911 ,
1912 2846 2278 2920 praeeunte
2313 2768 2546 2902 divina

34 2917 231 3001 gratia,
283 2941 622 2989 exercere.
678 2924 753 2988 In
806 2918 1399 3007 eleemosynarum
1462 2918 1771 3009 largitate
1819 2932 1885 2986 et
1945 2922 2230 2989 caeteris
2279 2923 2546 2991 miseri-

33 3005 262 3076 cordiae
309 3008 641 3099 operibus
705 3007 1114 3085 videbatur,
1170 3020 1244 3075 ut
1304 3006 1594 3095 dignum
1660 3021 1834 3083 erat,
1893 3009 2206 3078 minister
2266 3012 2540 3099 potiuS,

31 3108 197 3175 quam
240 3097 611 3175 PraelatuS,
651 3111 726 3164 ut
764 3096 991 3165 dicere
1025 3118 1259 3184 posses
1309 3095 1477 3165 illud
1518 3117 1674 3164 eum
1719 3117 1990 3184 semper
2024 3097 2349 3168 habuisse
2387 3122 2546 3188 prae

31 3182 246 3253 oculis:
301 3190 548 3254 Ducem
581 3196 643 3253 te
682 3187 1163 3253 constituerunt
1194 3210 1215 3253 .·
1266 3187 1410 3253 noli
1439 3187 1705 3265 emtollz',
1757 3184 1872 3252 sed
1905 3196 2039 3253 esto
2073 3188 2143 3254 z'n
2174 3189 2316 3255 illis
2349 3191 2552 3278 quasi

32 3287 168 3339 unus
196 3296 282 3342 em
320 3277 465 3343 illis
486 3275 719 3361 (Ecclz'.
760 3273 963 3359 xxxii)
995 3296 1011 3352 ;
1050 3294 1185 3341 non
1228 3273 1448 3342 elatus
1481 3273 1565 3341 de
1601 3272 1958 3362 regimine,
2000 3274 2114 3341 sed
2153 3275 2545 3345 substratus

31 3354 92 3421 de
121 3360 616 3432 sollicitudine:
654 3384 786 3430 non
822 3362 906 3432 de
945 3363 1215 3460 generis
1245 3360 1596 3431 nobilitate
1630 3362 2061 3450 superbienS,
2105 3363 2268 3449 quia
2303 3365 2546 3433 virtute

31 3441 207 3539 decet,
251 3471 384 3519 non
430 3451 793 3539 sanguine,
840 3450 1010 3529 nitt;
1065 3471 1197 3519 non
1250 3449 1334 3518 de
1389 3450 1716 3519 virtutum
1758 3471 1878 3519 seu
1915 3450 2290 3539 gratiarum
2344 3452 2546 3520 donis

31 3536 360 3608 insolenter
410 3552 822 3609 tumescens
878 3538 1125 3608 Primis
1175 3539 1388 3627 igitur
1432 3553 1729 3625 quatuor
1776 3540 1979 3608 annis
2029 3561 2193 3609 suae
2240 3539 2544 3609 admini-

32 3625 342 3718 strationis
395 3649 526 3696 non
582 3628 824 3697 habuit
870 3628 1176 3713 requiem
1228 3648 1465 3696 servus
1523 3628 1655 3703 Dei.
1713 3631 1868 3696 Erat
1915 3627 2099 3696 enim
2153 3628 2221 3696 in
2263 3641 2400 3698 tota
2442 3650 2546 3697 re·-

31 3728 198 3862 gtone
240 3715 359 3785 illa
407 3716 859 3785 intolerabilis
910 3739 1134 3785 rerum
1172 3716 1426 3805 inopia,
1462 3737 1638 3802 quae
1667 3716 1869 3784 etiam
1910 3717 2115 3785 victui
2162 3717 2545 3786 necessaria

52 3802 399 3874 nominibus
456 3819 780 3893 negaret:
837 3806 1130 3873 maxime
1194 3817 1419 3874 autem
1488 3807 1556 3872 in
1624 3826 1961 3893 pauperes
2010 3804 2359 3893 flagellum
2425 3806 2550 3874 hoc

33 3891 359 3961 saeviebat.
414 3898 489 3962 In
531 3915 669 3979 quo
716 3916 872 3962 cum
930 3894 1029 3963 vir
1080 3893 1346 3961 Domini
1394 3893 1504 3981 (ut
1551 3905 1695 3961 erat
1745 3892 1939 3962 valde
1987 3894 2434 3982 compatienS‚
2488 3908 2552 3963 et

32 3992 164 4069 erga
200 3980 480 4050 afflictos
512 3983 625 4071 pia
666 3994 941 4072 gestans
976 3982 1285 4069 viscera),
1333 4002 1455 4070 pro
1492 4003 1619 4050 sua
1660 3981 2086 4049 abundantia
2120 3981 2306 4071 larga
2337 4004 2552 4051 manu

36 4064 474 4155 indigentibus
531 4070 896 4140 subvenire
962 4082 1341 4159 satageret,
1399 4069 1575 4138 nulli
1627 4068 1866 4137 saltem
1931 4070 2552 4140 commiserationis

36 4150 249 4224 affectu
296 4158 532 4238 defuit,
590 4180 712 4227 seu
759 4159 1038 4248 benigni
1089 4158 1305 4227 animi
1356 4157 1737 4237 voluntate,
1792 4157 1891 4225 sic
1940 4158 2127 4226 omni
2181 4160 2429 4246 petenti
2480 4179 2552 4227 se

38 4239 351 4326 tribuens,
402 4258 477 4316 ut
524 4248 885 4337 Evangelio
935 4249 1223 4338 pareret.
1277 4250 1326 4313 Α
1374 4244 1567 4314 falsis
1614 4265 1887 4331 quoque
1935 4245 2263 4317 fratribus
2312 4269 2552 4336 graves

40 4335 510 4408 persecutiones
559 4337 916 4417 sustinuit,
968 4336 1086 4425 qui
1120 4334 1420 4403 invidiae
1464 4332 1732 4403 facibus
1766 4335 2061 4415 accensi,
2113 4334 2555 4405 detractionis

43 4412 214 4489 dente
254 4424 588 4494 sinceram
636 4425 855 4515 ipsius
886 4424 1088 4495 vitam
1141 4422 1515 4494 rodebant:
1573 4419 1686 4493 sed
1733 4421 2091 4511 palpantes
2129 4423 2328 4511 quasi
2368 4424 2552 4495 caeci
