2993 4837
513 317 639 379 7526
1138 331 1214 376 nn
1262 327 1315 374 s.
1372 330 1694 377 srarnmo
1742 329 2008 376 sumone
2055 330 2243 375 mar.
2623 308 2772 373 NOY.
2806 310 2862 373 28

423 427 822 496 metuenteS,
864 414 1090 484 statim
1133 435 1292 483 eum
1342 412 1623 500 quidem
1666 413 1735 481 in
1800 412 2181 483 custodiam
2215 412 2461 499 conjici
2499 410 2865 501 praecipiunt,

424 506 558 593 ipsi
606 515 860 582 autem,
914 503 1197 572 obtectis
1232 524 1391 591 prae
1425 502 1684 590 pudore
1717 500 2045 583 vultibus,
2082 500 2167 570 ad
2207 501 2440 571 aulam
2475 502 2776 570 abierunt.

505 595 542 679 ξ
587 596 736 664 81.
793 597 1281 660 Percunctante
1329 591 1540 679 igitur
1606 596 2022 680 Imperatore
2075 590 2411 677 quidnam
2447 589 2576 679 ipsi
2621 586 2868 678 perfecis-

418 692 594 760 sent,
649 693 854 766 atque
903 679 1260 768 Episcopis
1304 678 1569 747 cladem
1614 701 1811 749 suam
1853 677 2196 748 occultare
2232 679 2661 748 conantibus:
2707 676 2868 743 «victi
2947 734 2948 749 ,

421 790 690 849 sumuS,
725 770 818 837 ait
852 767 1192 849 CallistuS,
1230 790 1269 836 o
1297 772 1695 868 Imperator,
1744 767 1900 837 victi
1934 788 2198 837 sumus.
2237 773 2525 856 Magnus
2552 769 2617 834 in
2645 764 2870 834 doctrina
2947 794 2948 797 ¹

420 858 522 925 vir
567 857 677 925 ille
734 869 856 937 est,
912 878 1208 945 magnus
1242 857 1310 924 in
1352 855 1797 945 disputando.
1852 857 2427 945 Incomparabilis
2474 856 2686 944 ipsius
2733 854 2877 921 virtus
2947 890 2948 945 j

419 957 544 1025 est;
598 946 877 1014 animus
924 944 1337 1035 intrepidus,
1381 950 1525 1013 Non
1566 944 1767 1014 modo
1803 946 2012 1015 minis
2041 945 2359 1035 superior
2390 959 2532 1022 est;
2573 943 2681 1013 sed
2731 943 2882 1031 ipsam

420 1055 694 1121 quoque
747 1046 1028 1102 mortem
1080 1034 1478 1102 contemnit.
1514 1056 1550 1099 »
1602 1037 1977 1122 Imperator
2023 1047 2249 1103 autem
2290 1034 2380 1103 ob
2441 1034 2604 1102 haec
2649 1032 2740 1099 ira
2780 1033 2882 1118 per·

421 1122 624 1203 cituS‚
659 1122 1081 1210 Stephanum
1115 1122 1200 1190 ad
1229 1120 1648 1278 Hellesponti
1691 1135 1939 1211 partes,
1983 1121 2109 1190 hoc
2143 1135 2240 1193 est
2271 1138 2356 1190 ad
2387 1119 2882 1193 Proconnesum⁸,

418 1210 642 1279 exsilii
693 1213 926 1293 causa,
972 1210 1200 1279 mittit.
1257 1211 1380 1280 Ubi
1434 1210 1547 1279 ile
1609 1223 1862 1299 septem
1913 1224 1976 1279 et
2036 1209 2272 1279 decem
2322 1211 2626 1300 integros
2682 1208 2804 1276 dies
2843 1207 2883 1273 in

420 1297 611 1368 illius
648 1298 779 1368 loci
822 1300 1234 1369 monasterio
1272 1299 1366 1372 ita
1397 1320 1684 1368 consum
1744 1300 1851 1378 sit,
1908 1312 1985 1369 ut
2017 1298 2189 1366 nihil
2241 1316 2532 1388 prorsus
2578 1298 2705 1366 cibi
2745 1295 2885 1363 attin·

421 1401 630 1477 geret3
664 1388 932 1458 tametsi
964 1387 1220 1475 alioqui
1257 1392 1635 1477 Imperator
1663 1410 1704 1477 p
1738 1388 1960 1456 urima
1993 1386 2076 1455 ad
2106 1409 2264 1457 eum
2287 1388 2620 1457 alimenta
2645 1385 2882 1455 mitteret

420 1482 587 1546 Nam
635 1498 714 1545 ea
761 1475 877 1544 ille
925 1499 1167 1546 rursus
1202 1476 1609 1556 remittebat,
1665 1476 1935 1546 nullum
1990 1498 2271 1563 prorsus
2292 1498 2375 1545 ex
2423 1477 2513 1545 iis
2561 1476 2881 1564 degustans.

419 1569 541 1633 Per
590 1565 713 1634 hos
760 1576 986 1634 autem
1036 1564 1184 1633 dies
1218 1565 1624 1654 gravissimo
1684 1564 1917 1634 morbo
1976 1575 2329 1652 correptus
2381 1564 2677 1653 hujusce
2721 1582 2885 1630 mona-

416 1653 604 1722 sterii
647 1652 1051 1743 praefectus,
1105 1667 1440 1739 quantum
1492 1652 1772 1739 quidem
1827 1652 1912 1721 ad
1986 1652 2287 1721 medicos
2346 1655 2714 1729 attinebat,
2772 1650 2888 1717 vitae

420 1763 613 1830 spem
648 1763 923 1811 omnem
960 1742 1323 1829 abjecerat.
1366 1742 1563 1811 Mittit
1604 1743 1831 1828 itaque
1863 1741 1946 1810 ad
1985 1754 2296 1811 sanctum
2343 1742 2599 1821 virum,
2639 1758 2887 1825 eumque.

419 1842 493 1898 ut
532 1830 613 1898 ad
654 1851 725 1898 se
775 1830 1020 1911 veniat,
1060 1842 1293 1920 rogat:
1333 1853 1367 1895 «
1397 1836 1566 1912 Qu0‚
1612 1831 1860 1916 inquit,
1914 1828 2084 1898 alter
2129 1830 2324 1899 alteri
2357 1843 2726 1901 extremam
2762 1826 2890 1895 salu·

418 1931 552 1987 tem
589 1918 930 1989 dicamus.
970 1924 1313 1988 Incertum
1364 1930 1464 1987 est
1490 1918 1700 1997 enim,
1738 1937 1826 1987 an
1864 1940 2045 1989 nona
2083 1919 2248 1987 hora
2276 1920 2465 2008 apud
2500 1921 2684 1988 vivos
2727 1916 2888 1986 adhue

420 2007 696 2077 futurus
745 2008 979 2076 sim.»
1029 2006 1221 2090 Quod
1279 2019 1355 2075 ut
1388 2007 1504 2076 ille
1564 2007 1816 2086 audiit,
1878 2008 2104 2076 statim
2149 2007 2234 2075 ad
2291 2030 2450 2076 eum
2511 2009 2802 2077 accessit.
2839 2010 2890 2070 Ac

420 2095 690 2173 deinde,
746 2118 904 2164 cum
945 2118 1156 2165 manu
1204 2095 1459 2164 collum
1496 2095 1650 2182 ejus
1699 2096 2048 2176 tenuisset,
2089 2093 2273 2164 labia
2304 2097 2590 2183 quidem
2634 2098 2763 2185 ipse
2793 2114 2889 2182 pre·

418 2184 710 2254 cationis
755 2206 961 2253 causa
1014 2185 1345 2264 movebat,
1400 2184 1608 2253 febris
1648 2196 1901 2265 autem,
1952 2206 2129 2270 quae
2179 2186 2496 2253 morbum
2561 2194 2886 2274 pepererat.

418 2294 460 2341 a
492 2295 776 2361 corpore
827 2271 1275 2362 profugiebat.
1333 2274 1509 2356 Quid
1571 2276 1843 2361 postea?
1909 2273 2237 2342 Poculum
2290 2294 2494 2341 suum
2560 2275 2716 2341 vino
2763 2288 2889 2365 mero

419 2361 779 2451 impletum
831 2362 888 2431 ei
940 2362 1318 2432 bibendum
1390 2362 1697 2452 porrigit.
1762 2360 1953 2444 Quod
2014 2382 2173 2430 cum
2224 2360 2679 2444 exhausisset,
2725 2370 2886 2429 statim

419 2449 767 2533 plurimus
807 2451 1019 2520 sudor
1064 2473 1145 2519 ex
1180 2451 1326 2540 ipso
1362 2452 1683 2530 manavit,
1721 2473 1800 2519 ac
1828 2449 2006 2518 dicto
2055 2450 2262 2519 citius
2293 2451 2571 2520 sanitati
2615 2449 2887 2520 restitutus

414 2549 538 2608 est.
576 2545 741 2607 Cum
779 2539 989 2629 igitur
1021 2540 1084 2607 ei
1134 2561 1265 2608 non
1319 2551 1453 2609 tam
1506 2551 1909 2619 extremum,
1953 2560 2159 2624 quam
2203 2539 2606 2628 jucundum
2644 2534 2886 2608 osculum

420 2627 870 2783 praebuisset,
911 2627 1104 2697 illinc
1143 2627 1496 2707 excedenS,
1544 2626 2028 2717 profectionem
2063 2649 2286 2706 suam,
2321 2639 2396 2696 ut
2426 2651 2585 2696 cum
2631 2624 2886 2714 Propheta

448 2738 685 2802 oquar,
731 2717 799 2784 in
854 2717 1024 2785 mari
1077 2717 1335 2797 statuit,
1391 2729 1592 2803 atque
1633 2717 1700 2784 in
1752 2737 1902 2785 eam
1959 2737 2195 2784 navem
2262 2737 2440 2802 quae
2487 2729 2717 2816 parata
2754 2721 2886 2781 erat:

417 2805 817 2886 ascendens,
854 2805 1238 2875 exsulatum
1279 2804 1618 2893 profectus
1658 2816 1780 2873 est.
1819 2808 2121 2890 Cumque
2154 2803 2624 2873 desertissima
2654 2817 2886 2891 quaeque

417 2892 686 2961 insulae
722 2893 868 2962 loca
922 2905 1368 2982 peragrasset,
1420 2895 1487 2961 in
1558 2892 1958 2981 speluncam
2011 2892 2469 2962 admiratione
2519 2893 2781 2983 dignam
2821 2889 2886 2953 iu·

415 2979 581 3049 cidit
625 2981 1006 3070 (Cissadam
1056 3003 1206 3050 eam
1260 2981 1523 3050 incolae
1559 2980 2084 3070 nuncupabant)
2142 2982 2208 3049 in
2260 3004 2397 3068 qua
2448 2982 2691 3050 Christi
2734 2977 2884 3066 avitae

415 3074 644 3138 Annae
694 3070 1023 3159 templum
1059 3083 1222 3138 erat.
1270 3074 1410 3140 Hac
1459 3091 1531 3138 re
1582 3070 1793 3159 igitur
1830 3069 2246 3148 oblectatus,
2304 3083 2507 3158 atque
2557 3060 2882 3157 huJusmod:

418 3157 643 3226 locum
688 3180 819 3227 non
874 3159 1021 3228 sine
1071 3158 1357 3227 numine
1390 3158 1623 3227 divino
1680 3179 1827 3228 sese
1877 3158 2218 3226 invenisse
2270 3172 2482 3239 ratuS,
2527 3154 2880 3227 domiciliuir

418 3247 486 3313 in
523 3268 600 3314 eo
651 3248 783 3317 sibi
816 3247 1195 3324 constituit,
1242 3247 1635 3328 herbarum,
1680 3268 1856 3333 quae
1911 3244 2053 3314 illic
2106 3249 2629 3328 enascebantur,
2682 3242 2884 3313 radices

415 3335 805 3404 luculentae
843 3335 1205 3424 cujusdam
1242 3346 1305 3403 et
1346 3337 1671 3436 opiparae
1722 3356 1994 3403 mensae
2036 3334 2256 3405 instar
2295 3337 2580 3405 habens

504 3425 540 3510 ἓ
586 3428 748 3495 82.
803 3429 879 3492 At
946 3446 1097 3492 vero
1158 3445 1398 3495 omnes
1466 3425 1687 3513 lpsius
1735 3423 1907 3492 disci
1963 3423 2061 3491 uli
2110 3425 2196 3493 ab
2245 3425 2659 3493 Auxentiano
2713 3425 2882 3488 mont*

413 3512 713 3600 depulsi,
756 3527 1102 3600 tamquam
1138 3533 1294 3581 oves
1328 3513 1635 3598 undique
1666 3511 1907 3582 oberra
1959 3524 2098 3592 ant,
2134 3526 2473 3600 pastorem
2509 3534 2699 3582 suum
2733 3522 2884 3604 quae·

415 3614 661 3669 renteS.
702 3601 1001 3670 Tandem
1036 3613 1263 3670 autem
1312 3623 1498 3681 eum,
1543 3623 1701 3670 cum
1755 3601 1824 3668 in
1874 3605 2381 3672 Proconnesum
2433 3602 2768 3676 venissent,
2811 3611 2882 3658 m·

413 3702 765 3774 venerunt,
835 3690 1106 3758 duobus
1163 3688 1517 3759 dumtaxat
1555 3690 1892 3778 exceptiS,
1956 3688 2075 3775 qui
2124 3711 2164 3758 a
2216 3689 2737 3778 praeclarissimo
2799 3677 2880 3747 5110

413 3777 599 3858 ovili,
641 3791 717 3847 ut
757 3800 795 3846 a
842 3777 1076 3847 divino
1115 3777 1541 3847 duodenario
1572 3778 1809 3858 sudas,
1866 3776 1963 3845 vel
1998 3776 2224 3866 potius
2273 3793 2348 3846 ut
2395 3801 2436 3846 a
2474 3778 2672 3847 Paulo
2698 3779 2877 3841 Demus

408 3879 474 3934 et
505 3871 992 3955 HermogeneS,
1049 3888 1194 3937 sese
1227 3867 1641 3946 avulserant,
1681 3890 1759 3935 ac
1795 3887 1916 3954 pro
1969 3867 2345 3936 monastico
2378 3866 2614 3936 habitu
2652 3855 2872 3933 munda·

412 3976 579 4023 num
634 3955 1024 4036 induerant,
1066 3955 1393 4024 nimirum
1435 3956 1691 4044 Sergio,
1734 3955 1816 4023 de
1856 3975 1993 4041 quo
2034 3966 2189 4023 ante
2236 3955 2444 4024 verba
2482 3947 2872 4046 fecimus-(qm

409 4045 610 4112 etiam
685 4045 1091 4113 invectivum
1158 4056 1360 4131 atque
1427 4043 1887 4113 execrandum
1960 4042 2290 4113 adversus
2351 4058 2654 4114 sanctum
2705 4049 2868 4102 Vtrum

416 4131 733 4201 volumen
775 4132 1135 4218 condidit),
1189 4154 1267 4201 ac
1317 4145 1415 4201 ter
1451 4134 1700 4201 misero
1759 4131 2124 4220 Stephane,
2180 4132 2299 4217 qui
2349 4153 2506 4201 cum
2568 4126 2863 4211 Presbyter·

414 4242 492 4289 ac
561 4220 937 4310 supradicti
991 4221 1246 4290 Callisti
1298 4221 1613 4292 minister
1660 4221 1964 4310 primum
2031 4219 2408 4302 extitisset,
2468 4243 2545 4290 ac
2610 4210 2860 4287 deindea

462 4380 487 4403 ⁸¹
518 4381 679 4439 Insula
700 4382 748 4418 in
772 4379 1054 4429 Propontide
1079 4381 1196 4432 (Mar
1214 4383 1261 4421 ‹11
1281 4380 1528 4430 Marmara)
1551 4384 1658 4428 sits,
1677 4383 1764 4423 hoc
1784 4381 1971 4423 nomine
1990 4384 2156 4422 vocata
2175 4382 2234 4421 ob
2249 4392 2464 4430 magnam
2491 4384 2701 4423 damnum
2722 4369 2850 4419 W&

411 4432 492 4476 qui
513 4432 579 4470 ibi
606 4433 671 4471 alt
682 4435 862 4473 bantur.
883 4436 939 4473 In
960 4435 1093 4474 illam
1114 4446 1253 4483 porro
1274 4437 1483 4477 insulam
1504 4437 1547 4476 S.
1572 4436 1837 4485 Stephanus
1854 4437 2089 4485 relegatus
2110 4433 2202 4476 mit
2221 4444 2344 4477 nmo
2359 4436 2447 4476 7⁶8.
