2993 4837
525 350 607 414 84
1157 368 1236 414 ns
1282 369 1338 415 s.
1393 366 1711 414 narsem».
1758 367 1857 413 ει».
1911 365 2251 412 musanus
2681 345 2829 412 NOV.
2869 348 2897 412 3

441 450 775 522 solemnia
822 450 1241 531 divinorum,
1282 452 1369 519 ita
1413 463 1489 520 ut
1521 472 1606 520 ne
1648 463 2069 520 momentum
2105 450 2383 537 quidem
2416 449 2551 530 diei
2583 463 2693 519 aut
2734 449 2903 519 noctis

442 552 706 610 vacaret
769 561 806 607 a
875 538 1222 610 laudibus.
1292 545 1470 608 Haec
1544 539 1627 608 de
1696 539 1976 626 antiqua
2043 538 2220 609 dicta
2289 538 2427 610 sint
2485 538 2910 622 Benchorensis

443 628 838 699 monasterii
889 628 1130 719 gloria.
1184 632 1324 697 Hoc
1387 628 1553 699 olim
1617 628 2040 697 destructum
2107 650 2146 696 a
2210 627 2497 717 piratis.
2552 627 2636 696 ob
2695 626 2912 718 insigne

439 719 508 787 di
568 718 796 787 nitatis
836 718 1157 804 antiquae
1206 716 1600 799 Malachias,
1636 716 1843 786 veluti
1893 716 2241 803 quandam
2297 716 2914 873 replantaturusdpa·

443 741 778 886 rafidisum,
831 805 1191 896 amplexus
1237 820 1377 885 est,
1431 819 1494 875 et
1552 805 1712 891 quia
1765 805 1981 875 multa
2024 827 2315 894 corpora
2371 819 2749 875 sanctorum
2840 826 2918 873 or·

445 896 694 965 mirent
743 895 862 964 ibi.
918 900 1082 964 Nam
1120 905 1196 964 ut
1230 908 1488 963 taceam
1542 893 1659 963 illa
1689 916 1866 981 quae
1915 895 1983 963 in
2024 916 2187 984 pace
2222 893 2490 984 sepulta
2526 908 2704 975 sunt,
2740 892 2920 962 ferunt

442 996 825 1075 nongentos
874 982 1082 1053 simul
1135 1005 1272 1052 una
1323 984 1432 1051 die
1482 1005 1520 1051 a
1572 983 1812 1071 piratis
1859 983 2146 1052 occisos.
2211 988 2366 1052 Erat
2405 982 2678 1069 quidem
2726 982 2924 1073 ingens

444 1074 574 1142 loci
632 1072 820 1141 illius
868 1073 1258 1161 possessio,
1313 1072 1427 1140 sed
1483 1071 1850 1140 malachias
1900 1071 2043 1141 solo
2091 1082 2452 1141 contentus
2501 1071 2646 1141 loco
2690 1081 2920 1146 sancto,

444 1174 615 1232 totas
656 1161 1121 1251 possessiones
1152 1172 1217 1230 et
1249 1174 1462 1230 terras
1511 1159 1704 1229 alteri
1737 1161 1964 1229 cessit.
2021 1159 2370 1247 Siquidem
2408 1183 2442 1227 a
2480 1174 2788 1249 tempore,
2820 1179 2922 1245 quo

443 1250 864 1319 destructum
913 1261 1015 1338 est
1066 1249 1556 1319 monasterium
1597 1303 1611 1327 ,
1670 1271 1800 1317 non
1861 1248 2076 1317 defuit
2122 1249 2237 1336 qui
2291 1248 2461 1317 illud
2517 1260 2762 1318 teneret
2801 1267 2920 1316 cum

446 1337 997 1428 possessionibus
1029 1338 1199 1407 suis.
1237 1343 1400 1406 Nam
1435 1350 1500 1406 et
1531 1337 2125 1407 constituebantur
2166 1359 2284 1426 per
2312 1337 2706 1410 electionem
2738 1336 2920 1412 etiam.

443 1441 507 1497 et
555 1427 841 1496 Abbates
886 1425 1458 1516 appellabantur,
1506 1439 1849 1495 servantes
1892 1426 2189 1506 nomine,
2236 1439 2301 1495 et
2339 1427 2396 1495 si
2448 1447 2580 1494 non
2627 1448 2695 1495 re
2724 1480 2738 1507 ,
2785 1421 2920 1512 quod

445 1516 609 1587 olim
657 1516 985 1584 extiterat.
1027 1519 1329 1601 Cumque
1356 1514 1722 1584 suaderent
1754 1514 1949 1583 multi
1984 1537 2114 1584 non
2151 1514 2451 1584 alienare
2488 1515 2922 1604 possessiones,

446 1606 563 1674 sed
602 1617 816 1674 totum
855 1602 1061 1672 simul
1106 1604 1395 1673 retinere
1443 1604 1600 1684 sibi,
1661 1625 1791 1672 non
1844 1602 2182 1690 acquievit
2231 1604 2653 1693 paupertatis
2685 1614 2922 1676 amator,

445 1694 560 1763 sed
614 1693 769 1761 fecit
815 1691 975 1782 eligi
1004 1691 1199 1780 juxta
1234 1713 1491 1761 morem
1535 1693 1650 1779 qui
1693 1715 1807 1761 eas
1844 1705 2117 1772 teneret,
2160 1691 2307 1762 loco
2336 1694 2443 1781 (ut
2478 1689 2928 1783 praediximus)

444 1795 703 1851 retento
751 1780 907 1860 sibi,
953 1795 1017 1850 et
1056 1780 1225 1849 suis.
1280 1787 1357 1850 Et
1397 1780 1703 1850 fortassis
1758 1780 2163 1859 consultius,
2204 1795 2277 1851 ut
2314 1795 2460 1870 post
2492 1780 2830 1871 apparuit,
2858 1779 2930 1876 ia·

446 1884 712 1960 tegrum
766 1869 1194 1951 retinuisset,
1250 1870 1308 1939 si
1358 1891 1489 1938 non
1548 1871 1766 1958 magis
1816 1891 1979 1938 suae
2031 1870 2486 1959 prospexisset
2552 1870 2926 1944 humilitati,

444 1981 651 2116 guam
706 1958 879 2049 paci.
935 1963 1169 2043 Itaque
1234 1980 1313 2027 ex
1374 1957 1696 2027 mandato
1763 1958 1976 2047 patris
2027 1958 2260 2026 lmarii
2317 1959 2698 2059 assumptis
2745 1979 2932 2053 secuta

494 2068 677 2117 ecem
728 2046 999 2116 circiter
1045 2046 1395 2128 fratribus,
1437 2047 1714 2115 veniens
1745 2046 1826 2114 ad
1882 2045 2133 2126 locum,
2173 2047 2394 2136 coepit
2425 2046 2807 2117 aedificare.
2843 2043 2934 2114 Ubi

442 2136 740 2224 quadam
783 2136 894 2204 die
932 2158 1090 2205 cum
1143 2135 1213 2204 in
1263 2135 1487 2205 securi
1536 2136 1682 2225 ipse
1732 2147 2010 2216 secaret,
2057 2157 2225 2205 casu
2269 2157 2349 2205 ex
2396 2136 2733 2226 operariis
2773 2153 2929 2209 unus,

443 2225 561 2304 illo
611 2225 916 2294 vibrante
963 2225 1033 2292 in
1075 2227 1228 2292 aera
1281 2225 1602 2305 securim,
1644 2223 1867 2292 locum
1907 2225 2177 2293 incaute
2205 2225 2590 2314 occupavit,
2631 2247 2767 2313 quo
2801 2223 2929 2292 ictus

443 2313 955 2384 destinabatur:
1008 2326 1073 2382 et
1119 2312 1363 2382 cecidit
1429 2334 1637 2403 super
1702 2313 1974 2402 spinam
2025 2312 2210 2381 dorsi
2264 2313 2449 2402 ejuS‚
2508 2327 2698 2383 tanto
2746 2312 2932 2398 utique

446 2403 731 2493 impetu,
784 2413 1041 2489 quanto
1090 2400 1204 2470 ille
1250 2415 1499 2472 conatu
1536 2402 1914 2492 impingere
1950 2401 2182 2471 valuit.
2237 2397 2502 2473 Corruit
2539 2402 2698 2471 ille:
2747 2420 2940 2501 aecur—

447 2493 595 2560 rere
643 2513 881 2561 omnes
913 2545 928 2570 ,
986 2502 1300 2580 putantes
1348 2505 1466 2561 aut
1510 2513 1962 2581 percussum,
2025 2503 2143 2559 aut
2196 2504 2566 2560 mortuum.
2629 2497 2708 2562 Et
2758 2505 2944 2562 tumea

444 2579 721 2668 quidem
775 2579 985 2650 scissa
1035 2600 1072 2646 a
1123 2601 1395 2650 summo
1445 2602 1664 2668 usque
1711 2578 2056 2660 deorsum,
2111 2578 2318 2648 homo
2368 2601 2522 2650 vero
2566 2580 2845 2651 illaesus
2872 2578 2946 2646 in-

360 2738 363 2741 ,
446 2681 689 2737 ventus
739 2679 884 2747 est,
940 2679 1075 2735 tam
1123 2667 1385 2737 modice
1432 2679 1498 2737 et
1547 2668 1944 2738 summatim
2001 2669 2351 2758 perstricta
2393 2681 2548 2741 cute
2579 2725 2593 2749 ‚
2658 2685 2732 2740 ut
2765 2670 2860 2737 vix
2895 2664 2942 2734 in

448 2756 814 2846 superficie
872 2756 1232 2846 vestigium
1302 2769 1681 2846 appareret.
1747 2757 1976 2826 Stabat
2036 2758 2238 2825 homo
2290 2757 2715 2838 incolumis,
2784 2772 2944 2845 quem

448 2845 711 2916 securis
738 2858 1209 2935 prostraverat,
1245 2845 1674 2915 intuentibus
1713 2858 1775 2913 et
1807 2847 2241 2936 stupentibus
2267 2846 2383 2933 qui
2418 2847 2944 2916 circumstabant.

449 2934 637 3003 Unde
670 2948 735 3003 et
768 2933 923 3002 facti
964 2932 1353 3014 alacrioreS,
1401 2934 1855 3025 promptiores
1891 2933 2131 3003 exinde
2170 2933 2256 3003 ad
2292 2958 2466 3035 opus
2501 2936 2763 3005 inventi
2799 2942 2944 3004 sunt.

448 3027 524 3091 Et
565 3023 691 3091 hoc
726 3022 1000 3092 initium
1056 3022 1408 3111 signorum
1447 3021 1842 3092 Malachiae.
1881 3027 2085 3103 Porro
2111 3034 2482 3092 oratorium
2522 3025 2704 3094 intra
2740 3045 2862 3115 pau

446 3110 593 3180 dies
640 3124 1194 3181 consummatum
1260 3124 1410 3193 est,
1464 3112 1549 3181 de
1598 3110 1806 3201 lignis
1870 3111 2146 3198 quidem
2201 3112 2598 3202 laevigatis,
2669 3114 2785 3183 sed
2834 3116 2952 3199 ap‘

449 3200 873 3287 firmiterque
919 3211 1332 3280 contextum,
1373 3222 1551 3290 opus
1602 3200 1970 3281 Scoticum,
2030 3199 2344 3289 pulcrum
2383 3201 2571 3271 satis.
2621 3207 2710 3271 -Et
2749 3194 2920 3271 exind

448 3289 741 3358 servitur
774 3295 905 3357 Deo
937 3289 1003 3357 in
1040 3310 1142 3368 eo,
1197 3289 1375 3358 sicut
1426 3290 1490 3356 in
1544 3288 1787 3357 diebus
1835 3288 2163 3375 antiquiS,
2217 3288 2425 3358 simili
2464 3289 2748 3377 quidem
2792 3290 2900 3358 dev

449 3379 650 3458 tione,
688 3378 813 3447 etsi
866 3398 1000 3446 non
1034 3377 1184 3466 pari
1225 3399 1534 3447 numero.
1590 3377 1885 3448 Praefuit
1934 3377 2302 3447 Malachias
2343 3378 2491 3447 loco
2541 3377 2643 3447 illi
2686 3392 2899 3468 tempo

446 3466 821 3553 aliquantO,
881 3478 1066 3555 patre
1118 3466 1369 3535 Imario
1406 3466 1495 3535 ita
1528 3467 2024 3536 constituente:
2081 3467 2226 3555 ipse
2276 3480 2515 3546 rector,
2557 3468 2705 3556 ipse
2759 3462 2922 3565 regul

448 3556 760 3625 fratrum.
817 3554 1156 3643 Legebant
1204 3555 1271 3622 in
1325 3555 1457 3623 vita
1506 3555 1678 3643 ejus,
1718 3554 2063 3643 quomodo
2098 3569 2692 3633 conversarentur,
2733 3568 2797 3624 et
2843 3577 2899 3642 tp

446 3658 601 3714 ante
638 3643 791 3714 illos
832 3643 1138 3732 praeibat
1188 3643 1253 3711 in
1302 3643 1569 3730 justitia
1602 3658 1666 3712 et
1706 3643 2065 3713 sanctitate
2102 3666 2330 3712 coram
2390 3650 2563 3713 Deo:
2609 3644 2754 3714 -nisi
2806 3666 2886 3729 qu

448 3746 717 3822 praeter
750 3732 1056 3801 instituta
1089 3732 1510 3812 communia,
1547 3731 1762 3801 multa
1799 3732 2242 3823 singulariter
2275 3731 2695 3814 faciebat,·in
2734 3731 2928 3819 quibu

456 3824 684 3911 potius
733 3820 1039 3912 praeibat
1086 3843 1371 3901 omnes,
1427 3834 1491 3891 et
1561 3821 1853 3891 aliorum
1908 3843 2108 3891 nemo
2158 3821 2353 3892 illum
2408 3836 2666 3912 poterat
2716 3821 2800 3891 ad
2851 3834 2957 3887 tam

447 3910 665 3980 ardua
699 3910 976 3998 sequi...

536 4002 571 4085 ξ
617 4003 697 4070 S.
754 3999 1046 4068 Vacabat
1097 4011 1257 4067 tunc
1310 3999 1635 4088 temporis
1687 3997 2107 4088 Episcopalis
2157 3997 2390 4078 sedeS,
2444 4010 2508 4067 et
2549 3998 2820 4087 jamdiu
2871 4014 2957 4060 va<

449 4101 657 4167 carat,
713 4088 1046 4158 Malachia
1096 4088 1367 4156 nolente
1399 4088 1757 4156 assentire.
1792 4086 2142 4173 Siquidem
2176 4088 2400 4177 ipsum
2434 4087 2800 4177 elegerant.
2836 4090 2957 4153 Per·

452 4175 850 4246 sistentibus
879 4192 1103 4246 tamen
1143 4175 1306 4257 iuis,
1364 4176 1637 4244 tandem
1672 4173 2045 4262 aliquando
2075 4177 2302 4256 cessit,
2340 4176 2700 4245 accedente
2731 4174 2812 4243 ad
2849 4173 2957 4237 vim

448 4263 830 4333 faciendam
886 4264 1206 4333 mandato
1243 4264 1565 4357 ‚magistri
1610 4265 1743 4344 sui,
1801 4286 2062 4333 necnon
2106 4277 2170 4333 et
2210 4264 2727 4352 Metropolitani.
2768 4261 2957 4330 Trice÷

451 4352 627 4421 simo
677 4351 889 4421 ferme
928 4354 1165 4420 aetatis
1215 4374 1381 4422 suae
1429 4374 1651 4433 ann0,
1709 4352 2076 4422 Malachias
2125 4368 2562 4422 consecratus
2612 4354 2957 4443 Episcopus

448 4440 911 4510 introducitur
960 4442 1379 4509 connereth:
1434 4442 1562 4510 hoc
1618 4442 1799 4509 enim
1862 4463 2108 4511 nomen
2159 4441 2475 4511 civitatis.
2542 4448 2699 4512 Cum
2754 4451 2957 4507 autem
