2993 4837
552 315 677 376 3530
1150 331 1225 375 m:
1275 331 1329 375 s.
1370 331 1665 375 annuam)
1715 331 1809 374 ar.
1870 330 2328 376 CANTL'ARlENsl
2683 313 2835 376 Not.
2879 316 2935 378 ta

463 417 603 494 illa,
660 431 733 484 ut
779 430 923 485 erat
954 417 1329 492 admonita,
1386 429 1451 484 et
1499 437 1656 484 cum
1699 414 1954 483 multae
2005 415 2163 483 inde
2211 415 2553 485 confectae
2592 421 2937 486 essentCru·

461 531 595 586 ces,
639 504 961 593 permulti
1010 505 1255 595 signati
1296 517 1479 582 sunt,
1539 525 1661 572 nec
1697 517 1923 573 tamen
1974 504 2345 591 quicquam
2399 504 2536 574 fere
2582 506 2667 574 de
2729 505 2824 572 filo
2859 505 2938 572 de·

459 596 745 663 cessisse
796 594 1174 663 videbatur.
1214 598 1380 662 Cum
1432 593 1820 676 wigorniae
1849 606 2031 661 extra
2074 593 2411 682 templum
2454 596 2934 668 concionaretur,

460 683 737 751 horrida
780 683 997 752 nubes
1029 705 1099 750 se
1153 695 1425 772 repente
1451 680 1751 761 diffudit,
1805 682 2234 751 vehementes
2283 684 2722 753 auditoribus
2755 683 2940 758 imbres

461 773 810 840 minitans.
869 772 1178 840 Sentiens
1215 772 1316 838 vir
1369 770 1477 837 Dei
1510 784 1980 839 consternatos
2020 770 2175 839 illos
2202 772 2347 858 jam
2376 772 2610 862 fugam
2668 771 2930 846 meditari,

459 861 734 950 signum
788 862 1023 930 Crucis
1070 873 1308 929 contra
1358 859 1512 927 illas
1564 859 1782 928 nubes
1844 860 2212 948 expressit,
2268 862 2362 928 ita
2410 861 2695 930 dicens:
2737 885 2772 926 a
2803 865 2936 927 Prae-

458 950 641 1040 cipio
693 949 839 1029 tibi,
900 949 1198 1038 maligne
1248 948 1557 1038 spirituS‚
1612 961 1688 1016 ut
1741 949 1975 1035 procul
2027 949 2190 1017 hinc
2238 950 2602 1025 abscedas,
2659 972 2778 1018 nec
2814 949 2936 1016 hunc

462 1037 792 1128 populum
845 1060 1060 1107 ausus
1109 1039 1203 1108 sis
1253 1036 1680 1126 impedire.»
1722 1038 1917 1115 Dixit,
1970 1051 2035 1105 et
2082 1037 2400 1125 dispulsa
2450 1061 2608 1108 mox
2652 1052 2788 1107 atra
2833 1037 2942 1104 cali-

458 1129 637 1216 gine,
686 1129 901 1196 nubes
943 1126 1169 1196 lucida
1212 1125 1648 1194 obumbravit
1696 1148 1832 1202 eos,
1882 1126 2152 1194 interim
2198 1128 2264 1194 in
2308 1128 2612 1197 circuitu
2664 1149 2812 1196 cuni
2852 1147 2944 1191 ma·

458 1240 593 1306 gna
645 1230 1038 1304 tempestate
1090 1215 1304 1283 multa
1346 1215 1586 1302 pluvia
1621 1214 1927 1283 cadente.
1985 1221 2197 1304 Saepe
2244 1217 2448 1284 etiam
2488 1217 2668 1285 alias
2727 1215 2944 1282 diversis

460 1305 882 1404 temporibus
918 1304 1215 1394 pluviam
1268 1316 1332 1371 et
1383 1316 1848 1392 tempestatem
1885 1306 1973 1373 ab
2012 1325 2091 1372 eo
2143 1303 2312 1386 1000,
2366 1327 2505 1392 quo
2552 1304 2948 1396 concionale-2

458 1407 590 1475 tur,
644 1406 904 1462 avertit.

544 1487 580 1570 ξ
630 1487 770 1554 15.
852 1487 1015 1550 Cum
1080 1493 1306 1550 autem
1352 1480 1862 1548 Cantuariensis
1922 1480 2117 1548 sedes
2150 1482 2295 1570 jam
2369 1481 2489 1551 diu
2542 1489 2942 1551 vacassent&

381 1624 387 1630 .
456 1572 539 1639 ad
595 1571 995 1661 Gregorium
1049 1574 1135 1638 lx
1169 1569 1561 1638 Pontificem
1608 1571 1975 1636 Maximum
2026 1569 2060 1599 ⁸²
2115 1570 2433 1641 devoluta
2489 1585 2675 1640 esset
2723 1570 2813 1638 illi
2857 1591 2938 1634 nie·

457 1660 701 1750 tropoli
749 1673 1084 1748 pastorem
1140 1658 1582 1748 praeficiendi
1618 1657 2040 1738 deliberatio,
2082 1681 2201 1748 per
2241 1681 2516 1728 omnem
2549 1659 2948 1759 Angliamillee¹

455 1749 818 1839 diligenter
871 1771 986 1836 per
1014 1748 1187 1816 fidos
1235 1748 1527 1815 nuncios
1553 1747 1762 1833 jussit
1813 1747 2091 1834 inquiri,
2125 1749 2282 1833 quis
2334 1748 2432 1816 illi
2481 1771 2680 1818 oneri
2734 1745 2948 1820 ferend-³,

455 1839 523 1906 in
560 1839 802 1928 primis
853 1837 1163 1916 idoneus,
1224 1850 1545 1923 tantoque
1583 1837 1837 1904 bonore
1883 1835 2061 1903 allici
2117 1836 2484 1925 praecipue
2530 1837 2792 1927 dignus
2844 1857 2932 1902 om·

457 1929 646 1994 nium
689 1926 953 2015 judicio
1009 1939 1423 1993 censeretur.
1485 1924 1784 1992 Tandem
1848 1925 2253 1994 Edmundus
2326 1948 2510 1994 unus
2558 1927 2859 1994 omnium
2899 1933 2948 2018 a,

453 2016 856 2103 aptissimus
898 2028 966 2083 et
1015 2014 1471 2103 dignissimus
1502 2014 1929 2081 existimatus
1977 2028 2100 2092 est;
2153 2035 2451 2100 eumque
2484 2016 2817 2084 canonice
2854 2013 2932 2077 elt-

452 2118 667 2182 ctum,
713 2104 1181 2174 cantuariensi
1234 2100 1572 2170 Ecclesiae
1600 2116 1937 2187 pastorem
1989 2102 2198 2171 dedit.
2239 2103 2419 2171 Missi
2457 2118 2628 2172 sunt
2664 2119 2798 2172 tum
2842 2121 2930 2185 spe}

452 2193 734 2262 ctabiles
784 2194 904 2261 viri
941 2191 1024 2261 ad
1064 2191 1430 2259 Ecclesiam
1485 2191 2074 2270 salisberiensem,
2121 2192 2239 2277 qui
2280 2213 2438 2260 eum
2478 2187 2930 2261 Cantuariam⁴⁸

454 2282 926 2371 perducerent,
982 2280 1095 2349 sed
1152 2280 1557 2365 inquisitum
1616 2279 1899 2347 minime
1944 2296 2364 2369 repererunt.
2421 2285 2496 2348 In
2553 2304 2737 2382 pago
2777 2292 2928 2348 auten

454 2371 759 2441 Calvensi
813 2372 1085 2439 invento
1127 2369 1454 2444 indicant,
1513 2368 1677 2454 quid
1730 2368 1813 2437 de
1864 2369 2012 2458 ipso
2061 2369 2311 2438 factum
2353 2369 2459 2439 sit.
2543 2376 2623 2441 At
2677 2369 2787 2439 illo
2833 2386 2928 2461 cot}-

454 2463 703 2529 sentire
754 2460 1043 2539 nolente,
1103 2459 1388 2527 redeunt
1421 2457 1504 2526 ad
1552 2457 2107 2527 Salisberiensem
2155 2459 2565 2549 Episcopum
2596 2516 2612 2538 ,
2660 2458 2813 2547 quid
2855 2460 2930 2521 En]-

454 2550 758 2618 mundus
795 2548 1241 2637 responderit,
1298 2559 1672 2633 exponunt.
1729 2548 2064 2635 Praecipit
2114 2547 2226 2616 illc
2274 2549 2569 2636 graviter
2621 2563 2689 2616 et
2736 2567 2923 2617 severe,

450 2651 526 2705 ut
565 2638 856 2706 obediat.
914 2643 1042 2705 Nec
1094 2650 1317 2705 tamen
1364 2635 1770 2703 Edmundus
1812 2636 1989 2704 flecti
2036 2650 2272 2723 potest,
2318 2636 2534 2705 donec
2557 2638 2825 2707 -dictum
2850 2644 2922 2699 est,

453 2748 608 2795 eum
665 2727 992 2811 mortiferi
1046 2726 1303 2814 peccati
1357 2724 1737 2817 periculum
1806 2725 2091 2792 minime
2152 2746 2545 2801 evasurum,
2605 2727 2665 2795 si
2715 2746 2924 2795 const-t:-

452 2816 575 2884 tire
629 2814 817 2883 nolit.
872 2820 1039 2884 Tum
1110 2813 1222 2882 ille
1282 2819 1487 2881 Deum
1541 2813 1883 2881 offendere
1934 2814 2204 2893 timens,
2267 2827 2331 2883 et
2381 2814 2708 2902 precibus
2752 2814 2922 2881 victus.

450 2917 513 2973 et
566 2903 823 2973 ratione
871 2904 1246 2977 convictus,
1293 2916 1355 2969 ct
1392 2915 1751 2990 praecepto
1799 2902 2122 2979 adactus,
2178 2904 2470 2971 assensit
2520 2904 2814 2977 tandem,
2855 2891 2922 2964 sed

452 2994 540 3061 ita
597 3006 847 3069 tamen,
910 3006 983 3060 ut
1034 3004 1522 3082 protestaretur
1570 3014 1641 3057 se
1694 2989 1882 3058 nulla
1948 2993 2206 3059 ratione
2253 2992 2566 3060 electioni
2624 2992 2722 3060 illi
2768 3006 2922 3057 cessu-

450 3104 628 3160 rum,
668 3083 799 3150 nisi
830 3083 1123 3169 graviter
1157 3103 1225 3148 se
1265 3081 1327 3147 in
1368 3085 1573 3146 Deum
1617 3093 2053 3168 peccaturum
2093 3081 2515 3149 formidaret.
2549 3086 2648 3149 Ita
2686 3081 2917 3148 demum.

448 3171 720 3240 cunctis
777 3171 1283 3244 exultantibus,
1338 3167 1710 3237 admodum
1784 3167 2158 3237 honorifice
2214 3186 2278 3237 et
2329 3169 2547 3238 multa
2608 3166 2924 3239 celebritate-

449 3260 1017 3348 Arcbiepiscopus
1064 3259 1422 3327 ordinatus
1455 3271 1556 3324 est
1602 3257 1727 3324 ²⁵⁸.

535 3352 571 3435 ἓ
621 3355 766 3420 16.
824 3355 1056 3417 Pastor
1106 3348 1315 3438 igitur
1363 3348 1429 3413 in
1476 3346 1732 3434 populo
1769 3347 1882 3415 Dei
1924 3345 2361 3425 constitutus,
2423 3348 2614 3415 omni
2667 3347 2920 3437 virtutum

448 3460 694 3525 genere
746 3437 965 3527 magis
1004 3459 1081 3505 ac
1121 3437 1339 3526 magis
1379 3434 1664 3503 enituit:
1722 3456 1844 3504 nec
1894 3435 1977 3503 de
2025 3457 2127 3514 ea,
2179 3435 2758 3521 quam-diximuS,
2807 3442 2922 3525 vttflss

448 3528 797 3596 severitate
845 3540 909 3595 et
955 3526 1211 3594 duritia
1259 3525 1630 3611 quicquam
1698 3524 1982 3608 remisit3
2037 3524 2153 3595 sed
2198 3524 2264 3591 in
2324 3524 2471 3592 dies
2521 3525 2743 3613 potius
2782 3535 2920 3605 quw·

449 3618 628 3704 piam
683 3616 767 3684 ad
818 3638 967 3685 eam
1001 3615 1270 3705 adjecit.
1312 3619 1450 3682 Non
1499 3612 1914 3681 induebatur
1941 3635 2248 3703 purpura
2279 3626 2343 3681 et
2379 3614 2603 3700 bysso,
2649 3624 2759 3680 aut
2794 3620 2916 3701 veste

442 3706 760 3792 pretiosa,
806 3718 881 3773 ut
929 3704 1147 3773 solent
1198 3702 1506 3792 plerique
1557 3703 1914 3791 Episcopi:
1970 3701 2082 3771 sed
2136 3716 2497 3770 contentus
2563 3714 2701 3770 erat
2747 3710 2942 3766 tunic-21

444 3796 542 3862 vel
595 3794 897 3874 candidi,
955 3793 1050 3860 vel
1104 3792 1409 3861 cinericii
1452 3791 1723 3863 coloris.
1783 3791 1977 3878 pretii
2029 3813 2162 3859 non
2209 3791 2465 3859 matrni.
2507 3796 2582 3859 At
2631 3804 2824 3857 tamen
2866 3800 2912 3874 tw

439 3881 628 3953 frons
677 3907 713 3952 a
764 3883 1047 3953 caeteris
1107 3882 1549 3970 discreparet,
1608 3880 1998 3969 superiores
2067 3892 2283 3947 vestes
2381 3893 2652 3948 onestas
2716 3873 2905 3971 haban·

442 3994 572 4039 non
621 3986 845 4041 tamen
898 3971 1127 4041 studio
1177 3970 1518 4039 vanitatis.
1565 3974 1730 4039 Cum
1789 3983 1966 4038 esset
2014 3969 2081 4035 in
2137 3968 2414 4047 itinere,
2473 3969 2531 4035 si
2579 3967 2725 4055 quis
2766 3984 2813 4029 et
2844 3950 2905 4017 vt‘l

445 4062 885 4130 tenuissimae
920 4061 1119 4131 sortis
1172 4060 1375 4128 bomo
1428 4073 1695 4149 peccata
1754 4080 1881 4127 sua
1922 4057 2230 4125 confiteri
2295 4057 2639 4133 voluisset,
2695 4071 2819 4122 mox
2851 4041 2904 4109 &b

439 4171 613 4236 equo
661 4149 936 4232 desiliit,
976 4148 1411 4218 confitentem
1456 4148 1740 4222 audivit,
1785 4147 1971 4236 pium
2025 4158 2089 4214 et
2134 4145 2480 4214 affabilem
2536 4146 2630 4214 illi
2661 4166 2725 4212 se
2768 4152 2901 4229 prae·-

442 4237 631 4318 buit,
690 4262 811 4309 nec
876 4239 1123 4328 repulit
1171 4261 1327 4307 cum
1382 4237 1480 4305 vel
1542 4238 1628 4306 ob
1691 4237 2013 4325 temporis
2081 4236 2683 4325 importunitatem,
2732 4225 2809 4295 vel
2847 4234 2900 4285 οἱ)

496 4402 518 4423 *
551 4402 803 4447 Gregorius
826 4404 902 4449 Pp.
922 4403 981 4440 lx
1004 4403 1059 4440 ab
1081 4412 1200 4442 anno
1223 4404 1325 4442 1227
1347 4412 1495 4451 usque
1521 4402 1577 4441 ad
1599 4403 1696 4441 1241
1722 4398 1950 4447 regnavit,

496 4454 546 4476 ’μ
577 4454 779 4500 anglico,
806 4456 1087 4505 Canrerbnry.
1573 4455 1653 4481 *Ἡ*
1685 4458 1815 4493 Anno
1844 4456 1959 4496 1234.
1987 4454 2062 4492 die
2089 4463 2201 4493 vero
2229 4454 2438 4493 secunda
2467 4452 2639 4502 aprilis
