2993 4837
554 321 679 383 476
1309 338 1387 383 na
1438 337 1493 384 s.
1551 335 1794 384 canoro
1843 333 2175 382 Bonnense
2711 315 2920 383 ttovt

462 421 894 508 inquirebat:
947 421 1129 509 quod
1179 434 1324 490 erat
1373 412 1902 510 providendum,
1957 422 2245 490 curabat
2293 420 2685 511 diligenter,
2722 432 2777 488 et
2820 440 2926 486 me·

464 509 723 580 moriae
770 511 1012 601 gratia,
1050 510 1235 598 quod
1285 509 1462 580 facto
1510 531 1686 600 opus
1734 522 1899 590 erat,
1937 509 2296 579 confestim
2351 510 2419 578 in
2472 507 2688 579 libello
2717 507 2928 577 notabat

464 598 648 687 ipse;
694 599 1060 689 pecuniam
1111 621 1384 687 quoque
1435 621 1650 668 manu
1699 621 1825 668 sua
1876 597 1978 667 lar
2028 620 2064 667 e
2111 598 2318 669 dabat
2349 598 2619 689 egenis;
2666 596 2798 684 ejus
2828 606 2932 665 erat

461 687 1009 769 consuetudinis,
1045 710 1124 757 ex
1157 686 1633 758 hebdomadae
1662 687 1931 768 diebuS,
2021 709 2148 758 uos
2180 688 2264 756 iis
2295 687 2460 757 dare
2490 687 2604 774 qui
2637 687 2697 753 in
2729 686 2933 755 civitate

464 778 860 859 manebant,
900 778 1203 864 reliquos
1236 777 1322 849 iis
1354 778 1474 865 qui
1510 789 1698 845 extra
1740 777 2013 845 moenia
2058 771 2254 865 erant
2285 777 2517 847 educti
2547 800 2562 860 ;
2597 774 2779 843 domo
2805 774 2882 841 ex'
2920 802 2931 828 ι

463 886 850 952 nunquam,
907 867 1037 935 nisi
1089 863 1372 936 suor‘um
1426 865 1672 935 salutis
1701 865 1966 955 gratia:
2022 865 2331 935 mittebat
2377 866 2584 935 etiam
2617 863 2852 950 aliquos
2894 887 2942 922 »ι

466 954 817 1043 primariis
865 954 1013 1024 suis
1062 955 1503 1044 presbyteris,
1559 953 1682 1041 qui
1731 955 1798 1021 in
1840 955 2036 1041 equis
2087 955 2295 1024 cistas
2345 966 2667 1034 tenenteS,
2714 973 2820 1041 aeg
2862 979 2941 1012 ··.-‹

463 1044 760 1112 ostiatim
815 1043 1207 1115 tribuebant
1243 1043 1687 1131 exquisitiora
1727 1041 2094 1130 quaedam,
2138 1064 2315 1130 quae
2355 1041 2819 1133 languentibus
2851 1062 2877 1107 s
2903 1069 2921 1096 v

468 1132 732 1201 machis
765 1145 992 1202 essent
1039 1132 1442 1202 levamento
1498 1136 1841 1222 AegrotOS,
1882 1132 2002 1219 qui
2043 1131 2128 1201 ob
2162 1131 2567 1222 dignitatem
2602 1131 2669 1198 in
2706 1128 2852 1198 urbe
2908 1157 2917 1190 2

467 1219 980 1307 linquebantur‚
1023 1222 1170 1311 ipse
1204 1221 1485 1302 visebat,
1539 1218 2049 1301 consolabatur,
2108 1220 2609 1312 indulgentiam
2652 1219 2941 1290 tribue

466 1309 792 1380 cubicula
839 1312 992 1400 ipsa
1040 1310 1477 1399 ingredienS,
1532 1309 1616 1379 ad
1672 1310 1862 1398 ipsos
1919 1330 2195 1396 quoque
2244 1309 2453 1380 lectos
2502 1307 2856 1385 accedebat.

468 1399 714 1487 primis
775 1401 1064 1469 curabat
1110 1398 1594 1468 ecclesiasticis
1642 1398 1807 1467 viris
1857 1398 2256 1480 subveniri,
2317 1400 2400 1469 iis
2453 1396 2829 1488 praesertim
2865 1415 2939 1479 qe·-

466 1488 692 1578 aegris
722 1488 1220 1557 deservierant:
1260 1488 1549 1574 ideoque
1570 1488 1898 1577 jusserat,
1939 1500 2014 1557 ut
2043 1489 2191 1556 sine
2242 1509 2456 1566 mora,
2502 1487 2587 1557 de
2621 1485 2837 1555 inferio
2864 1509 2869 1518 “

468 1577 711 1645 morbo
759 1577 1096 1666 gradatim
1156 1577 1477 1646 certiores
1533 1575 1775 1646 fierent
1832 1577 2273 1666 superiores:
2337 1577 2509 1666 ipsis
2571 1574 2859 1665 parochis
2910 1619 2915 1630 -

467 1665 662 1746 urbe,
719 1668 776 1734 si
825 1680 1086 1756 pestem
1138 1666 1642 1747 contraherent,
1696 1665 2070 1754 juvandi5‚
2125 1688 2199 1735 se
2249 1666 2476 1755 ipsum
2529 1665 2865 1735 offerebat:
2901 1658 2910 1670 ’

470 1754 766 1824 dioecesi
800 1776 956 1824 vero
996 1754 1258 1825 vicinos
1292 1754 1652 1845 parochos,
1692 1767 1837 1823 tum
1889 1754 2341 1844 PraepositOS,
2384 1766 2505 1823 aut
2538 1753 2822 1823 Vicarios
2847 1751 2929 1818 »ht-

475 1843 768 1923 tabatur‚
823 1855 896 1912 ut
946 1843 1411 1925 subvenirent,
1466 1855 1669 1930 atque
1717 1843 1826 1911 his
1875 1863 2009 1911 non
2062 1843 2286 1913 solum
2340 1842 2766 1911 sacramenta
2809 1860 2919 1930 ωιιχ

473 1932 673 2001 strari
706 1932 1024 2014 decrevit,
1053 1933 1168 2002 sed
1202 1933 1404 2002 etiam
1438 1931 1796 2033 religiosae
1817 1931 2306 2002 consolationis
2332 1932 2669 2010 levamen,
2695 1931 2907 2018 quam

473 2022 775 2089 animam
812 2036 1135 2111 agerent:
1184 2022 1414 2093 missis
1448 2021 1534 2090 ad
1577 2021 1644 2089 id
1687 2042 2126 2107 quocumque
2159 2034 2499 2110 oporteret
2529 2017 2894 2090 sacerdoti

472 2109 812 2179 adhiberi.
853 2115 1063 2198 Atque
1103 2110 1507 2198 hujusmodi
1550 2111 1769 2180 Caroli
1805 2110 2138 2190 instituta,
2193 2110 2672 2197 quotidianam
2710 2128 2895 2199 pra

474 2199 663 2279 tiam,
709 2200 1374 2286 cohortationesque,
1410 2221 1567 2268 curn
1610 2199 1860 2267 eximia
1900 2198 2231 2267 charitate
2262 2211 2326 2268 et
2360 2199 2695 2269 suavitate
2736 2215 2917 2283 conj

470 2302 639 2366 ctaS,
682 2288 1062 2378 plurimum
1103 2289 1400 2358 valuisse
1434 2288 1728 2357 dubium
1767 2309 1902 2357 non
1939 2300 2061 2364 est,
2103 2301 2178 2357 ut
2210 2300 2393 2356 tanta
2433 2288 2702 2369 civitas,
2736 2308 2806 2355 ca
2849 2311 2913 2345 ⁵·

474 2399 694 2465 genus
722 2377 1060 2467 ejusmodi
1096 2377 1360 2470 tamdiu
1395 2376 1593 2447 facile
1623 2375 1978 2446 toleraret:
2011 2376 2194 2464 quod
2235 2376 2429 2447 initio
2456 2375 2565 2447 vix
2598 2373 2913 2466 sperabat

474 2466 794 2552 quodque
842 2466 930 2534 ab
977 2465 1133 2534 aliis
1181 2466 1572 2536 civitatibus
1613 2465 1751 2535 fere
1797 2487 1934 2535 non
1987 2466 2209 2554 potuit
2238 2467 2558 2536 obtineri.
2599 2471 2909 2549 Quamqu

475 2567 700 2622 autern
739 2554 825 2622 ab
862 2555 1059 2642 initio
1106 2555 1385 2625 Carolus
1417 2611 1431 2637 ,
1486 2567 1563 2624 ut
1616 2554 2162 2624 demonstratum
2214 2568 2353 2635 est,
2407 2555 2700 2623 consilio
2737 2553 2873 2621 favit

481 2665 563 2729 po
621 2642 733 2711 ulo
768 2644 832 2710 in
870 2644 1178 2713 custodia
1211 2644 1528 2713 babendo
1561 2669 1574 2708 :
1613 2665 1770 2713 cum
1807 2643 2136 2712 intellexit
2172 2655 2397 2712 tamen
2437 2643 2599 2733 plus
2630 2645 2691 2712 ei
2731 2661 2914 2711 rem-⁸·

479 2732 560 2797 tri
620 2732 713 2811 ui,
769 2752 974 2817 quarn
1027 2733 1109 2800 ad
1164 2732 1466 2803 divinam
1524 2731 2064 2801 misericordiam
2108 2733 2620 2823 agnoscendam
2672 2751 2831 2822 opus
2861 2749 2915 2795 e*—

480 2818 860 2900 videretur,
903 2821 1188 2907 ideoque
1226 2823 1725 2911 praescriptum
1764 2820 2220 2910 quadraginta
2256 2821 2524 2891 dierum
2571 2832 2888 2910 tempusp

479 2907 675 2987 duci,
708 2910 794 2977 ita
841 2923 914 2977 ut
954 2910 1123 2998 ipsis
1154 2911 1482 2979 natalitiis
1512 2911 1780 2979 Domini
1812 2910 2001 2979 festis
2044 2910 2348 3000 populus
2378 2910 2459 2979 ad
2504 2910 2822 2980 ecclesias
2851 2927 2935 3000 ον.

485 2998 734 3078 venire,
772 2998 1053 3086 ipseque
1076 3000 1500 3068 Pontificiam
1530 2998 2058 3099 indulgentiam,
2092 3020 2268 3085 quae
2294 2999 2376 3067 ad
2407 2998 2765 3067 serendum
2796 2991 2915 3064 Ital

486 3099 669 3175 peste
723 3087 1053 3156 laboranti
1123 3089 1458 3158 auxilium
1496 3143 1510 3166 ,
1567 3086 1868 3156 Pontifex
1933 3088 2000 3155 in
2065 3089 2464 3156 universum
2536 3105 2860 3177 proposue

480 3174 919 3264 promulgare
951 3233 965 3258 ,
1024 3177 1392 3263 liberisque
1439 3177 1893 3246 conventibus
1943 3175 2289 3245 celebrare
2335 3199 2468 3246 non
2539 3190 2811 3266 posset,
2852 3194 2935 3245 οὶ...

479 3265 986 3345 Gubernatore,
1042 3267 1162 3352 qui
1212 3266 1663 3354 Viglebanum
1718 3279 2127 3346 secesserat,
2183 3266 2478 3356 graviter
2525 3262 2911 3356 expostulat·

480 3355 723 3440 vixque
775 3376 843 3422 se
892 3355 1279 3435 continuit,
1348 3356 1515 3442 quin
1582 3355 1771 3423 omni
1823 3375 1947 3424 suo
2007 3368 2259 3424 conatu
2323 3355 2686 3423 resisteret.
2741 3358 2929 3420 ‘rant-2-

481 3443 685 3511 tribui
741 3444 1020 3513 Carolus
1056 3444 1383 3512 humanis
1432 3443 1820 3512 rationibus
1869 3442 2157 3522 volebat,
2208 3455 2280 3511 ut
2329 3465 2518 3532 spem
2558 3464 2755 3512 suam
2790 3459 2875 3508 om
2920 3459 2931 3489 ι-

480 3534 545 3600 in
598 3532 830 3601 divina
880 3532 1242 3601 clementia
1295 3533 1662 3621 praecipue
1710 3553 1857 3602 sese
1905 3531 2264 3612 collocare,
2307 3554 2377 3600 re
2412 3533 2562 3618 ipsa
2616 3530 2829 3621 palam
2863 3547 2891 3611 p
2924 3550 2941 3571 ¹⁴

478 3621 857 3700 fuerentur:
897 3621 977 3689 ad
1025 3621 1087 3688 id
1126 3620 1560 3690 suadendum
1613 3642 1849 3689 recens
1897 3634 2359 3689 conventuum
2403 3621 2684 3690 illor’um
2719 3624 2884 3687 event
2920 3642 2941 3665 ε

478 3710 757 3797 quando
805 3710 1405 3797 frequentissimus
1457 3710 1755 3799 populus
1786 3708 1868 3777 ad
1906 3708 2232 3779 ecclesias
2273 3709 2739 3799 supplicatum
2778 3704 2941 3772 duct

477 3814 599 3880 est,
652 3822 854 3889 grave
908 3812 1395 3888 argumentum
1449 3797 1978 3889 suppeditabat:
2037 3810 2405 3888 praeterea,
2465 3820 2640 3884 quae
2695 3817 2770 3865 ex
2817 3801 2942 3858 vete

484 3889 813 3958 memoria
862 3888 1365 3977 suppetebant,
1423 3887 2125 3975 demonstrabantque
2156 3943 2170 3969 ,
2234 3886 2806 3978 supplicationum
2850 3899 2942 3946 cot*

479 3990 684 4046 ventu
736 3978 983 4067 potiuS,
1023 3999 1229 4064 quam
1284 3976 1679 4055 solitudine,
1735 3977 2002 4045 veniam
2047 3999 2086 4045 a
2119 3977 2406 4046 Domino
2448 3975 2656 4044 fuisse
2707 3973 2928 4068 imp-et

484 4079 644 4134 tam.
725 4066 934 4136 Cessit
1006 4065 1464 4135 nihilominus
1534 4065 1862 4147 Carolus,
1926 4065 2130 4135 credo
2179 4067 2266 4134 ob
2326 4087 2555 4134 sacras
2605 4072 2939 4153 precamen

483 4153 851 4241 divinaque
891 4155 1139 4237 officia,
1185 4155 1440 4241 quibus
1476 4169 1700 4224 tamen
1752 4153 2032 4224 assidue
2068 4154 2372 4245 populus
2408 4154 2582 4222 intra
2621 4152 2942 4220 domestic*

485 4244 776 4332 parietes
832 4245 1305 4344 esercebatutu
1358 4257 1422 4314 et
1471 4243 1539 4311 in
1601 4243 1914 4313 instituta
1967 4243 2361 4333 vigilantiae
2413 4239 2762 4333 pastoralis
2809 4252 2908 4322 ope

484 4345 961 4420 perseveravit.
2897 4405 2904 4412 ‚

570 4422 605 4505 ξ
641 4425 786 4491 15.
819 4425 995 4489 Haec
1031 4421 1121 4490 ita
1155 4443 1311 4490 cuni
1342 4431 1568 4512 ageret
1605 4421 1906 4502 Carolus,
1934 4443 2110 4509 quae
2147 4421 2455 4509 quidem,
2489 4421 2593 4488 liis
2632 4421 2940 4509 praesertin
