2993 4837
62 302 203 369 Itov.
253 304 289 369 4
871 322 949 368 οε
996 322 1051 368 s.
1106 320 1346 393 canoto
1396 316 1731 368 noflaomzo
2355 301 2483 365 245

65 427 243 491 neque
290 406 641 476 recusavit
674 410 964 475 Aronam
1003 405 1087 474 ad
1131 404 1560 476 cardinalem
1597 403 2090 474 Vercellensem
2144 403 2414 473 venire:
2454 403 2570 472 sed

63 494 219 583 prius
265 507 457 564 nocte
511 493 859 583 proxima,
896 495 1167 564 circiter
1201 506 1348 564 octo
1383 494 1586 564 horas
1620 493 2174 583 contemplando,
2226 497 2576 580 Deumque

56 582 293 661 orando,
336 583 404 651 in
442 582 715 651 divinis
756 584 960 652 rebus
993 583 1088 652 ita
1125 583 1397 663 mansit,
1451 595 1549 661 ut,
1590 581 1783 651 flexis
1832 582 2149 670 genibuS,
2197 592 2383 650 tanto
2418 602 2576 670 spa-

57 672 150 752 tio,
196 671 377 742 nulla
427 670 754 761 corporis
803 686 988 761 parte
1021 671 1347 761 cuiquam
1402 671 1499 740 rei
1531 671 1978 740 inniteretur:
2030 671 2196 758 quin
2235 672 2435 739 etiam
2489 669 2573 739 ad

60 773 419 841 extremum,
473 782 643 828 eum
680 761 1143 830 subaccusare
1194 760 1383 829 visus
1431 771 1564 839 est,
1609 761 1727 846 qui
1777 759 2205 848 horologium
2259 758 2569 839 curabat,

60 850 217 936 quasi
264 862 542 937 tempus
579 848 891 919 studiose
937 849 1405 918 contraxisset.

127 941 334 1022 §ot
388 944 550 1007 Post
602 938 790 1007 diem
843 959 1201 1018 reversus,
1262 936 1328 1006 in
1388 960 1587 1007 suam
1653 958 1725 1005 se
1795 936 2025 1006 retulit
2080 936 2568 1015 solitudinem,

58 1046 164 1111 quo
192 1026 352 1105 loco,
396 1040 462 1094 et
502 1049 587 1095 ex
646 1026 730 1095 iis
779 1046 953 1116 quae
986 1047 1144 1095 cum
1198 1026 1353 1096 aliis
1390 1026 1817 1108 conferebat,
1872 1036 2059 1094 ebes
2117 1024 2272 1094 aliis
2320 1047 2570 1094 sermo·

60 1114 227 1185 nibus
280 1114 709 1203 indiciisque
757 1128 1291 1206 perspexerunt,
1344 1129 1408 1185 et
1456 1120 1686 1193 Pater,
1748 1128 1811 1185 et
1860 1114 2001 1194 alii,
2077 1135 2232 1181 eum
2289 1114 2572 1183 minime

60 1204 283 1281 usitata,
337 1226 777 1293 prorsusque
825 1204 1161 1293 singulari
1207 1204 1464 1273 ratione
1507 1203 1838 1272 divinitus
1878 1214 2296 1272 commotum
2329 1257 2343 1282 ‚
2397 1217 2461 1271 et
2492 1224 2571 1272 eo

40 1293 411 1377 ¹praesertim
460 1292 737 1362 lumine
786 1290 1229 1371 illustratum,
1267 1313 1484 1381 eaque
1538 1304 1760 1361 mente
1812 1290 2335 1372 confirmatum,
2396 1314 2574 1378 quae

40 1382 228 1467 ,rebus
283 1382 664 1461 humanis,
723 1382 991 1468 vitaque
1062 1382 1208 1472 ipsa
1258 1381 1543 1450 omnino
1597 1380 2016 1470 posthabita,
2078 1384 2287 1449 Deum
2350 1381 2573 1449 solum

63 1469 210 1557 petit,
249 1469 447 1558 eique
486 1471 741 1540 intima
795 1470 1161 1550 voluntate,
1204 1482 1474 1557 totaque
1503 1481 1726 1538 mente
1761 1469 2034 1558 penitus
2073 1468 2561 1559 conjungitur:

58 1557 274 1642 quibus
318 1558 532 1629 rebus
570 1558 748 1627 nihil
786 1558 867 1627 ad
914 1559 1372 1648 propinquam
1423 1570 1705 1628 mortem
1755 1569 1900 1627 erat
1941 1557 2568 1637 accommodatius,

44 1646 334 1728 anaxime,
388 1649 447 1717 si
499 1647 1025 1717 delectationem
1084 1647 1325 1726 addas,
1382 1666 1592 1735 quam
1642 1669 1722 1715 ex
1770 1646 2231 1728 sermonibus,
2290 1645 2573 1715 medita-

64 1733 465 1823 tionibusque
517 1736 608 1805 de
660 1750 875 1805 morte
940 1749 1005 1804 et
1052 1736 1410 1825 sepultura
1463 1735 1756 1816 Domini,
1811 1748 1873 1805 et
1937 1757 2016 1804 ex
2074 1733 2225 1817 eius
2275 1734 2576 1825 sepulcri

64 1820 320 1914 imagine
368 1824 439 1892 in
504 1825 759 1913 primis
809 1824 1109 1902 visenda,
1162 1810 1833 1914 contemplandaque
1899 1823 2245 1913 capiebat:
2299 1824 2412 1893 cui
2480 1824 2575 1892 rei

52 1911 196 1999 „satis
236 1914 588 1982 consensit
635 1913 840 1982 etiam
874 1934 1069 1983 sacra
1118 1912 1374 1983 Sindon
1441 1914 1585 1982 visa
1629 1914 1821 2002 prius
1853 1925 1917 1981 et
1957 1911 2182 1991 culta;
2246 1925 2388 1981 tum
2437 1912 2576 1982 duo

50 1998 368 2155 {impes
416 2001 577 2082 viri,
636 2000 878 2089 Episco
933 2023 1057 2081 uS,
1112 2015 1177 2070 et
1228 2001 1526 2071 Marchio
1572 2000 1892 2070 extremis
1950 2013 2567 2081 sacramentorum,

50 2120 57 2173 ς
127 2109 483 2178 uerumque
531 2088 783 2159 officiis
815 2112 853 2158 a
898 2089 1058 2179 juti.
1106 2094 1244 2159 Non
1308 2089 1560 2159 multos
1610 2090 1677 2157 in
1734 2104 1958 2158 monte
2009 2102 2353 2158 manserat
2400 2088 2570 2165 dies,

66 2194 193 2245 eum
225 2179 284 2246 in
325 2178 576 2249 febrim
616 2177 884 2261 incidit;
929 2179 1130 2267 cujus
1171 2178 1504 2268 impetum
1546 2200 1704 2248 cum
1744 2177 2011 2248 tulisset
2050 2178 2320 2259 tacitus,
2359 2199 2576 2263 eaque

70 2267 228 2334 tertio
268 2267 374 2337 die
424 2267 770 2347 rediisset,
830 2268 1005 2336 Patri
1046 2266 1326 2336 demum
1378 2267 1817 2367 significavit,
1875 2265 2082 2353 idque
2128 2265 2262 2334 fere
2314 2278 2578 2365 praeter

50 2356 646 2438 -consuetudinemz
688 2377 847 2426 narn
881 2356 1055 2425 alias
1090 2356 1293 2425 etiam
1347 2356 1718 2444 quinquies
1755 2376 2091 2426 reversam
2156 2354 2411 2424 nemini
2465 2355 2572 2424 in-

50 2439 299 2526 dicavit,
340 2459 417 2516 ut
468 2447 607 2515 nisi
666 2446 884 2515 obiter
942 2457 1173 2535 postea
1234 2445 1651 2533 quandoque
1699 2444 1908 2515 alicui
1971 2444 2452 2534 significasset,
2508 2443 2577 2513 id

56 2534 406 2628 'rescivisset
458 2555 689 2603 nemo.
749 2534 1101 2604 Adductus
1147 2546 1249 2604 est
1301 2556 1340 2602 a
1388 2538 1620 2613 Patre,
1680 2547 1755 2603 ut
1800 2534 2236 2624 asperitatem
2270 2533 2580 2622 corporis

52 2623 337 2692 nonnihil
379 2624 767 2693 minueret:
821 2645 1245 2711 quamquam
1296 2622 1463 2710 quid
1503 2621 1630 2692 fuit
1683 2622 1983 2704 tandem,
2048 2621 2397 2712 palearum
2452 2620 2579 2690 ali-

46 2699 226 2868 md,
260 2712 323 2779 in
359 2712 627 2799 quibus
658 2712 938 2782 cubaret
978 2712 1302 2801 recipere,
1339 2725 1404 2781 et
1436 2713 1506 2779 in
1542 2733 1720 2799 aqua
1761 2723 2033 2782 coctum
2072 2732 2343 2802 panem,
2388 2709 2579 2780 nullo

48 2875 61 2890 ι
186 2819 256 2867 en
304 2800 773 2880 condimento,
832 2801 1241 2871 admittere?
1290 2801 1532 2870 Mentis
1573 2801 1730 2869 item
1781 2801 2295 2870 exercitationes
2345 2800 2580 2886 aliquo

48 2885 238 2956 -modo
282 2889 680 2959 moderatus
749 2902 891 2971 est,
954 2889 1044 2959 ita
1100 2901 1178 2959 ut
1235 2888 1498 2976 aliquid
1574 2890 1900 2977 temporis
1947 2888 2101 2958 aliis
2160 2888 2581 2976 quibusdam

50 2976 656 3048 consultationibus
686 2977 901 3060 daret;
959 2979 1354 3067 praesertim
1391 2976 1475 3046 de
1510 2977 1843 3047 aediculis
1885 2977 2021 3045 illis
2065 2978 2312 3047 melius
2343 2977 2580 3065 dispo-

92 3063 298 3160 nendis.
334 3068 576 3138 Febris
608 3079 834 3136 autem
886 3068 1135 3137 invasit
1166 3087 1324 3136 eum
1366 3068 1598 3135 tertio:
1652 3089 1731 3135 ac
1825 3080 2111 3134 uantum
2160 3067 2430 3156 corpori
2469 3066 2583 3135 fir-

88 3152 390 3248 mitudinis
429 3155 829 3234 decedebat,
898 3168 1156 3225 tantum
1218 3154 1449 3224 animo
1512 3155 1726 3224 divini
1821 3154 2077 3223 uminis
2133 3154 2582 3243 coelestisque

86 3242 302 3312 virtutis
326 3244 653 3314 accedere
704 3244 1079 3315 videbatur.
1134 3243 1387 3313 Triduo
1422 3257 1684 3313 tantum
1721 3243 1954 3312 aberat
1995 3246 2396 3312 Sanctorum
2439 3264 2581 3312 om·

40 3371 51 3416 :
82 3325 237 3397 nium
266 3333 452 3402 cultu
507 3333 803 3425 insignis
851 3333 1020 3413 dieS,
1055 3353 1260 3421 quem
1313 3333 1594 3402 Carolus
1633 3331 1718 3401 de
1754 3352 1938 3400 more
1976 3354 2133 3400 cum
2172 3330 2425 3421 populo
2459 3352 2584 3400 suo

42 3413 418 3510 -llecliolani,
456 3423 807 3492 consuetis
861 3443 1227 3492 munerum
1262 3419 1758 3499 functionibuS,
1816 3441 2016 3509 agere
2050 3419 2388 3489 studebat.
2431 3423 2584 3487 Erat

38 3523 49 3596 J
83 3519 401 3593 etquoque
444 3511 796 3611 negotium
834 3511 919 3580 ab
952 3509 1335 3600 Apostolica
1376 3509 1545 3579 Sede
1582 3508 2007 3588 mandatum,
2047 3508 2130 3577 de
2178 3506 2467 3597 collegio
2506 3529 2585 3576 ex

38 3651 39 3658 ,
88 3601 440 3667 testamento
482 3601 579 3689 pii
630 3600 750 3668 viri
799 3600 864 3667 in
906 3599 1050 3669 vico
1082 3604 1338 3668 Ascona
1401 3597 1846 3677 instituendO,
1902 3596 2017 3666 ubi
2082 3597 2275 3686 pueri
2340 3596 2586 3686 pietate

36 3677 39 3768 j
85 3682 500 3769 erudirentur,
552 3701 615 3758 et
651 3688 918 3768 litteris;
957 3688 1159 3776 cujus
1197 3709 1278 3756 ne
1329 3688 1448 3755 otii
1481 3688 1730 3756 caussa
1770 3686 1851 3754 ad
1890 3685 2114 3755 locum
2154 3687 2383 3775 ipsum
2420 3706 2586 3753 eun·

38 3815 39 3836 t
89 3764 220 3865 dum
251 3788 408 3856 erat,
443 3798 663 3863 neque
699 3778 763 3846 id
795 3778 945 3846 sine
988 3799 1094 3845 ma
1154 3798 1239 3845 no
1261 3711 1517 3844 dgamno
1551 3774 1810 3843 differri
1852 3786 2133 3861 poterat.
2178 3780 2346 3843 Dum
2380 3773 2588 3864 igitur

36 3847 39 3948 ξ
92 3852 242 3927 hisce
284 3862 363 3930 de
399 3866 665 3935 caussis
713 3889 749 3934 a
806 3877 1033 3935 monte
1156 3864 1528 3943 iscederet;
1581 3864 1673 3933 ita
1734 3885 1978 3933 rursus
2027 3884 2173 3932 sese
2222 3862 2290 3930 in
2357 3860 2583 3930 locum

36 3967 47 4040 ᾗ
94 3944 379 4020 Dominici
412 3954 708 4042 sepulcri
771 3953 1070 4033 abdidit,
1115 3965 1191 4021 ut
1243 3954 1567 4032 comites,
1630 3973 1791 4021 cum
1841 3951 1980 4020 fere
2035 3949 2577 4030 descendissent,

38 4051 39 4060 ¹
96 4041 206 4132 ¹⁰¹¹!
253 4037 519 4109 demum
572 4041 885 4111 Carolum
950 4041 1186 4110 deesse
1233 4041 1889 4119 animadvertentes,
1947 4041 2017 4108 in
2068 4060 2146 4108 eo
2205 4038 2350 4109 loco
2398 4039 2587 4108 inve-

97 4137 301 4193 nerint.
349 4132 636 4198 Aronam
687 4152 764 4200 eo
806 4131 917 4199 die
975 4130 1153 4199 venit
1202 4133 1516 4199 montosa
1564 4127 1969 4215 difficilique
2017 4128 2123 4196 via
2180 4126 2583 4197 milliarium

102 4203 290 4281 decem
348 4230 413 4286 et
455 4230 632 4286 octo,
686 4219 780 4289 Ibi
846 4218 1075 4287 studio
1148 4217 1516 4287 celeritatis
1579 4216 1771 4285 tertia
1824 4215 2041 4285 noctis
2105 4216 2269 4285 liora
2344 4237 2585 4285 navem

102 4302 466 4386 conscendit,
520 4317 604 4375 ut
649 4328 764 4389 per
814 4306 1195 4376 Verbanum
1250 4306 1476 4375 lacum
1529 4310 1857 4374 Asconam
1913 4303 2372 4383 contenderet,
2412 4325 2590 4390 quae

111 4381 292 4459 aberat
332 4392 410 4462 ad
438 4392 663 4462 millia
710 4416 1035 4483 passuum
1073 4394 1345 4464 circiter
1372 4393 1653 4482 triginta
1683 4406 2001 4480 quatuor.
2041 4394 2119 4458 In
2170 4413 2307 4480 quo
2351 4392 2593 4461 itinere
