2993 4837
88 360 235 424 Nov.
284 359 321 424 3
781 379 858 423 ns
905 378 961 424 s.
1020 378 1305 425 euasero
1351 380 1451 425 cr.
1509 380 1834 427 hauniensi
2416 367 2499 428 67

85 460 298 548 quibus
347 460 635 531 deorum
667 516 682 541 ,
736 462 947 537 immo
1002 461 1520 532 daemoniorum
1557 518 1572 545 ‚
1640 464 1887 554 templa
1965 464 2580 547 subvertebantur,

83 551 305 621 tlhristo
334 551 624 619 Domino
657 549 1003 640 praeclara
1052 552 1118 620 in
1157 551 1410 622 honore
1442 565 1835 622 sanctorum
1882 559 2254 643 Martyrum
2301 555 2581 645 templa,

86 663 182 726 per
214 644 272 710 S.
304 639 682 709 Hubertum
731 641 1312 710 construebantur
1340 654 1405 711 et
1436 641 1978 711 honorabantur.
2036 643 2279 729 Sicque
2320 644 2422 712 vir
2457 649 2583 714 Do-

87 730 225 799 mini
260 729 795 816 circumquaque
827 728 1072 799 Christi
1119 729 1579 818 praedicando
1616 732 1962 820 mysteria,
2006 730 2296 821 populos
2320 733 2407 802 ab
2437 746 2584 803 atra

85 820 354 888 caecitate
402 818 679 898 levatos,
719 817 982 888 lumine
1031 818 1352 889 scientiae
1399 818 1700 888 reddidit
1747 820 2204 909 conspicuos:
2262 835 2335 890 ut
2368 821 2454 890 de
2486 824 2587 893 eis

88 907 470 977 veracissime
515 907 656 976 dici
714 920 975 997 posset:
1028 911 1326 998 Populus
1385 910 1508 1011 qui
1550 909 1814 977 sedebat
1868 911 1936 977 in
1995 910 2313 990 tenebrale,
2373 914 2587 980 lucem

83 997 215 1065 vadit
238 1020 550 1088 inaquam
574 1022 594 1065 .·
647 997 1101 1065 habitantibus
1152 1000 1217 1065 ιή
1251 1020 1521 1088 reytonc
1552 998 1829 1067 umbrae
1861 1001 2115 1080 mortale,
2158 1002 2287 1068 law
2314 1011 2463 1069 orta
2493 1012 2590 1069 esc

80 1088 154 1154 eis
173 1085 322 1175 (Isa.
357 1109 420 1155 lx
479 1110 497 1167 ;
548 1106 892 1176 regnoque
925 1089 1345 1156 Francorum
1375 1109 1414 1155 a
1454 1085 1919 1157 Deodonatus
1951 1087 2228 1158 lucerna
2267 1087 2577 1170 luminis,

79 1175 126 1242 ei
168 1196 391 1264 supera
444 1175 637 1245 deret
665 1189 1067 1246 ornamenta
1110 1175 1378 1246 salutis,

146 1265 178 1351 ἓ
214 1267 283 1335 ².
330 1269 596 1335 Interea
644 1264 813 1336 dum
866 1266 1376 1336 sacratissimus
1412 1265 1678 1336 Domini
1732 1265 2036 1335 famulus
2076 1287 2313 1336 curam
2353 1267 2584 1366 gregis

83 1374 304 1440 gerens,
354 1354 891 1445 parochiamque
943 1378 1137 1425 suam
1175 1354 1615 1435 circumiens,
1668 1354 1829 1424 ovili
1876 1354 2009 1424 sibi
2057 1355 2429 1424 commisso
2479 1377 2585 1423 tn-

84 1441 361 1599 vifiilaret.
419 1465 504 1512 ne
548 1465 689 1530 qua
737 1443 1060 1533 luporum
1114 1444 1405 1514 versutia
1457 1444 1718 1513 aditum
1771 1445 1841 1512 in
1890 1463 1969 1512 eo
2019 1443 2375 1524 inveniret,
2414 1445 2582 1513 etin

81 1530 125 1597 vi
174 1553 293 1610 arn,
332 1532 441 1602 cui
488 1532 741 1602 Vivoch
793 1533 1199 1601 vocabulum
1251 1546 1373 1615 est,
1426 1532 1835 1612 devenisset,
1882 1545 1946 1601 et
2004 1533 2306 1602 secunda
2359 1533 2583 1601 Domi-

81 1620 205 1688 nica
245 1621 567 1712 temporis
614 1620 1245 1712 Quadragesimalis
1294 1620 1606 1703 adesset,
1664 1622 1974 1691 mulieris
2014 1620 2375 1709 cujusdam
2431 1621 2584 1712 pul-

26 1740 29 1797 ς
81 1722 234 1778 satus
274 1724 368 1780 est
416 1711 821 1781 necessitate
856 1766 871 1791 ‚
924 1725 1001 1780 ut
1055 1724 1120 1780 et
1166 1733 1323 1781 cum
1398 1724 1658 1798 quanta
1724 1711 2095 1781 reverentia
2146 1711 2295 1780 dies
2354 1732 2586 1780 resur-

26 1804 37 1947 r
81 1799 346 1870 rectionis
396 1800 795 1870 Dominicae
843 1799 974 1869 coli
1031 1800 1318 1879 debeat,
1372 1801 1706 1869 Dominus
1767 1799 2196 1880 ostenderet,
2252 1813 2316 1869 et
2374 1800 2580 1890 cujus

80 1889 405 1960 sanctitatis
451 1890 641 1959 idem
699 1889 965 1978 praesul
1018 1902 1238 1967 esset,
1302 1887 1701 1958 declararet.
1757 1892 1920 1957 Nam
1986 1911 2144 1958 cum
2199 1888 2342 1976 jam
2395 1888 2579 1959 dicta

86 1976 300 2059 mulier,
352 1978 745 2070 posthabita
789 1977 1120 2047 Dominici
1170 1977 1308 2046 diei
1356 1977 1757 2057 reverentia,
1801 1976 2116 2067 panificO,
2157 1999 2579 2064 quamquam

26 2106 29 2131 .
82 2065 247 2151 jussa,
292 2068 668 2139 deserviret
709 2066 1113 2147 ministeri0,
1172 2089 1417 2137 manus
1467 2065 1648 2147 illae,
1711 2087 1886 2153 quae
1940 2088 2203 2135 sacram
2257 2066 2582 2136 solemni-

26 2138 29 2179 ⁵
92 2166 243 2224 tatem
285 2157 665 2228 insolenter
694 2169 1023 2225 temerare
1059 2168 1500 2236 tentaverant,
1543 2155 1770 2226 subito
1811 2154 2221 2255 obriguere:
2267 2177 2581 2224 arescen-

26 2252 29 2331 j
98 2240 346 2333 tiboaque
393 2269 431 2315 a
474 2244 849 2335 sanguinis
887 2244 1393 2314 humectatione
1442 2245 1657 2326 veniS,
1699 2267 1778 2315 ac
1816 2265 2040 2314 nervis
2081 2244 2382 2313 siccitate
2422 2265 2585 2312 con-

26 2372 29 2426 ς
97 2334 288 2416 tractis,
310 2336 480 2406 adeo
501 2334 826 2425 stupidae
856 2346 1020 2404 sunt
1048 2332 1371 2414 redditae,
1402 2348 1477 2404 ut
1504 2355 1770 2425 ungues
1796 2333 1945 2424 ejus
1970 2333 2219 2423 palmis
2246 2332 2585 2403 ambabus

26 2449 29 2472 2
91 2420 415 2495 viderentur
476 2424 702 2494 infixi.
763 2430 947 2508 Quae
1011 2437 1195 2495 tanta
1262 2423 1660 2495 necessitate
1724 2423 2095 2500 adstricta,
2164 2444 2379 2491 unum
2453 2421 2585 2493 sibi

83 2510 456 2585 solummodo
514 2527 770 2584 restare
823 2513 1199 2583 remedium
1253 2512 1566 2593 credidit,
1614 2526 1688 2583 ut
1738 2512 1958 2581 virum
2015 2512 2125 2581 Dei
2164 2511 2426 2592 adienS‚
2467 2533 2585 2580 cu-

76 2598 330 2682 jusmodi
384 2616 758 2695 urgeretur
810 2604 1251 2681 necessitate,
1306 2615 1712 2691 exponeret:
1769 2614 1972 2688 atque
2020 2623 2173 2682 eas,
2231 2624 2404 2688 quas
2455 2600 2586 2670 sibi

84 2691 369 2764 temeritas
415 2693 827 2772 abstulerat,
885 2714 1003 2782 per
1050 2692 1200 2849 eius
1248 2692 1622 2762 orationem
1661 2691 1792 2760 sibi
1846 2689 2037 2760 reddi
2091 2712 2339 2760 manus
2390 2690 2585 2791 flagi-

84 2789 229 2847 taret.
276 2786 497 2869 Neque
553 2804 708 2871 spes
758 2803 907 2849 eam
962 2780 1086 2850 sese
1120 2780 1217 2850 lit.
1274 2785 1436 2850 Nam
1488 2780 1762 2850 exeunti
1799 2779 1941 2849 viro
1984 2780 2099 2848 Dei
2149 2781 2235 2850 ab
2268 2778 2580 2856 ecclesia,

88 2864 235 2937 obvia
277 2871 530 2941 mulier
564 2870 647 2940 ad
693 2870 898 2960 pedes
938 2870 1244 2959 proruit:
1298 2891 1475 2957 quae
1523 2891 1670 2938 eam
1728 2869 2093 2939 necessitas
2134 2882 2428 2958 urgeret.
2473 2891 2588 2937 ex-

98 2957 299 3052 noscit:
350 2959 919 3046 subsidiumque,
973 2981 1109 3045 quo
1158 2959 1243 3027 ab
1291 2979 1370 3026 eo
1414 2958 1636 3114 possit
1672 2958 1845 3039 erui,
1889 2957 2276 3047 postulavit.
2318 2957 2438 3027 Cui
2474 2957 2589 3024 Vir

97 3043 216 3111 Det:
252 3049 519 3129 «Vade,
567 3049 814 3136 inquit,
869 3062 932 3117 et
980 3048 1302 3136 deinceps
1345 3047 1460 3116 tai
1515 3047 2074 3137 praesumptione
2121 3047 2482 3144 abstinetO,
2522 3057 2587 3114 et

87 3135 583 3207 emendationem
638 3150 824 3207 tuam
879 3136 1137 3204 sanitas
1183 3151 1661 3222 consequetur.
1707 3159 1741 3202 »
1793 3136 2002 3224 Cujus
2060 3135 2583 3225 promissionem

82 3239 183 3290 non
213 3227 539 3296 Dominus
573 3226 640 3294 in
679 3225 959 3313 longum
995 3223 1285 3304 distulit,
1333 3224 1448 3294 sed
1485 3225 1711 3295 statim
1749 3245 1953 3314 opere
1985 3224 2371 3314 complevit.
2415 3229 2578 3292 Nam

81 3325 282 3381 :nanus
326 3314 548 3394 illius,
585 3313 854 3384 dudum
894 3312 1149 3412 pallido
1194 3312 1504 3403 perfusae
1557 3314 1804 3395 colore,
1868 3313 1935 3384 in
1988 3315 2370 3403 genuinum
2423 3325 2586 3381 sunt

78 3414 375 3473 revocatae
406 3416 715 3494 repente,
753 3401 1163 3490 siccitasque
1207 3402 1563 3493 peregrina
1594 3403 1904 3492 sospitati
1940 3402 2183 3472 cessit:
2221 3414 2286 3470 et
2320 3411 2586 3489 recepta

74 3489 320 3560 sanitate
370 3493 690 3582 pristina,
749 3492 1044 3561 Creatori
1100 3492 1412 3561 omnium
1464 3490 1858 3573 benedixit,
1913 3504 2117 3579 atque
2173 3490 2285 3560 Dei
2327 3486 2584 3557 famulo

76 3595 173 3662 pro
214 3601 279 3649 se
316 3583 566 3662 oranti,
609 3581 865 3683 gratias
904 3580 1283 3651 reddidit...

137 3668 284 3753 ξδ.
342 3671 487 3741 Alio
553 3671 788 3740 itidem
864 3681 1168 3759 tempore
1232 3691 1388 3740 cum
1448 3669 1798 3759 jejunium
1871 3668 2324 3747 triduanum,
2401 3665 2595 3752 quod

78 3773 227 3823 more
272 3773 546 3829 sanctae
600 3758 935 3829 Ecclesiae
995 3757 1470 3828 universaliter
1509 3757 1933 3838 celebratur,
1986 3770 2052 3827 et
2098 3761 2351 3827 Graeco
2393 3776 2594 3825 voca—

77 3841 209 3940 bulo
248 3849 570 3927 Litaniae,
630 3848 858 3916 Latine
908 3869 1063 3916 vero
1114 3847 1523 3937 Rogationes
1584 3847 2023 3926 nominatur,
2079 3847 2382 3926 instaret,
2438 3843 2587 3935 glo-

78 3951 261 4002 riosus
308 3938 575 4007 Domini
630 3935 949 4024 pontifex,
998 3938 1194 4023 juxta
1241 3935 1810 4005 consuetudinem
1867 3956 2032 4003 suae
2066 3932 2429 4013 Ecclesiae,
2470 3955 2606 4023 per·

78 4022 289 4108 oppida
336 4040 400 4096 et
432 4024 711 4095 castella
761 4027 982 4116 coepit
1029 4025 1439 4103 discurrere,
1487 4045 1882 4108 sememque
1915 4022 2097 4091 verbi
2135 4024 2248 4091 Dei
2301 4023 2368 4090 in
2422 4045 2606 4112 agro·

78 4109 264 4181 cordis
309 4115 739 4184 audientium
791 4115 1165 4183 seminare:
1224 4114 1640 4200 veniensque
1697 4111 2079 4201 Trajectum
2113 4167 2127 4192 ‚
2172 4112 2371 4202 juxta
2419 4133 2586 4180 con-

81 4202 464 4272 suetudinem
495 4257 513 4282 ,
571 4226 731 4271 cum
782 4203 1051 4273 clericis
1104 4202 1480 4303 populique
1527 4200 1843 4291 agmine,
1896 4213 1961 4268 et
2001 4199 2586 4270 victoriosissimis

84 4286 403 4360 Salvatoris
452 4292 869 4381 insignibuS,
924 4297 1158 4361 Crucis
1209 4289 1522 4359 videlicet
1559 4290 1845 4369 vexillis,
1886 4308 2149 4357 necnon
2199 4302 2265 4358 et
2314 4300 2586 4359 sancto-

84 4390 203 4470 rum
249 4379 378 4467 piis
415 4380 731 4467 reliquiis
776 4381 860 4449 ab
907 4380 1165 4471 oppido
1214 4376 1565 4467 egreditur
1599 4433 1613 4458 ‚
1670 4388 2159 4467 peragraturus
2221 4399 2380 4445 cum
2434 4396 2590 4472 pre-

86 4462 236 4533 ebus
282 4490 526 4557 agros,
584 4481 659 4537 ut
722 4473 921 4539 Deum
976 4481 1162 4539 tanto
1222 4478 1614 4556 precaretur
1671 4463 2155 4545 ambitiosius,
2210 4477 2466 4550 quanto
2521 4458 2601 4528 id
