2993 4837
29 330 223 397 NOV.
278 333 316 395 8
719 350 796 395 na
845 351 899 397 s.
955 348 1305 397 confirmoo
1355 352 1452 397 m».
1507 351 1893 398 intramnensi
2370 335 2496 399 369

27 432 406 522 Lysiardus
449 433 897 503 Suessionum
953 434 1225 524 praesul
1271 435 1617 505 nitebatur
1662 457 1914 525 corpus
1946 434 2098 523 ejus
2133 436 2195 503 in
2232 436 2585 506 beatorum

27 522 334 593 Gervasii
369 535 434 590 et
468 522 757 593 Protasii
786 522 1248 592 cathedralem
1285 523 1645 594 ecclesiam
1683 524 2073 605 transferre,
2111 524 2227 610 sed
2270 547 2401 594 non
2442 547 2588 613 per-

27 612 224 680 misit
258 610 479 681 Abbas
519 612 687 691 Odo,
739 632 959 699 neque
1007 611 1410 702 Theulphus
1458 614 1672 693 Prior,
1716 614 1837 698 qui
1887 635 2020 682 non
2064 613 2187 682 diu
2226 628 2373 703 post
2406 615 2465 681 ei
2517 614 2583 681 in

27 701 368 789 regimine
419 700 796 770 successit:
852 701 967 770 sed
1023 723 1245 788 neque
1296 702 1692 771 monasterii
1742 700 2004 771 fratres.
2057 702 2336 771 Justum
2381 702 2586 771 etiam

26 802 196 868 erat,
255 800 328 856 ut
378 787 631 869 locum,
677 810 880 875 quem
916 811 1039 880 pro
1088 811 1319 859 amore
1371 792 1722 861 beatorum
1778 803 2159 879 martyrum
2198 791 2492 880 Crispini
2525 804 2588 859 et

27 877 449 966 Crispiniani
486 877 601 967 pio
635 878 904 958 affectu,
960 878 1129 947 dum
1179 879 1364 959 vixit,
1408 901 1681 967 semper
1727 879 2135 960 excoluerat,
2180 881 2382 948 etiam
2436 901 2587 948 cor-

32 968 219 1053 poris
271 967 380 1034 sui
433 967 815 1055 praesentia
864 979 1158 1036 ornaret.
1213 972 1304 1036 Ea
1337 967 1421 1036 de
1458 989 1527 1037 re
1564 968 1839 1056 scripsit
1887 969 2199 1037 carmina
2245 967 2585 1054 quaedam

28 1054 426 1124 Bernardus
457 1059 769 1124 Decanus
811 1057 1368 1126 suessionensis:
1425 1057 1701 1147 scripsit
1749 1069 1812 1125 et
1864 1056 2200 1126 Goslenus
2238 1057 2430 1147 prius
2479 1057 2587 1125 Bi-

33 1144 430 1212 turiciensis
478 1143 1044 1225 Archidiacouu8‚
1096 1159 1161 1213 et
1214 1146 1543 1235 magister
1592 1145 1993 1215 Parisiensis
2042 1146 2577 1225 celeberrimuS,

33 1254 221 1301 nunc
273 1253 429 1300 vero
472 1233 917 1303 Suessionum
972 1234 1397 1323 Episcopu5‚
1455 1247 1646 1322 pater
1696 1235 1952 1325 patriae
1990 1235 2149 1323 jure
2197 1233 2581 1313 vocanduS,

39 1321 413 1390 multorum
457 1320 782 1390 fundator
835 1322 1321 1392 coenobiorum
1363 1378 1376 1403 ,
1445 1322 1660 1392 hostis
1711 1324 2029 1394 vitiorum
2064 1378 2078 1404 ,
2133 1336 2196 1391 et
2256 1322 2586 1394 castitatis

40 1409 259 1479 cultor
311 1410 749 1500 praecipuus.
795 1413 957 1499 Ejus
987 1433 1225 1481 versus
1260 1412 1357 1480 sic
1394 1411 1677 1481 habent:

435 1526 636 1586 Gloria
684 1526 1060 1604 pontificum,
1109 1525 1265 1589 Cleri
1311 1528 1520 1600 decuS,
1552 1543 1617 1589 ac
1650 1528 2088 1590 monachorum

433 1606 676 1679 Forma,
722 1608 923 1684 gregis
964 1608 1110 1677 dux,
1156 1606 1461 1683 exemplar
1490 1623 1732 1668 morum
1763 1605 2143 1683 GodefriduS,

436 1685 549 1747 Hic
585 1685 764 1762 jacet,
807 1692 960 1747 astra
1007 1694 1218 1765 petens
1260 1695 1460 1748 octava
1508 1685 1638 1748 luce
1682 1686 2062 1749 Novembris,

42 1791 172 1858 Hoc
219 1790 654 1881 epitaphium
708 1813 867 1861 saxo
917 1793 1344 1861 monumenti
1393 1793 1545 1883 ejus
1592 1792 1889 1862 incisum
1933 1806 2054 1875 est,
2101 1793 2221 1863 ubi
2256 1794 2457 1862 etiam
2496 1790 2587 1860 ef-

44 1876 230 1967 figies
279 1881 431 1965 ejus
482 1901 646 1947 sane
679 1902 885 1967 quam
922 1881 1198 1971 elegans
1246 1882 1573 1950 cernitur.
1616 1880 1803 1950 Multi
1846 1903 2117 1970 quoque
2166 1882 2282 1950 alii
2332 1882 2586 1952 doctis-

48 1966 189 2034 simi
230 1968 357 2035 viri
411 1967 758 2056 praeclare
793 1968 876 2038 de
910 1968 1028 2038 illo
1076 1971 1434 2057 scripsere.

123 2057 162 2211 ἓ
201 2061 357 2129 51.
416 2063 777 2143 Postquam
820 2058 1029 2128 tristis
1064 2081 1301 2127 rumor
1329 2081 1485 2129 eum
1521 2080 1555 2126 e
1593 2059 1725 2127 vita
1759 2057 2132 2127 decessisse
2171 2059 2579 2146 percrebuit,

56 2141 114 2210 in
169 2146 304 2213 nita
359 2144 719 2214 hominum
777 2146 1142 2216 multitudo
1192 2147 1272 2215 ad
1326 2148 1476 2238 ejus
1525 2148 1845 2234 exequias
1894 2147 2245 2215 confluxit.
2292 2147 2384 2215 Iis
2435 2167 2586 2215 vero

56 2228 406 2302 interfuere
446 2235 647 2303 etiam
706 2235 1067 2322 Lysiardus
1117 2237 1588 2315 Suessionum,
1645 2248 1709 2303 et
1767 2235 2211 2304 Clarabaldus
2263 2234 2586 2335 Sylvane-

58 2323 375 2391 ctensium
417 2322 474 2401 ⁴³,
536 2323 909 2403 antistites,
970 2323 1192 2392 Abbas
1242 2324 1406 2405 Odo,
1462 2324 1873 2414 Radulphus
1916 2329 1978 2393 S.
2030 2324 2327 2393 Medardi
2372 2338 2581 2412 pater,

55 2409 374 2499 multique
414 2411 530 2481 alii
585 2413 1149 2482 monasteriorum
1204 2427 1538 2483 rectores:
1592 2436 1763 2500 quos
1813 2413 2128 2501 equidem
2189 2412 2407 2482 sentio
2452 2435 2584 2481 non

55 2497 294 2586 absque
328 2500 565 2570 divino
600 2501 930 2571 instinctu
969 2524 1005 2570 e
1039 2502 1204 2572 locis
1240 2515 1372 2571 tam
1412 2502 1700 2570 diversis
1734 2516 1866 2570 tam
1907 2502 2215 2571 celeriter
2256 2525 2333 2571 eo
2385 2502 2588 2570 adve-

55 2587 183 2656 nire
232 2591 563 2679 potuisse.
617 2590 919 2680 Populus
967 2604 1189 2659 autem
1239 2591 1498 2661 visendi
1539 2591 1861 2681 cupidus,
1902 2591 2156 2660 scalam
2205 2592 2581 2677 quandam,

55 2693 209 2758 quae
246 2701 284 2746 a
322 2678 468 2748 solo
501 2700 721 2766 usque
755 2678 841 2746 ad
874 2680 1062 2770 tigna
1095 2693 1280 2749 vasta
1319 2680 1617 2767 quadam
1676 2680 1848 2748 mole
1893 2680 2274 2769 pertingere
2313 2680 2587 2749 videba-

57 2773 193 2844 tur,
258 2768 667 2856 occupavit:
722 2789 898 2854 quae
947 2791 1103 2837 cum
1159 2779 1421 2838 tantum
1478 2768 1749 2857 pondus
1812 2767 1984 2838 ferre
2047 2790 2180 2837 non
2230 2783 2495 2859 posset,
2550 2792 2590 2837 a

58 2871 308 2923 summo
355 2877 573 2942 usque
620 2856 956 2928 deorsum,
994 2857 1209 2927 scissa
1247 2871 1369 2937 est,
1423 2870 1488 2927 et
1536 2870 1679 2926 tum
1734 2879 1881 2941 sua,
1924 2871 2064 2928 tum
2115 2857 2350 2947 populi
2388 2859 2589 2927 ruina

59 2951 112 3005 et
133 2940 425 3013 clamore
462 2956 722 3013 tantum
752 2946 1063 3014 excitavit
1104 2944 1467 3034 fragorem,
1510 2957 1582 3013 ut
1622 2968 1859 3015 omnes
1904 2958 2219 3035 putarent
2251 2946 2584 3037 templum

63 3025 355 3101 funditus
402 3033 770 3102 corruisse.
827 3039 972 3102 Mox
1022 3035 1280 3123 ingenti
1342 3035 1576 3102 dolore
1624 3034 2022 3103 afficiuntur
2069 3057 2350 3115 omneS,
2405 3034 2585 3122 quod

63 3130 358 3269 putarent
391 3144 531 3202 eos,
568 3123 686 3208 qui
721 3122 804 3190 de
845 3122 1027 3192 scala
1061 3123 1480 3201 deciderant,
1521 3123 1722 3202 viroS‚
1770 3122 2083 3203 feminas,
2134 3145 2402 3210 pueros,
2444 3145 2587 3192 mu·

89 3224 240 3277 teres
270 3223 547 3278 uterum
583 3223 923 3311 gestantes
961 3211 1159 3300 piane
1208 3213 1561 3280 extinctos
1611 3211 1734 3281 Sed
1789 3222 1861 3279 ut
1906 3210 2173 3279 cunctis
2210 3211 2589 3279 innotesce-

64 3305 167 3391 ret,
202 3300 399 3386 cujus
441 3300 666 3366 meriti
707 3310 882 3370 esset
921 3299 1002 3379 is,
1043 3299 1126 3368 ad
1160 3301 1360 3389 cujus
1394 3300 1715 3385 exequias
1756 3310 2214 3368 convenerant
2248 3352 2261 3376 ,
2320 3298 2586 3366 nullum

63 3381 338 3473 alicujus
389 3386 713 3458 laesionis
761 3388 1121 3478 vestigium
1185 3389 1251 3457 in
1314 3389 1411 3458 eis
1472 3402 1809 3476 repertum
1875 3403 1996 3458 est.
2066 3391 2318 3454 Luctus
2386 3388 2592 3475 igitur

66 3487 320 3568 repente
356 3477 421 3543 in
461 3476 796 3564 gaudium
844 3488 1168 3552 mutatur,
1208 3476 1553 3546 Godefridi
1599 3499 1842 3546 nomen
1877 3491 1940 3545 et
1976 3475 2294 3544 meritum
2331 3475 2414 3543 ab
2450 3496 2586 3572 om·

65 3559 253 3630 nibus
292 3563 357 3631 in
409 3564 679 3634 coelum
725 3564 1006 3633 tollitur.
1065 3565 1227 3633 Inde
1288 3565 1704 3634 tumulatum
1762 3578 1862 3634 est
1912 3585 2184 3635 sacrum
2239 3561 2417 3630 beati
2469 3562 2592 3629 viri

67 3665 317 3744 corpus,
362 3653 572 3738 quod,
617 3665 779 3721 teste
828 3654 1112 3732 ChristO,
1162 3655 1247 3722 ab
1284 3655 1430 3745 ipso
1485 3655 1720 3722 matris
1762 3668 1953 3723 utero
2003 3654 2088 3721 ab
2128 3651 2316 3720 omni
2370 3650 2594 3740 pollu-

70 3738 253 3809 tionis
293 3739 444 3809 labe
480 3743 793 3810 immune
843 3743 1331 3831 comperimus,

118 3949 138 3972 ¹*
168 3950 282 3992 Gall.
316 3955 464 3994 Senlt's.

218 4428 453 4487 Sur-ius
493 4457 508 4469 ·
551 4428 720 4488 Vitae
748 4430 846 4494 SS.
885 4466 902 4475 ·
939 4431 1069 4493 vot.
1101 4431 1199 4493 XI.

2373 4429 2448 4489 ἐξ
