2993 4837
108 321 260 389 Nov,
317 324 341 385 t
817 336 889 385 nr.
936 339 992 386 s.
1045 338 1314 387 samono
1366 341 1580 388 rnssss.
1633 340 1708 386 ΕΤ
1755 339 1947 386 mar.
1989 360 1994 365 -
2481 323 2562 387 ⁴9

109 447 272 494 meas
319 445 464 492 non
526 423 859 492 lacinioso
906 443 1245 502 sermone,
1300 444 1424 491 nec
1473 424 1840 493 verborum
1876 423 2330 513 argumentis,
2370 422 2485 491 sed
2524 444 2647 491 an-

111 516 314 600 tiquae
355 511 542 601 legis
569 524 642 581 et
668 511 1014 581 sacrificiis
1044 512 1330 581 deorum
1357 512 1601 582 oflerre
1634 511 1961 593 nolueris,
1994 510 2284 581 diversis
2316 525 2375 580 te
2409 513 2647 601 poenis

114 602 392 671 interimi
442 600 766 690 jubeb0‚
820 614 880 670 et
921 622 1054 669 non
1106 600 1349 689 eripiet
1398 614 1459 669 tc
1505 602 1591 671 de
1640 601 1965 671 manibus
2017 601 2185 669 meis
2244 600 2491 670 Christi
2543 602 2644 670 tui

114 691 458 760 auxilium.
523 712 561 756 »
635 694 918 759 Sanctus
984 689 1334 779 Benignus
1408 689 1810 779 respondit:
1887 712 1925 756 «
1978 690 2452 759 Sacratissirna
2519 712 2645 759 vox

118 779 342 849 Christi
388 790 521 857 est,
584 778 712 847 ubi
755 778 888 847 ait:
942 780 1162 847 Nolite
1219 780 1452 848 timere
1505 802 1611 847 cos
1671 779 1795 869 qui
1837 800 2074 869 corpus
2113 779 2442 861 occidunt,
2497 780 2644 847 ani·

120 892 275 936 mam
310 878 543 936 autem
592 891 723 937 non
753 877 1026 957 possunt
1073 868 1369 936 occidere
1411 867 1678 956 (Matala.
1718 867 1809 956 x).
1848 891 1882 933 »
1934 865 2250 937 Aurelius
2298 867 2429 935 ait:
2485 891 2520 933 «
2555 872 2648 936 Ex

120 979 235 1042 qua
282 957 565 1046 regione
615 978 712 1033 es,
763 969 828 1025 et
868 955 1052 1042 quod
1093 969 1195 1025 est
1238 957 1356 1025 tibi
1407 960 1705 1025 nornen?
1740 979 1776 1022 »
1815 960 2104 1026 Sanctus
2136 957 2488 1044 Benignus
2542 978 2641 1024 re-

122 1045 413 1135 spondit:
467 1068 505 1110 c
545 1044 642 1113 Ab
694 1045 961 1114 Oriente
1010 1046 1328 1114 venimus
1374 1067 1499 1134 ego
1537 1059 1602 1115 et
1652 1044 1892 1114 fratres
1946 1046 2101 1126 mei,
2155 1066 2329 1131 quos
2380 1058 2452 1113 tu
2491 1046 2640 1133 jam

119 1133 451 1213 occidisti,
506 1156 546 1201 a
599 1147 835 1203 sancto
885 1133 1260 1222 Polycarpo
1331 1135 1570 1214 missi,
1637 1146 1714 1203 ut
1761 1134 2045 1203 verbum
2101 1135 2213 1203 Dei
2263 1145 2327 1202 et
2392 1155 2640 1202 nomen

123 1222 340 1291 Christi
394 1223 876 1309 incorruptum
927 1222 1301 1311 gentilibus
1347 1223 1864 1312 praedicemus:
1918 1235 1992 1291 ut
2043 1222 2157 1291 lux
2189 1276 2203 1302 ,
2257 1244 2433 1308 quae
2484 1221 2646 1292 illu-

128 1313 315 1380 minat
346 1331 623 1380 omnem
671 1311 1046 1391 hominem,
1104 1310 1169 1379 id
1211 1323 1356 1392 est,
1414 1311 1724 1383 Christus
1763 1311 1846 1381 de
1897 1311 2086 1381 coelo
2141 1311 2397 1380 missus
2431 1365 2446 1392 ,
2499 1331 2645 1379 om-

130 1400 307 1467 nibus
356 1401 759 1470 innotescat.
804 1423 838 1467 »
873 1399 1190 1469 Aurelius
1223 1400 1362 1468 ait:
1417 1423 1452 1467 «
1493 1401 1557 1469 Si
1603 1401 2041 1470 sermonibus
2077 1400 2248 1468 meis
2295 1403 2645 1488 obtempe-

129 1490 379 1568 raveris,
434 1510 768 1577 magnum
824 1502 885 1557 te
933 1488 1352 1558 sacerdotem
1402 1488 1690 1558 deorum
1744 1510 2051 1558 meorum
2103 1489 2543 1568 constituam,
2578 1500 2645 1557 et

129 1590 534 1647 muneratum
588 1599 671 1645 ex
718 1579 983 1646 aerario
1044 1577 1345 1666 publico,
1408 1578 1708 1666 primum
1765 1592 1823 1647 te
1873 1577 1940 1645 in
1997 1599 2145 1646 meo
2199 1578 2449 1667 palatio
2498 1599 2648 1646 esse

114 1665 372 1749 jubebo.
422 1689 456 1730 »
524 1671 821 1735 Sanctus
884 1667 1232 1755 Benignus
1286 1666 1686 1755 respondit:
1740 1690 1776 1732 «
1824 1672 2081 1736 Aurum
2142 1678 2207 1735 et
2274 1678 2641 1755 argentum

128 1767 303 1821 tuum
342 1767 557 1823 tecum
592 1755 932 1824 confletur
982 1756 1045 1823 in
1089 1754 1561 1844 perditionem,
1618 1754 1779 1845 lupe
1813 1777 2066 1844 rapax:
2111 1754 2480 1843 primatum
2525 1767 2646 1822 aut

122 1844 555 1911 sacerdotium
621 1856 759 1912 ate
815 1844 1228 1931 promissum
1297 1866 1426 1911 non
1479 1844 1769 1932 accipin,
1835 1844 2001 1929 quia
2060 1843 2374 1912 interitus
2421 1856 2642 1912 aeter·

126 1952 244 1998 nus
278 1947 397 2011 est,
437 1932 883 2000 etdamnatio
921 1932 1342 2021 plenissima.
1390 1937 1489 2001 Me
1543 1954 1697 2001 vero
1738 1954 1871 2000 non
1912 1932 2215 2000 abduces
2262 1953 2300 2000 a
2348 1932 2636 2012 Christo,

125 2020 229 2087 cui
261 2041 379 2111 ego
415 2021 661 2097 servi0,
707 2021 826 2106 qui
857 2036 956 2090 est
997 2021 1275 2089 verbum
1313 2021 1553 2098 PatriS,
1594 2034 1658 2088 et
1693 2020 1848 2100 vita,
1887 2033 1953 2089 et
1986 2019 2103 2088 lux
2133 2020 2641 2100 inenarrabiliS,

136 2111 470 2198 margarita
510 2109 936 2198 splendens;
988 2110 1109 2196 qni
1138 2123 1239 2179 est
1277 2132 1316 2178 a
1354 2116 1544 2178 Patre
1582 2110 1834 2178 missus
1866 2109 2175 2186 coelitus,
2207 2108 2650 2178 credentibus
2707 2114 2708 2117 ’

146 2200 621 2280 annunciatus:
673 2198 796 2284 qui
847 2199 910 2265 in
965 2222 1035 2267 se
1084 2198 1521 2268 credentibus
1571 2198 1775 2267 vitam
1814 2197 2052 2267 tribuit
2084 2209 2456 2282 aeternam.
2495 2203 2648 2286 Ipse

156 2296 245 2379 §st
277 2287 376 2371 qui
414 2300 749 2355 venturus
788 2301 886 2355 est
906 2287 1221 2374 judicare
1271 2287 1456 2357 vivos
1496 2300 1563 2355 et
1612 2298 1960 2355 mortuos:
2017 2299 2346 2372 tuamque
2384 2285 2650 2374 deteget

164 2375 474 2452 insaniam.
520 2397 660 2462 qua
698 2375 768 2443 in
805 2376 1049 2447 Christi
1092 2398 1320 2445 scrvos
1354 2376 1826 2457 debaccharis,
1871 2388 1937 2447 et
1977 2389 2149 2457 tum,
2209 2374 2377 2444 velis
2425 2372 2643 2455 nolis,

160 2477 320 2540 eum,
348 2487 531 2551 quem
582 2487 817 2554 negas,
871 2488 1017 2538 esse
1050 2466 1226 2534 scies
1265 2470 1470 2534 Deum
1518 2478 1710 2535 tuum
1735 2480 1812 2535 et
1850 2465 2540 2555 omnium-gentium.
2568 2488 2603 2530 »

238 2548 382 2634 δῦ.
422 2558 594 2622 Haec
645 2568 723 2623 ut
771 2553 1029 2623 audivit
1078 2554 1436 2633 Aurelius,
1502 2555 1728 2624 nervis
1782 2554 2177 2624 durissimis
2224 2575 2385 2623 eum
2448 2553 2644 2622 caedi

150 2641 473 2736 praecepit,
517 2643 799 2710 dicens:
855 2666 887 2708 «
920 2643 1056 2712 Nisi
1094 2643 1297 2711 hodie
1330 2643 1840 2723 sacrificaverit,
1877 2643 2166 2713 diversis
2198 2664 2358 2711 enm
2405 2643 2642 2729 poenis

140 2723 476 2816 affligite.»
519 2737 832 2818 Cumque
880 2733 1190 2801 Terentio
1237 2733 1478 2801 Comiti
1535 2733 1824 2802 traditus
1875 2732 2139 2813 suisset,
2179 2732 2262 2799 ad
2309 2731 2648 2801 trochleas

75 2859 82 2867 ·
143 2826 432 2887 atensos
453 2833 572 2900 est,
628 2834 696 2889 et
741 2842 898 2889 cum
951 2820 1372 2900 caederetur,
1411 2820 1550 2890 ait:
1607 2844 1641 2887 «
1676 2820 1940 2890 Gratias
1983 2821 2103 2890 tibi
2155 2841 2307 2910 agO,
2367 2820 2649 2888 Domine

145 2905 290 2974 lesu
324 2908 588 2989 Christe,
636 2908 820 2995 quod
870 2921 1142 2998 propter
1175 2931 1417 2978 nomen
1457 2923 1647 2978 tuum
1685 2909 1850 2979 haec
1884 2909 2304 2999 pati-merui.
2344 2913 2641 2988 Praesta,

147 2991 275 3060 aa
310 2995 569 3084 gloriae,
624 3012 703 3066 ut
749 2999 1125 3067 sustineam
1176 3020 1450 3067 omnem
1509 3020 1839 3087 poenam,
1894 3019 2103 3086 quam
2160 2996 2652 3083 iniquissimus

136 3081 357 3151 &esar
399 3108 502 3154 me
553 3087 695 3175 pati
748 3085 981 3156 vult.»
1032 3091 1198 3155 Cum
1249 3109 1411 3176 ergo
1447 3109 1692 3156 caesus
1730 3101 1926 3168 esset,
1974 3100 2040 3157 et
2078 3088 2337 3156 carceri
2390 3086 2652 3155 manci-

131 3180 338 3254 patus,
386 3175 682 3265 Angelus
721 3196 877 3243 eum
925 3174 1318 3245 confortans
1366 3175 1536 3246 adeo
1601 3177 1924 3266 pristinae
1982 3175 2284 3245 reddidit
2338 3175 2643 3254 sanitati,

126 3278 203 3355 ac
243 3261 301 3328 si
350 3284 624 3350 prorsus
679 3263 847 3331 nihil
902 3263 1128 3333 laesus
1176 3263 1436 3334 fuisset.
1500 3264 1718 3334 Altera
1766 3265 1874 3333 die
1923 3263 2237 3334 Aurelius
2288 3263 2436 3332 suis
2487 3285 2647 3331 eum

115 3348 319 3433 Jussit
348 3351 827 3440 conspectibus
876 3353 1320 3440 praesentari,
1358 3367 1422 3422 et
1469 3354 1609 3422 ait:
1666 3375 1701 3418 «
1738 3354 2055 3442 Benigne,
2105 3352 2458 3421 sacrificas
2485 3351 2644 3430 diis,

124 3455 206 3504 an
242 3441 470 3507 nom»
523 3445 813 3509 Sanctus
861 3443 1020 3509 Beni
1080 3464 1210 3510 nus
1247 3441 1633 3531 respondit:
1690 3464 1724 3506 «
1755 3446 1895 3511 Non
1934 3442 2269 3509 sacrifico.
2312 3446 2642 3528 Agnosce,

126 3524 342 3599 miser.
384 3529 561 3615 quod
614 3528 711 3596 dii
750 3529 846 3597 tui
890 3529 1032 3598 nihi
1113 3543 1315 3609 sunt;
1368 3531 1488 3617 qui
1542 3531 1817 3620 signum
1871 3530 2171 3600 auctoris
2225 3528 2439 3597 nostri
2476 3528 2652 3597 Jesu

122 3611 354 3684 Christi
404 3619 461 3686 si
511 3616 851 3697 viderint,
905 3619 1133 3687 statim
1192 3619 1570 3689 tabescent:
1625 3631 1786 3688 sunt
1840 3621 2021 3688 enirn
2087 3617 2265 3688 idola
2325 3616 2537 3685 surda
2586 3630 2653 3687 et

122 3716 348 3785 muta:
403 3726 624 3793 neque
674 3704 947 3786 vident,
1004 3728 1222 3794 neque
1285 3709 1624 3786 audiunt,
1681 3729 1901 3794 neque
1957 3705 2364 3783 ambulant,
2429 3727 2656 3793 neque

118 3811 384 3880 gressus
421 3795 715 3864 habent:
770 3794 1031 3865 similes
1079 3809 1305 3866 autem
1359 3799 1495 3867 illis
1531 3798 1849 3882 fiantqui
1882 3796 2275 3875 faciuntea,
2315 3807 2379 3862 et
2409 3816 2654 3864 omnes

113 3880 224 3966 qui
258 3883 616 3954 confidunt
657 3880 723 3952 i'n
761 3883 883 3952 eis.
921 3884 1069 3967 Tibi
1106 3908 1260 3956 vero
1296 3884 1643 3978 quomodo
1672 3886 2100 3964 subvenient,
2144 3884 2264 3971 qui
2301 3884 2433 3953 sibi
2476 3885 2644 3953 sub-

120 3970 331 4041 venire
382 3995 517 4043 non
572 3975 908 4064 possunt?
938 3995 971 4039 »
1023 3979 1212 4043 Tunc
1263 3975 1478 4042 iratus
1530 3979 1795 4052 Caesar,
1835 3973 1917 4041 ad
1964 3972 2198 4044 sanum
2238 3995 2395 4041 eun]
2427 3972 2655 4060 quod-

116 4058 259 4130 dam
298 4060 550 4131 adduci
604 4062 976 4152 praecepit,
1030 4075 1096 4131 et
1144 4063 1351 4131 invito
1384 4083 1629 4132 carnes
1666 4060 2138 4130 immolatitias
2175 4062 2239 4129 in
2276 4083 2353 4131 os
2395 4061 2641 4150 ingeri,

126 4169 504 4237 persuasum
541 4151 840 4230 habens,
885 4151 943 4219 si
991 4172 1107 4220 eas
1146 4170 1385 4219 carnes
1433 4149 1864 4228 comederet,
1931 4147 2259 4238 deinceps
2288 4172 2447 4220 eum
2496 4148 2654 4218 talia

126 4239 382 4310 minime
422 4240 874 4316 locuturum,
915 4238 1032 4306 sed
1067 4237 1231 4309 deos
1262 4238 1458 4307 illum
1499 4260 1627 4307 suo
1677 4237 1949 4306 servitio
1983 4237 2442 4307 adhibituros.
2480 4243 2650 4305 Cum

133 4342 313 4399 autem
364 4330 430 4400 id
492 4330 721 4408 lieret,
779 4324 897 4403 ille
945 4327 1141 4416 signo
1189 4327 1427 4395 Crucis
1474 4340 1712 4396 contra
1765 4324 1917 4394 illas
1966 4346 2208 4394 carnes
2241 4326 2447 4407 edim,
2501 4344 2655 4391 cor·
2761 4407 2784 4408 ff:

135 4414 303 4507 <leque
347 4441 642 4493 sursum
684 4434 1055 4503 suspenso,
1109 4429 1174 4483 et
1218 4414 1439 4484 oculis
1478 4415 1544 4483 in
1584 4412 1848 4482 coelum
1903 4413 2240 4482 sublatis:
2298 4438 2332 4478 «
2373 4411 2756 4482 Dominam(
