2993 4837
511 255 639 318 620
1246 271 1320 316 ne
1369 271 1421 316 s.
1477 268 1851 316 commemo
1898 270 2138 316 aalma
2620 250 2762 315 NOV.
2794 252 2847 315 21

426 355 692 446 pavido,
735 366 804 425 at
837 353 1068 446 sagaci
1102 366 1328 423 tamen
1369 367 1660 443 pectore,
1695 375 1779 421 ne
1819 353 2309 443 immorigeros
2345 351 2649 442 magistro
2677 351 2857 421 videre·

423 462 554 526 tur,
621 466 754 513 non
820 463 1031 512 vanae
1077 441 1336 534 gloriae
1382 457 1578 512 actus
1620 442 1802 522 vitio,
1856 441 1971 512 sed
2027 441 2357 531 magistro
2400 442 2630 541 parere
2676 439 2861 517 volens,

419 534 853 621 quaestiones
900 531 1200 602 ob‘ectas
1232 530 1615 600 luculenter
1642 529 1975 610 dissolvit,
2021 551 2286 600 memor
2315 529 2526 608 illius,
2561 528 2718 615 quod
2747 528 2864 597 Psel-

422 621 844 711 mographus
891 620 975 689 ha
1030 631 1134 688 et:
1171 621 1382 710 Aperi
1423 642 1492 689 os
1541 630 1755 699 tuum,
1813 630 1874 687 et
1935 642 2054 709 eqo
2095 620 2380 709 implebo
2419 620 2592 688 illud
2629 620 2869 706 (Ps.8⁰).

420 708 816 796 Usqueadeo
864 710 1124 778 veroin
1156 709 1306 798 ejus
1357 722 1624 797 pectore
1672 706 2062 776 divinarum
2101 707 2406 776 thesauri
2455 708 2870 794 scripturarum

416 798 673 869 conditi
718 798 1143 876 tenebantur,
1197 809 1271 866 ut
1305 797 1479 866 intra
1529 795 2028 865 adolescentiae
2057 808 2272 866 metas
2304 797 2725 875 constitutuS,
2750 794 2878 861 Psal-

420 908 690 957 morum
735 886 991 955 librum
1038 885 1313 955 elimato
1362 906 1678 954 sermone
1716 884 2127 974 exposuerit3
2186 883 2538 971 multaque
2575 885 2719 962 alia,
2761 903 2878 968 quae
2941 906 2944 923 .

421 976 519 1045 vel
570 975 830 1045 cantari
883 976 1020 1044 sint
1065 973 1300 1063 digna,
1341 972 1439 1042 vel
1476 973 1561 1042 ad
1611 973 2000 1044 docendum
2048 971 2270 1051 utilia,
2314 972 2791 1062 conscripserit.

508 1066 546 1152 ξ
592 1068 683 1135 8.
739 1063 993 1133 Deinde
1042 1084 1196 1131 vero
1244 1083 1523 1151 operam
1575 1061 1786 1144 dedit,
1833 1075 1906 1132 ut
1936 1061 2430 1131 monachorum
2471 1060 2886 1150 adjungeretur

421 1153 751 1222 societati.
805 1157 1040 1238 ltaque
1093 1151 1586 1220 monasterium
1628 1150 1995 1221 Benchor*
2089 1151 2258 1231 etiit,
2306 1151 2420 1219 cui
2464 1164 2604 1219 turn
2654 1162 2885 1236 praeerat

424 1242 751 1312 virtutum
790 1242 1095 1311 ubertate
1143 1239 1373 1308 clarus
1401 1240 1640 1309 beatus
1671 1244 2034 1328 Commoge
2069 1239 2198 1320 lus,
2228 1239 2552 1328 egregius
2601 1239 2758 1306 inter
2778 1257 2882 1304 suos

426 1330 917 1399 monachorum
974 1342 1184 1417 pater,
1238 1328 1496 1416 quique
1546 1327 1900 1418 religionis
1948 1326 2201 1407 studio,
2255 1341 2320 1397 et
2369 1326 2700 1417 regularis
2741 1325 2883 1394 disci·

424 1418 651 1521 plinae
718 1417 913 1487 cultu
966 1417 1381 1507 praecipuus
1441 1416 1847 1485 habebatur.
1902 1415 2232 1486 lbitsolis
2278 1415 2704 1485 orationibus
2743 1414 2885 1501 etje-

415 1507 640 1595 Juniis
676 1528 912 1576 vacare
958 1507 1203 1594 coepit,
1255 1517 1321 1574 et
1370 1503 1514 1573 leve
1550 1505 1802 1595 jugum
1856 1505 2100 1575 Christi
2152 1506 2219 1573 in
2273 1527 2437 1574 suos
2487 1504 2790 1573 humeros
2824 1522 2886 1567 re·

420 1596 671 1686 cipere,
725 1594 1312 1683 semetipsumque
1363 1592 1491 1663 sibi
1535 1592 1966 1683 abnegando,
1999 1606 2062 1661 et
2093 1614 2367 1662 crucem
2402 1615 2599 1661 suam
2636 1589 2883 1662 tollendo.

421 1685 762 1753 Christum
825 1684 1058 1770 sequi:
1115 1695 1188 1751 ut
1238 1682 1359 1769 qui
1408 1682 1704 1751 aliorum
1755 1682 1991 1751 doctor
2041 1681 2316 1751 futurus
2366 1695 2533 1762 erat,
2590 1682 2726 1770 ipse
2766 1677 2884 1765 quod

418 1773 733 1841 doctrina
768 1771 1127 1850 didicerat,
1175 1771 1242 1839 in
1280 1792 1405 1840 suo
1437 1792 1721 1870 corpore
1759 1769 2352 1840 mortificationem
2396 1769 2693 1850 serendo,
2728 1767 2888 1854 copio-

425 1862 576 1931 sius
623 1860 936 1949 exemplo
987 1872 1417 1940 monstraret,
1462 1858 1627 1946 qutd
1666 1858 1784 1927 alii
1823 1859 1910 1928 ab
1952 1859 2100 1948 ipso
2138 1859 2318 1928 docti
2355 1858 2574 1928 facere
2613 1858 2886 1926 deberent.

427 1955 592 2019 Cum
632 1961 858 2018 autem
915 1947 1166 2018 multos
1216 1948 1281 2015 in
1333 1969 1412 2016 eo
1464 1948 1874 2017 monasterio
1921 1969 2141 2016 annos
2168 1948 2441 2035 egisset,
2481 1940 2886 2037 peregrinandi

428 2038 651 2127 coepit
691 2038 920 2129 urgeri
970 2036 1332 2116 desiderio,
1392 2058 1651 2105 memor
1688 2035 1875 2105 illius
1915 2036 2308 2105 Dominicae
2361 2037 2764 2115 sententiae,
2803 2050 2886 2117 qut

431 2128 694 2196 dictum
756 2140 857 2195 est
907 2126 1249 2195 Abrahae:
1304 2127 1444 2194 Emi
1487 2126 1567 2193 de
1628 2136 1807 2194 terra
1866 2136 2007 2205 tua,
2047 2134 2107 2193 et
2155 2126 2235 2193 de
2273 2129 2662 2215 cognatione
2712 2129 2886 2215 tutat?

421 2217 501 2285 de
562 2217 751 2285 domo
794 2218 1013 2305 patris
1054 2217 1199 2294 tui,
1266 2224 1327 2282 et
1374 2216 1531 2282 vem'
1597 2215 1668 2281 in
1728 2224 1979 2282 terram
2014 2268 2028 2295 ,
2098 2236 2303 2303 quam
2351 2225 2782 2283 monstravero
2816 2208 2885 2275 113³

423 2305 615 2394 (Gen.
661 2303 800 2393 xli).
858 2309 1092 2390 ltaque
1134 2302 1502 2371 venerabili
1547 2301 1720 2391 patri
1758 2301 2219 2392 commogello
2251 2303 2480 2371 cordis
2515 2303 2622 2371 sui
2657 2296 2887 2390 patefecit

424 2392 768 2477 ardorem,
814 2392 1248 2483 ignitumque
1298 2391 1454 2481 igne
1505 2390 1776 2459 Domini
1815 2389 2280 2460 desiderium:
2332 2392 2451 2461 sed
2487 2414 2618 2461 non
2645 2413 2715 2459 ea
2740 2383 2887 2483 patri?

427 2505 756 2572 responsa
791 2483 968 2562 tulit,
1004 2502 1182 2568 quae
1224 2481 1367 2570 ipse
1428 2480 1723 2548 maxime
1758 2479 2102 2548 voluisset.
2157 2484 2312 2549 Erat
2356 2482 2542 2549 enim
2594 2471 2884 2549 venerabili

426 2570 886 2661 commogello
935 2569 1419 2659 permolestum
1454 2622 1469 2650 ‚
1526 2581 1708 2638 tanta
1758 2568 2223 2638 consolatione
2287 2568 2588 2638 destitui.
2627 2565 2884 2656 ,Tandem

420 2672 652 2729 tamen
703 2659 834 2728 sibi
877 2659 1010 2749 ipsi
1063 2657 1329 2736 indixit,
1386 2678 1472 2726 ne
1524 2655 1680 2746 plus
1728 2679 1892 2726 suae
1946 2657 2328 2727 necessitati
2379 2657 2692 2735 studeret,
2742 2669 2882 2746 quan

418 2747 715 2818 aliorum
761 2746 1041 2816 utilitati
1090 2760 1478 2836 opportune
1521 2747 1808 2835 pareret.
1862 2751 1993 2815 Nec
2055 2746 2203 2814 sine
2250 2746 2728 2834 omnipotentis
2767 2740 2884 2810 artu·

422 2836 552 2907 trio
603 2836 831 2917 fiebat,
885 2836 1005 2923 qui
1056 2846 1365 2925 tyronem
1420 2855 1620 2904 suum
1673 2833 1756 2902 ad
1807 2832 1989 2902 bella
2047 2834 2280 2903 futura
2325 2834 2697 2912 erudiebat,
2742 2845 2803 2901 ut
2833 2824 2882 2892 de

419 2925 572 3014 ejus
609 2925 888 2994 victoria
918 2923 1253 3014 gloriosos
1288 2922 1567 2992 referret
1593 2921 2008 3013 triumphOS,
2043 2922 2440 3010 lautamque
2470 2918 2880 3015 supellectilem

418 3035 502 3083 ex
550 3034 906 3084 caesorum
959 3013 1262 3082 hostium
1310 3012 1530 3100 copiis
1565 3025 1962 3100 reportaret.
2014 3011 2252 3099 ltaque
2297 3012 2516 3083 accito
2560 3033 2659 3092 eo,
2695 3009 2880 3098 tristem

422 3102 581 3172 licet
640 3102 797 3184 sibi,
851 3115 1077 3171 tamen
1127 3101 1283 3171 aliis
1331 3099 1571 3169 utilem
1624 3100 2029 3170 sententiam
2071 3100 2456 3190 depromit,
2519 3123 2592 3170 se
2644 3114 2702 3168 et
2754 3111 2883 3252 pects

423 3191 850 3282 symbolum,
902 3203 968 3260 et
1021 3189 1262 3261 solatia
1319 3201 1525 3276 atque
1572 3189 1856 3259 comites
1906 3189 2194 3270 itineriS,
2236 3210 2412 3277 quos
2458 3189 2689 3279 religio
2726 3197 2882 3254 caros

419 3280 854 3361 reddidisset,
882 3278 1509 3370 suppeditaturum.
1540 3276 1829 3347 Collecto
1878 3291 2106 3348 autem
2137 3277 2425 3348 fratrum
2469 3287 2682 3359 coetu,
2712 3287 2879 3364 omnes

421 3369 785 3439 admonuit
832 3390 1114 3438 suarum
1163 3388 1443 3457 precum
1480 3366 1830 3457 suffragiis
1870 3366 2234 3456 impetrare
2281 3389 2321 3436 a
2370 3368 2653 3436 Domino
2697 3364 2878 3454 itinert.

420 3457 601 3544 quod
642 3458 1111 3527 Columbanus
1158 3468 1303 3526 erat
1348 3477 1507 3524 cum
1548 3455 1694 3532 suis
1742 3471 2215 3544 suscepturuS‚
2269 3453 2512 3525 solatia
2554 3466 2876 3524 necessartfl-

423 3546 680 3616 Deinde
728 3547 1222 3626 Columbanus,
1266 3543 1672 3613 vicesimum
1709 3544 1950 3613 aetatis
1995 3565 2209 3634 agens
2255 3566 2548 3624 annum,
2583 3565 2726 3613 cum
2766 3538 2878 3629 duo·

419 3634 642 3705 decim
695 3635 1066 3704 comitibus
1099 3634 1224 3703 iter
1272 3630 1680 3723 ingreditur,
1733 3644 1798 3701 et
1846 3632 2109 3704 Christo
2156 3631 2354 3713 duce,
2409 3632 2493 3701 ad
2539 3632 2712 3702 littus
2738 3639 2876 3722 mart?

418 3722 706 3805 accedit,
763 3724 859 3793 ibi
910 3721 1452 3792 misericordiam
1503 3721 1999 3809 omnipotentis
2096 3722 2588 3791 raestolaturus
2631 3731 2697 3789 ut
2734 3716 2780 3784 si
2810 3706 2875 3777 11¹1

421 3812 645 3881 visum
699 3812 827 3893 sit,
883 3811 1065 3899 quod
1114 3811 1350 3881 animo
1395 3809 1939 3891 constituerant,
1992 3743 2089 3878 ad)
2135 3810 2449 3879 effectum
2524 3808 2868 3900 perducatur·

417 3902 736 3971 Sentiunt
785 3901 1055 3970 interim
1093 3898 1452 3970 clementis
1493 3897 1758 3985 judicis
1807 3920 2041 3968 secum
2077 3897 2299 3967 facere
2334 3898 2752 3968 voluntatem:
2782 3905 2869 3956 stc·

419 4011 553 4076 que
600 3990 905 4058 carinam
959 3988 1277 4078 ingressi,
1331 3987 1582 4056 dubias
1635 4008 1754 4145 per
1800 3986 2049 4056 fretum
2103 3999 2603 4076 persequuntur
2644 3983 2791 4074 vias}
2825 3983 2866 4037 ²¹

418 4078 983 4167 prosperantibus
1030 4077 1198 4168 zeph
1257 4098 1485 4146 rorum
1540 4075 1627 4144 ssa
1685 4076 1802 4157 rie,
1843 4076 2104 4167 pernici
2151 4098 2365 4147 cursu
2415 4077 2480 4145 in
2530 4073 2862 4154 Britannicas

424 4167 834 4257 perveniunt
865 4167 1084 4236 sinus.
1141 4099 1266 4235 Ugi
1324 4164 1676 4256 paulisper
1724 4178 2093 4244 moranteS,
2139 4164 2317 4233 vires
2374 4169 2695 4234 resumunt
2728 4168 2853 4220 anct-

426 4256 686 4344 pitique
735 4256 969 4324 animo
1016 4256 1217 4323 anxia
1267 4255 1443 4323 inter
1480 4277 1552 4322 se
1601 4252 1891 4328 consilia
1931 4255 2216 4342 agitant.
2253 4253 2475 4322 Placet
2500 4247 2722 4320 tandem
2743 4252 2843 4306 am

475 4379 500 4405 ⁶
533 4380 616 4417 Vel
642 4382 733 4418 Rau
748 4383 854 4422 -λον,
874 4382 921 4419 tn
944 4381 1192 4420 Hiber-ntae
1213 4384 1417 4428 reqione,
1435 4390 1554 4429 qnae
1582 4383 1728 4420 staur
1751 4382 1890 4430 vuhgo
1911 4385 2226 4430 nuncupatur.
