2993 4837
542 304 667 368 386
1298 325 1375 369 na
1424 324 1477 371 s.
1533 324 1783 372 muana
1831 296 2135 373 avennio
2662 309 2821 375 NOV.
2865 304 2957 375 lo*

455 408 885 488 incumbens,
927 407 1659 495 mortificationemque
1703 415 1869 479 Jesu
1920 410 2169 481 Christi
2220 409 2289 479 in
2341 433 2622 501 corpore
2677 435 2789 482 suo
2828 413 2932 482 cir·

451 496 880 576 cumserenS,
959 496 1273 585 propriae
1337 518 1610 586 semper
1659 497 1748 567 ita
1817 498 2078 568 obstitit
2128 499 2487 581 voluntati,
2538 514 2655 581 ut,
2709 502 2932 569 divinae

449 587 705 677 gratiae
755 586 1112 655 roboratus
1169 585 1535 674 praesidiO,
1594 608 1847 656 novum
1896 586 1980 657 de
2028 587 2140 657 die
2189 589 2257 656 in
2312 589 2495 658 diem
2548 589 2930 691 perfectionis

447 676 737 766 gradum
790 672 1270 754 contenderet,
1329 688 1393 742 et
1450 676 1852 763 asperrimis
1899 676 2008 744 sui
2056 678 2365 766 corporis
2429 677 2932 748 afflictationibus

451 763 902 854 poenitentiae
960 763 1305 832 victimam
1370 778 1647 832 sanctae
1725 766 2271 836 mortificationis
2376 766 2559 836 ladio
2617 782 2929 837 mactatam

447 877 591 927 sese
638 853 906 922 offerret
956 856 1110 931 Deo,
1163 852 1281 937 qui
1332 851 1547 940 hujus
1596 853 1855 922 hostiae
1900 853 2226 924 odoratus
2275 878 2313 925 o
2366 878 2553 926 orem
2605 856 2932 934 suavitatis,

445 942 862 1031 quamplura
907 940 1403 1009 charismatum
1454 940 1633 1010 dona
1684 941 1869 1011 fideli
1924 942 2237 1030 bonoque
2284 967 2479 1015 servo
2527 968 2655 1014 suo
2692 945 2772 1014 ad
2817 945 2935 1013 illu-

446 1031 758 1103 strandas
791 1031 940 1120 ejus
991 1030 1269 1098 virtutes
1319 1028 1556 1119 largiri
1597 1030 1922 1119 dignatus
1967 1045 2091 1101 est.
2145 1033 2441 1101 Emicuit
2487 1035 2667 1103 iuter
2711 1057 2785 1102 ea
2811 1034 2937 1101 divi-

449 1123 635 1191 nitus
679 1119 1002 1191 collatum
1070 1140 1148 1187 ac
1206 1140 1377 1206 pene
1441 1118 1575 1187 sibi
1643 1118 1980 1189 familiare
2036 1121 2433 1210 prophetiae
2506 1122 2779 1198 lumen,
2840 1144 2937 1209 quo

444 1209 722 1296 quidem
773 1208 1178 1287 illustratuS‚
1234 1206 1462 1276 futura
1501 1220 1566 1275 et
1612 1206 1924 1278 absentia
1955 1210 2156 1296 quasi
2200 1212 2586 1300 praesentia
2636 1233 2826 1302 saepe
2870 1211 2938 1279 vi-

445 1299 567 1378 dit,
610 1298 1013 1383 occultaque
1075 1296 1362 1364 humani
1411 1295 1639 1365 cordis
1685 1296 2060 1384 aliquando
2107 1299 2447 1387 cognovit.

535 1395 573 1469 ἓ
622 1392 768 1460 13.
821 1392 1067 1456 Verum
1117 1396 1428 1454 octavum
1489 1386 1636 1473 jam
1688 1408 1900 1474 supra
1970 1388 2466 1477 octogesimum
2518 1411 2690 1459 suae
2747 1390 2936 1458 aetatis

447 1499 748 1555 annum,
803 1476 921 1563 qui
981 1487 1124 1543 erat
1196 1487 1462 1543 nostrae
1513 1474 1964 1563 reparationis
2011 1495 2295 1555 Mocvm,
2348 1477 2703 1569 attingens
2749 1478 2935 1547 beatus

443 1565 767 1643 AndreaS,
809 1565 1027 1653 primo
1079 1584 1277 1631 mane
1324 1584 1360 1630 e
1408 1574 1617 1631 strato
1666 1585 1999 1653 surgens,
2053 1588 2134 1634 ac
2197 1565 2529 1635 sacellum
2587 1567 2927 1657 ingressus,

443 1667 509 1724 et
555 1652 1090 1724 sacerdotalibus
1136 1651 1220 1719 de
1271 1673 1455 1720 more
1503 1652 1926 1722 ornamentis
1977 1653 2300 1735 indutuS,
2359 1655 2442 1723 ad
2494 1678 2693 1724 aram
2751 1657 2935 1723 Missae

444 1743 859 1813 sacrificium
911 1741 1379 1810 celebraturus
1429 1741 1756 1820 accessit;
1811 1742 1931 1811 ubi
1986 1763 2141 1811 vero
2206 1765 2344 1812 rem
2417 1742 2732 1813 divinam
2787 1764 2933 1832 agere

443 1832 687 1921 coepit,
734 1831 817 1900 ad
859 1830 974 1900 illa
1022 1829 1219 1899 verba
1269 1830 1558 1898 Introibo
1592 1830 1683 1897 ad
1728 1833 1950 1900 altare
1996 1833 2138 1911 Dei,
2181 1831 2272 1900 ita
2321 1844 2602 1921 repente
2634 1832 2933 1923 apoplexia

447 1942 813 2008 percussus
863 1919 1010 1999 fuit,
1050 1933 1124 1986 ut
1171 1917 1306 1986 nisi
1356 1917 1669 1986 minister
1713 1918 2053 1988 sacrificio
2103 1920 2483 1990 inserviens
2511 1922 2665 2011 jam
2708 1924 2840 2011 jam
2875 1921 2933 1987 la·

443 2010 712 2079 bentem
749 2011 1103 2098 supposita
1154 2028 1363 2075 manu
1397 2019 1866 2086 sustentasset,
1904 2009 1972 2076 in
2017 2021 2263 2077 terram
2314 2012 2719 2089 corruisset,
2757 2012 2811 2078 si
2832 2030 2933 2077 cor·

447 2120 642 2168 ruere
681 2098 914 2184 utique
947 2109 1204 2186 poterat
1243 2094 1433 2164 fortis
1487 2094 1599 2164 ille
1654 2117 1881 2175 senex,
1934 2119 2141 2184 quem
2191 2111 2509 2167 senectus
2566 2100 2823 2169 Christo
2863 2120 2933 2165 oc-

442 2201 806 2275 cupaverat
838 2186 1265 2265 servientem,
1300 2197 1367 2252 et
1412 2206 1616 2270 quem
1676 2197 1976 2254 extrema
2024 2185 2171 2256 dies
2221 2187 2594 2259 Salvatoris
2646 2188 2932 2257 invenerat

445 2276 873 2345 militantem.
927 2273 1214 2343 Adfuere
1282 2273 1596 2361 protinus
1648 2271 2016 2354 adstantes,
2087 2286 2228 2343 tum
2282 2288 2536 2365 patres,
2595 2277 2725 2347 hac
2791 2276 2930 2345 dere

445 2365 708 2446 moniti,
748 2363 1306 2454 supervenientes
1355 2361 1555 2433 illum
1610 2360 1677 2429 in
1726 2361 1962 2432 aedem
2022 2363 2275 2454 templo
2325 2366 2719 2454 proximam
2766 2364 2932 2435 addu-

440 2467 706 2533 xerunt,
744 2467 807 2523 et
856 2454 1069 2523 sacris
1117 2463 1451 2521 exuerunt
1502 2451 1828 2530 vestibus;
1884 2451 2084 2551 plura
2132 2453 2467 2534 subinde,
2528 2456 2653 2524 sed
2709 2454 2927 2525 frustra.

441 2543 748 2612 adhibita
786 2541 1066 2611 suerunt
1102 2539 1584 2619 medicamina,
1642 2561 1799 2609 nam
1846 2540 2136 2611 violenta
2177 2542 2396 2612 morbi
2446 2544 2682 2612 rabies
2714 2561 2930 2635 omnem

441 2632 501 2700 ei
533 2630 852 2717 loquendi
902 2652 1105 2700 usum
1159 2627 1557 2709 abstulerat,
1595 2627 1830 2697 illaesa
1890 2642 2111 2698 tamen
2167 2630 2233 2698 in
2280 2644 2491 2700 totum
2546 2627 2929 2702 discernendi

441 2719 783 2801 facultate,
837 2720 1017 2806 quod
1062 2741 1181 2807 per
1214 2718 1370 2786 data
1420 2718 1507 2786 ab
1539 2739 1616 2786 eo
1666 2717 1719 2786 si
1778 2740 1866 2787 na
1916 2717 2115 2807 plane
2160 2733 2597 2809 compertum
2651 2722 2796 2801 fuit,
2833 2740 2931 2786 mo·

445 2809 629 2877 tibus
664 2830 909 2895 nempe
954 2807 1402 2895 quibusdam,
1456 2829 1536 2875 ac
1588 2809 1731 2874 nuti
1790 2829 1896 2886 uS,
1950 2820 2025 2876 ut
2064 2807 2150 2876 ad
2202 2830 2391 2877 aram
2444 2812 2777 2896 majorem
2824 2828 2930 2897 per-

440 2896 830 2977 duceretur,
883 2898 1130 2966 ardens
1164 2895 1460 2966 ostendit
1501 2894 1948 2973 desiderium,
1998 2908 2073 2965 ut
2120 2908 2308 2966 stans
2348 2918 2585 2966 coram
2626 2899 2764 2978 illa,
2809 2896 2928 2965 etin

438 3007 516 3054 ea
563 2999 970 3075 consumpta
1023 2992 1151 3054 Deo
1202 2984 1521 3054 universa
1543 2984 1941 3083 'mortificati
1977 2985 2082 3053 sui
2133 2987 2441 3075 corporis
2474 2986 2728 3068 hostia,
2772 2999 2933 3056 extre·

440 3097 620 3152 mus,
665 3075 784 3162 qui
834 3086 1208 3164 supererat,
1261 3087 1326 3142 et
1383 3086 1716 3142 morituro
1766 3086 1929 3142 tunc
1979 3073 2045 3141 in
2116 3088 2382 3162 pectore
2431 3076 2611 3145 vitae
2661 3076 2831 3166 ignis
2872 3087 2932 3139 te·

442 3163 664 3252 pebat‚
721 3163 1305 3250 quemadmodum
1365 3162 1595 3231 vivens
1641 3174 2004 3242 exarserat,
2050 3161 2283 3233 divino
2343 3185 2625 3251 quoque
2686 3165 2934 3234 moriens

436 3253 947 3341 extingueretur
992 3274 1245 3321 amore.

523 3345 560 3429 §
607 3347 747 3414 ιιι.
804 3347 965 3409 Cum
1021 3363 1175 3410 vero
1210 3339 1543 3427 superior,
1598 3361 1684 3407 an
1736 3339 2218 3428 suscipiendae
2250 3342 2723 3413 Eucharistiae
2760 3337 2933 3431 gratia

439 3430 505 3500 id
559 3443 918 3521 expeteret,
971 3431 1474 3518 interrogasset,
1530 3429 1777 3496 annuit
1815 3427 1928 3497 ille
1962 3428 2196 3498 iterato
2236 3431 2481 3518 capitis
2524 3432 2727 3510 flexu,
2778 3447 2932 3497 neca

437 3520 721 3590 nutibus
768 3519 1094 3588 desistere
1139 3531 1203 3587 et
1251 3518 1601 3603 quiescere
1651 3517 1861 3597 visus,
1922 3517 2054 3586 nisi
2109 3540 2269 3588 cum
2313 3519 2441 3588 hoc
2483 3519 2572 3589 de
2606 3518 2931 3610 negotiose.

436 3609 615 3678 idem
666 3608 980 3696 superior
1012 3606 1114 3676 illi
1152 3606 1664 3676 satisfacturum
1723 3604 2225 3695 spopondisset,
2266 3620 2628 3697 postquam
2685 3606 2924 3677 scilicet.

431 3698 613 3784 quod
663 3708 807 3766 erat
865 3708 1027 3765 tunc
1074 3696 1554 3785 opportuniUS,
1607 3695 1675 3762 in
1726 3694 2126 3764 cubiculum
2178 3710 2541 3785 aegrotans
2589 3707 2929 3786 asportatus

431 3787 696 3857 fuisset.
750 3791 842 3854 Eo
929 3784 1276 3864 erductus,
1332 3807 1411 3853 ac
1461 3782 1711 3876 lectulo
1761 3796 2037 3865 stratus,
2081 3785 2388 3865 medicis,
2434 3787 2555 3873 qui
2582 3786 2723 3873 jam
2764 3781 2928 3852 adve-

434 3888 695 3958 nerant,
754 3873 868 3942 nul
904 3897 1011 3944 am
1054 3873 1298 3943 salutis
1339 3895 1528 3962 spem
1572 3871 1922 3952 dantibuS‚
1960 3872 2075 3941 sed
2114 3873 2287 3942 intra
2330 3897 2584 3963 paucas
2616 3876 2806 3943 horas
2840 3889 2927 3936 ae-

478 3988 627 4034 rum
661 3964 1069 4033 moriturum
1112 3962 1758 4053 pronunciantibuS,
1796 3961 2228 4032 sanctissimo
2260 3964 2512 4034 Viatico
2540 3974 2926 4042 extremaque

428 3988 678 4122 deinde
729 4054 1055 4122 Unctione
1097 4052 1406 4121 munitus
1454 4051 1604 4120 fuit.
1643 4055 1720 4119 In
1773 4061 1956 4119 tanta
1995 4072 2152 4120 vero
2210 4053 2577 4140 spirituum
2618 4047 2923 4142 perturba·

430 4143 633 4220 tione,
669 4141 1008 4231 singulari
1043 4141 1157 4210 Dei
1195 4140 1550 4218 beneficio,
1598 4140 1691 4208 ita
1723 4152 1948 4209 mente
1996 4161 2269 4229 semper
2305 4141 2517 4211 libera
2570 4143 2918 4231 perman-sit,

427 4242 504 4297 ut
554 4231 695 4299 viso
734 4230 1009 4318 alonge
1056 4231 1123 4299 in
1188 4229 1561 4300 sacerdotis
1617 4228 1941 4299 manibus
1974 4228 2208 4299 divino
2259 4235 2707 4306 Sacramento‚
2754 4222 2917 4292 edlu-³

431 4317 615 4385 haud
660 4318 1060 4405 vulgaribus
1104 4318 1373 4407 pietatis
1420 4329 1484 4386 et
1550 4317 1926 4387 devotionis
1993 4318 2307 4399 indiciis,
2354 4343 2389 4389 e
2438 4320 2602 4388 lecto
2656 4329 2911 4399 surgere.

432 4417 765 4491 quantum
822 4429 938 4495 per
989 4407 1161 4476 vires
1211 4407 1520 4487 licuerat,
1552 4418 1841 4477 conatus
1876 4406 2101 4488 fuerit,
2159 4409 2436 4478 nonnisi
2474 4405 2661 4479 humi
2706 4411 2912 4474 stratus
2956 4429 2957 4440 κ
