<?xml version="1.0" encoding="UTF-8"?>
<!DOCTYPE html PUBLIC "-//W3C//DTD XHTML 1.0 Transitional//EN"
    "http://www.w3.org/TR/xhtml1/DTD/xhtml1-transitional.dtd">
<html xmlns="http://www.w3.org/1999/xhtml" xml:lang="en" lang="en">
 <head>
  <title>
</title>
<meta http-equiv="Content-Type" content="text/html;charset=utf-8" />
  <meta name='ocr-system' content='tesseract 3.04.00' />
  <meta name='ocr-capabilities' content='ocr_page ocr_carea ocr_par ocr_line ocrx_word'/>
</head>
<body>
  <div class='ocr_page' id='page_1' title='image "./historiaeseuvit05lippgoog_0585.png"; bbox 0 0 2993 4837; ppageno 0'>
   <div class='ocr_carea' id='block_1_1' title="bbox 34 338 2430 409">
    <p class='ocr_par' dir='ltr' id='par_1_1' title="bbox 34 338 2430 409">
     <span class='ocr_line' id='line_1_1' title="bbox 34 338 2430 409; baseline 0.003 -7"><span class='ocrx_word' id='word_1_1' title='bbox 34 338 173 403; x_wconf 63' lang='lat' dir='ltr'><strong>Nor.</strong></span> <span class='ocrx_word' id='word_1_2' title='bbox 226 338 299 402; x_wconf 54' lang='lat'><strong>2⁴17</strong></span> <span class='ocrx_word' id='word_1_3' title='bbox 667 360 743 404; x_wconf 68' lang='lat' dir='ltr'><strong>ns</strong></span> <span class='ocrx_word' id='word_1_4' title='bbox 792 360 846 405; x_wconf 88' lang='lat' dir='ltr'><strong>s.</strong></span> <span class='ocrx_word' id='word_1_5' title='bbox 902 358 1193 405; x_wconf 61' lang='lat' dir='ltr'><strong>mommio</strong></span> <span class='ocrx_word' id='word_1_6' title='bbox 1242 361 1341 405; x_wconf 73' lang='grc' dir='ltr'><strong>ΕΡ.</strong></span> <span class='ocrx_word' id='word_1_7' title='bbox 1396 361 1836 407; x_wconf 63' lang='lat' dir='ltr'><strong>Ati-:mxviiixo</strong></span> <span class='ocrx_word' id='word_1_8' title='bbox 2305 347 2430 409; x_wconf 70' lang='lat'><strong>:345</strong></span> 
     </span>
    </p>
   </div>
   <div class='ocr_carea' id='block_1_2' title="bbox 33 442 2590 4528">
    <p class='ocr_par' dir='ltr' id='par_1_2' title="bbox 33 442 2557 3286">
     <span class='ocr_line' id='line_1_2' title="bbox 93 442 2515 533; baseline 0 -21"><span class='ocrx_word' id='word_1_9' title='bbox 93 443 121 527; x_wconf 67' lang='grc' dir='ltr'>ξ</span> <span class='ocrx_word' id='word_1_10' title='bbox 166 448 297 513; x_wconf 71' lang='lat'><strong>21.</strong></span> <span class='ocrx_word' id='word_1_11' title='bbox 334 466 368 508; x_wconf 85' lang='lat'>«</span> <span class='ocrx_word' id='word_1_12' title='bbox 398 442 908 532; x_wconf 86' lang='lat' dir='ltr'><strong>Quamplurimi</strong></span> <span class='ocrx_word' id='word_1_13' title='bbox 936 465 970 511; x_wconf 88' lang='lat' dir='ltr'><strong>e</strong></span> <span class='ocrx_word' id='word_1_14' title='bbox 1007 443 1334 511; x_wconf 89' lang='lat' dir='ltr'><strong>fratribus</strong></span> <span class='ocrx_word' id='word_1_15' title='bbox 1362 446 1614 512; x_wconf 88' lang='lat' dir='ltr'><strong>nostris</strong></span> <span class='ocrx_word' id='word_1_16' title='bbox 1644 446 1811 513; x_wconf 84' lang='lat' dir='ltr'><strong>adeo</strong></span> <span class='ocrx_word' id='word_1_17' title='bbox 1847 446 2185 514; x_wconf 90' lang='lat' dir='ltr'><strong>immenso</strong></span> <span class='ocrx_word' id='word_1_18' title='bbox 2219 448 2515 533; x_wconf 90' lang='lat' dir='ltr'><strong>quodam</strong></span> 
     </span>
     <span class='ocr_line' id='line_1_3' title="bbox 34 529 2526 614; baseline 0.003 -17"><span class='ocrx_word' id='word_1_19' title='bbox 34 529 337 599; x_wconf 84' lang='lat' dir='ltr'><strong>eharitatis</strong></span> <span class='ocrx_word' id='word_1_20' title='bbox 374 545 439 599; x_wconf 87' lang='lat' dir='ltr'><strong>et</strong></span> <span class='ocrx_word' id='word_1_21' title='bbox 488 531 826 601; x_wconf 77' lang='lat' dir='ltr'><strong>fraternae</strong></span> <span class='ocrx_word' id='word_1_22' title='bbox 869 532 1377 601; x_wconf 88' lang='lat' dir='ltr'><strong>benevolentiae</strong></span> <span class='ocrx_word' id='word_1_23' title='bbox 1428 533 1671 601; x_wconf 87' lang='lat' dir='ltr'><strong>ardore</strong></span> <span class='ocrx_word' id='word_1_24' title='bbox 1727 547 1919 602; x_wconf 90' lang='lat' dir='ltr'><strong>erant</strong></span> <span class='ocrx_word' id='word_1_25' title='bbox 1970 536 2402 614; x_wconf 85' lang='lat' dir='ltr'><strong>inflammati,</strong></span> <span class='ocrx_word' id='word_1_26' title='bbox 2450 551 2526 604; x_wconf 90' lang='lat' dir='ltr'><strong>ut</strong></span> 
     </span>
     <span class='ocr_line' id='line_1_4' title="bbox 34 619 2525 710; baseline 0.002 -23"><span class='ocrx_word' id='word_1_27' title='bbox 34 619 273 688; x_wconf 85' lang='lat' dir='ltr'><strong>minime</strong></span> <span class='ocrx_word' id='word_1_28' title='bbox 320 643 483 688; x_wconf 90' lang='lat' dir='ltr'><strong>suae</strong></span> <span class='ocrx_word' id='word_1_29' title='bbox 523 636 880 709; x_wconf 75' lang='lat' dir='ltr'>parcentes</span> <span class='ocrx_word' id='word_1_30' title='bbox 930 621 1125 702; x_wconf 89' lang='lat' dir='ltr'><strong>vitae,</strong></span> <span class='ocrx_word' id='word_1_31' title='bbox 1165 622 1280 690; x_wconf 91' lang='lat' dir='ltr'><strong>sed</strong></span> <span class='ocrx_word' id='word_1_32' title='bbox 1327 622 1459 710; x_wconf 88' lang='lat' dir='ltr'><strong>ipsi</strong></span> <span class='ocrx_word' id='word_1_33' title='bbox 1511 622 1640 690; x_wconf 89' lang='lat' dir='ltr'><strong>sibi</strong></span> <span class='ocrx_word' id='word_1_34' title='bbox 1696 623 1867 691; x_wconf 89' lang='lat' dir='ltr'><strong>inter</strong></span> <span class='ocrx_word' id='word_1_35' title='bbox 1906 646 1976 691; x_wconf 91' lang='lat' dir='ltr'><strong>se</strong></span> <span class='ocrx_word' id='word_1_36' title='bbox 2027 626 2223 692; x_wconf 84' lang='lat' dir='ltr'><strong>firme</strong></span> <span class='ocrx_word' id='word_1_37' title='bbox 2272 625 2525 693; x_wconf 87' lang='lat' dir='ltr'><strong>adhae-</strong></span> 
     </span>
     <span class='ocr_line' id='line_1_5' title="bbox 34 710 2527 798; baseline 0.003 -24"><span class='ocrx_word' id='word_1_38' title='bbox 34 721 368 783; x_wconf 82' lang='lat' dir='ltr'><strong>rescentes,</strong></span> <span class='ocrx_word' id='word_1_39' title='bbox 422 730 540 778; x_wconf 91' lang='lat' dir='ltr'><strong>eos</strong></span> <span class='ocrx_word' id='word_1_40' title='bbox 613 711 727 796; x_wconf 92' lang='lat' dir='ltr'><strong>qui</strong></span> <span class='ocrx_word' id='word_1_41' title='bbox 782 710 1021 778; x_wconf 89' lang='lat' dir='ltr'><strong>morbo</strong></span> <span class='ocrx_word' id='word_1_42' title='bbox 1069 711 1683 798; x_wconf 80' lang='lat' dir='ltr'><strong>opprimebantur,</strong></span> <span class='ocrx_word' id='word_1_43' title='bbox 1748 711 1938 780; x_wconf 90' lang='lat' dir='ltr'><strong>nulla</strong></span> <span class='ocrx_word' id='word_1_44' title='bbox 2011 713 2116 780; x_wconf 87' lang='lat' dir='ltr'><strong>sui</strong></span> <span class='ocrx_word' id='word_1_45' title='bbox 2185 736 2349 782; x_wconf 89' lang='lat' dir='ltr'><strong>cura</strong></span> <span class='ocrx_word' id='word_1_46' title='bbox 2411 726 2527 782; x_wconf 90' lang='lat' dir='ltr'><strong>aut</strong></span> 
     </span>
     <span class='ocr_line' id='line_1_6' title="bbox 33 797 2529 890; baseline 0.003 -26"><span class='ocrx_word' id='word_1_47' title='bbox 33 798 302 867; x_wconf 80' lang='lat' dir='ltr'><strong>cautione</strong></span> <span class='ocrx_word' id='word_1_48' title='bbox 349 798 685 876; x_wconf 88' lang='lat' dir='ltr'><strong>adhibita,</strong></span> <span class='ocrx_word' id='word_1_49' title='bbox 733 798 970 867; x_wconf 90' lang='lat' dir='ltr'><strong>sedulo</strong></span> <span class='ocrx_word' id='word_1_50' title='bbox 1022 800 1414 879; x_wconf 85' lang='lat' dir='ltr'><strong>inviserent,</strong></span> <span class='ocrx_word' id='word_1_51' title='bbox 1453 797 1596 867; x_wconf 88' lang='lat' dir='ltr'><strong>illis</strong></span> <span class='ocrx_word' id='word_1_52' title='bbox 1632 800 2036 869; x_wconf 87' lang='lat' dir='ltr'><strong>inservirent</strong></span> <span class='ocrx_word' id='word_1_53' title='bbox 2072 802 2371 883; x_wconf 81' lang='lat' dir='ltr'><strong>assidue,</strong></span> <span class='ocrx_word' id='word_1_54' title='bbox 2409 824 2529 890; x_wconf 91' lang='lat' dir='ltr'><strong>pro</strong></span> 
     </span>
     <span class='ocr_line' id='line_1_7' title="bbox 33 886 2526 967; baseline 0.002 -16"><span class='ocrx_word' id='word_1_55' title='bbox 33 886 249 954; x_wconf 81' lang='lat' dir='ltr'><strong>viribus</strong></span> <span class='ocrx_word' id='word_1_56' title='bbox 281 888 364 955; x_wconf 90' lang='lat' dir='ltr'><strong>ob</strong></span> <span class='ocrx_word' id='word_1_57' title='bbox 413 886 665 956; x_wconf 83' lang='lat' dir='ltr'><strong>Christi</strong></span> <span class='ocrx_word' id='word_1_58' title='bbox 714 909 1016 955; x_wconf 88' lang='lat' dir='ltr'><strong>amorem</strong></span> <span class='ocrx_word' id='word_1_59' title='bbox 1050 901 1395 967; x_wconf 90' lang='lat' dir='ltr'><strong>curarent,</strong></span> <span class='ocrx_word' id='word_1_60' title='bbox 1451 910 1590 955; x_wconf 90' lang='lat' dir='ltr'><strong>una</strong></span> <span class='ocrx_word' id='word_1_61' title='bbox 1641 912 1796 957; x_wconf 91' lang='lat' dir='ltr'><strong>cum</strong></span> <span class='ocrx_word' id='word_1_62' title='bbox 1855 889 1991 957; x_wconf 92' lang='lat' dir='ltr'><strong>illis</strong></span> <span class='ocrx_word' id='word_1_63' title='bbox 2039 890 2444 959; x_wconf 84' lang='lat' dir='ltr'><strong>decederent</strong></span> <span class='ocrx_word' id='word_1_64' title='bbox 2492 913 2526 957; x_wconf 87' lang='lat' dir='ltr'><strong>e</strong></span> 
     </span>
     <span class='ocr_line' id='line_1_8' title="bbox 34 974 2528 1066; baseline 0.004 -28"><span class='ocrx_word' id='word_1_65' title='bbox 34 974 156 1051; x_wconf 78' lang='lat' dir='ltr'><strong>rita,</strong></span> <span class='ocrx_word' id='word_1_66' title='bbox 199 975 668 1045; x_wconf 83' lang='lat' dir='ltr'><strong>lubentissime</strong></span> <span class='ocrx_word' id='word_1_67' title='bbox 717 976 1120 1066; x_wconf 82' lang='lat' dir='ltr'><strong>contagione</strong></span> <span class='ocrx_word' id='word_1_68' title='bbox 1169 977 1459 1045; x_wconf 90' lang='lat' dir='ltr'><strong>aliorum</strong></span> <span class='ocrx_word' id='word_1_69' title='bbox 1523 976 1798 1058; x_wconf 81' lang='lat' dir='ltr'><strong>infecti,</strong></span> <span class='ocrx_word' id='word_1_70' title='bbox 1864 980 2065 1046; x_wconf 90' lang='lat' dir='ltr'><strong>etiam</strong></span> <span class='ocrx_word' id='word_1_71' title='bbox 2123 981 2437 1048; x_wconf 89' lang='lat' dir='ltr'><strong>morbum</strong></span> <span class='ocrx_word' id='word_1_72' title='bbox 2491 1002 2528 1047; x_wconf 89' lang='lat' dir='ltr'><strong>a</strong></span> 
     </span>
     <span class='ocr_line' id='line_1_9' title="bbox 34 1064 2524 1155; baseline 0.002 -26"><span class='ocrx_word' id='word_1_73' title='bbox 34 1064 316 1151; x_wconf 78' lang='lat' dir='ltr'><strong>proximis</strong></span> <span class='ocrx_word' id='word_1_74' title='bbox 345 1064 860 1152; x_wconf 90' lang='lat' dir='ltr'><strong>quodammodo</strong></span> <span class='ocrx_word' id='word_1_75' title='bbox 896 1064 979 1132; x_wconf 90' lang='lat' dir='ltr'><strong>ad</strong></span> <span class='ocrx_word' id='word_1_76' title='bbox 1024 1088 1093 1133; x_wconf 91' lang='lat' dir='ltr'><strong>se</strong></span> <span class='ocrx_word' id='word_1_77' title='bbox 1144 1066 1584 1146; x_wconf 83' lang='lat' dir='ltr'><strong>attraherent,</strong></span> <span class='ocrx_word' id='word_1_78' title='bbox 1636 1088 1898 1152; x_wconf 90' lang='lat' dir='ltr'><strong>suaque</strong></span> <span class='ocrx_word' id='word_1_79' title='bbox 1948 1084 2188 1155; x_wconf 89' lang='lat' dir='ltr'><strong>sponte</strong></span> <span class='ocrx_word' id='word_1_80' title='bbox 2229 1068 2524 1137; x_wconf 90' lang='lat' dir='ltr'><strong>aliorum</strong></span> 
     </span>
     <span class='ocr_line' id='line_1_10' title="bbox 38 1154 2530 1246; baseline 0.003 -28"><span class='ocrx_word' id='word_1_81' title='bbox 38 1172 328 1222; x_wconf 83' lang='lat' dir='ltr'><strong>moerores</strong></span> <span class='ocrx_word' id='word_1_82' title='bbox 377 1154 704 1222; x_wconf 89' lang='lat' dir='ltr'><strong>benevole</strong></span> <span class='ocrx_word' id='word_1_83' title='bbox 757 1154 1170 1241; x_wconf 86' lang='lat' dir='ltr'><strong>mitigarent.</strong></span> <span class='ocrx_word' id='word_1_84' title='bbox 1225 1154 1413 1222; x_wconf 83' lang='lat' dir='ltr'><strong>Multi</strong></span> <span class='ocrx_word' id='word_1_85' title='bbox 1467 1155 1626 1222; x_wconf 89' lang='lat' dir='ltr'><strong>item</strong></span> <span class='ocrx_word' id='word_1_86' title='bbox 1693 1156 1856 1223; x_wconf 88' lang='lat' dir='ltr'><strong>dum</strong></span> <span class='ocrx_word' id='word_1_87' title='bbox 1912 1156 2066 1224; x_wconf 90' lang='lat' dir='ltr'><strong>aliis</strong></span> <span class='ocrx_word' id='word_1_88' title='bbox 2116 1158 2530 1246; x_wconf 83' lang='lat' dir='ltr'><strong>aegrotanti-</strong></span> 
     </span>
     <span class='ocr_line' id='line_1_11' title="bbox 38 1239 2530 1334; baseline 0.003 -28"><span class='ocrx_word' id='word_1_89' title='bbox 38 1239 143 1307; x_wconf 86' lang='lat' dir='ltr'><strong>bus</strong></span> <span class='ocrx_word' id='word_1_90' title='bbox 169 1264 390 1310; x_wconf 90' lang='lat' dir='ltr'><strong>curam</strong></span> <span class='ocrx_word' id='word_1_91' title='bbox 443 1242 800 1322; x_wconf 88' lang='lat' dir='ltr'><strong>adhibent,</strong></span> <span class='ocrx_word' id='word_1_92' title='bbox 849 1243 1123 1329; x_wconf 91' lang='lat' dir='ltr'><strong>illisque</strong></span> <span class='ocrx_word' id='word_1_93' title='bbox 1176 1244 1351 1311; x_wconf 87' lang='lat' dir='ltr'><strong>vires</strong></span> <span class='ocrx_word' id='word_1_94' title='bbox 1389 1244 1776 1323; x_wconf 88' lang='lat' dir='ltr'><strong>restituunt,</strong></span> <span class='ocrx_word' id='word_1_95' title='bbox 1820 1245 1950 1334; x_wconf 90' lang='lat' dir='ltr'><strong>ipsi</strong></span> <span class='ocrx_word' id='word_1_96' title='bbox 2000 1244 2290 1314; x_wconf 90' lang='lat' dir='ltr'><strong>aliorum</strong></span> <span class='ocrx_word' id='word_1_97' title='bbox 2349 1268 2530 1314; x_wconf 91' lang='lat' dir='ltr'><strong>mor-</strong></span> 
     </span>
     <span class='ocr_line' id='line_1_12' title="bbox 42 1331 2527 1420; baseline 0.003 -26"><span class='ocrx_word' id='word_1_98' title='bbox 42 1338 142 1396; x_wconf 83' lang='lat' dir='ltr'><strong>tem</strong></span> <span class='ocrx_word' id='word_1_99' title='bbox 207 1331 268 1398; x_wconf 87' lang='lat' dir='ltr'><strong>in</strong></span> <span class='ocrx_word' id='word_1_100' title='bbox 341 1354 410 1399; x_wconf 90' lang='lat' dir='ltr'><strong>se</strong></span> <span class='ocrx_word' id='word_1_101' title='bbox 476 1331 911 1411; x_wconf 81' lang='lat' dir='ltr'><strong>derivanteS,</strong></span> <span class='ocrx_word' id='word_1_102' title='bbox 972 1333 1174 1399; x_wconf 89' lang='lat' dir='ltr'><strong>vitam</strong></span> <span class='ocrx_word' id='word_1_103' title='bbox 1238 1331 1583 1405; x_wconf 77' lang='lat' dir='ltr'><strong>amittunt.</strong></span> <span class='ocrx_word' id='word_1_104' title='bbox 1641 1338 1716 1401; x_wconf 89' lang='lat' dir='ltr'><strong>Et</strong></span> <span class='ocrx_word' id='word_1_105' title='bbox 1766 1335 2043 1401; x_wconf 81' lang='lat' dir='ltr'><strong>verbum</strong></span> <span class='ocrx_word' id='word_1_106' title='bbox 2100 1334 2293 1413; x_wconf 91' lang='lat' dir='ltr'><strong>illud,</strong></span> <span class='ocrx_word' id='word_1_107' title='bbox 2348 1333 2527 1420; x_wconf 89' lang='lat' dir='ltr'><strong>quod</strong></span> 
     </span>
     <span class='ocr_line' id='line_1_13' title="bbox 43 1416 2535 1513; baseline 0.004 -32"><span class='ocrx_word' id='word_1_108' title='bbox 43 1416 204 1505; x_wconf 81' lang='lat' dir='ltr'><strong>vulgo</strong></span> <span class='ocrx_word' id='word_1_109' title='bbox 247 1442 514 1510; x_wconf 83' lang='lat' dir='ltr'><strong>semper</strong></span> <span class='ocrx_word' id='word_1_110' title='bbox 547 1420 825 1499; x_wconf 88' lang='lat' dir='ltr'><strong>dicitur,</strong></span> <span class='ocrx_word' id='word_1_111' title='bbox 874 1421 1197 1506; x_wconf 89' lang='lat' dir='ltr'><strong>quodque</strong></span> <span class='ocrx_word' id='word_1_112' title='bbox 1239 1442 1431 1513; x_wconf 79' lang='lat' dir='ltr'><strong>verae</strong></span> <span class='ocrx_word' id='word_1_113' title='bbox 1468 1421 1973 1491; x_wconf 85' lang='lat' dir='ltr'><strong>benevolentiae</strong></span> <span class='ocrx_word' id='word_1_114' title='bbox 2004 1422 2226 1491; x_wconf 91' lang='lat' dir='ltr'><strong>solum</strong></span> <span class='ocrx_word' id='word_1_115' title='bbox 2267 1423 2535 1491; x_wconf 89' lang='lat' dir='ltr'><strong>videtur</strong></span> 
     </span>
     <span class='ocr_line' id='line_1_14' title="bbox 44 1508 2534 1599; baseline 0.003 -28"><span class='ocrx_word' id='word_1_116' title='bbox 44 1509 377 1588; x_wconf 77' lang='lat' dir='ltr'><strong>convenire,</strong></span> <span class='ocrx_word' id='word_1_117' title='bbox 419 1510 754 1577; x_wconf 89' lang='lat' dir='ltr'><strong>nimirum</strong></span> <span class='ocrx_word' id='word_1_118' title='bbox 811 1522 884 1577; x_wconf 91' lang='lat' dir='ltr'><strong>ut</strong></span> <span class='ocrx_word' id='word_1_119' title='bbox 932 1508 1190 1599; x_wconf 82' lang='lat' dir='ltr'><strong>singuli</strong></span> <span class='ocrx_word' id='word_1_120' title='bbox 1252 1531 1373 1598; x_wconf 91' lang='lat' dir='ltr'><strong>pro</strong></span> <span class='ocrx_word' id='word_1_121' title='bbox 1423 1510 1666 1578; x_wconf 88' lang='lat' dir='ltr'><strong>amicis</strong></span> <span class='ocrx_word' id='word_1_122' title='bbox 1729 1513 1974 1581; x_wconf 90' lang='lat' dir='ltr'><strong>abeant</strong></span> <span class='ocrx_word' id='word_1_123' title='bbox 2022 1532 2057 1578; x_wconf 90' lang='lat' dir='ltr'><strong>e</strong></span> <span class='ocrx_word' id='word_1_124' title='bbox 2107 1512 2263 1592; x_wconf 86' lang='lat' dir='ltr'><strong>vita,</strong></span> <span class='ocrx_word' id='word_1_125' title='bbox 2327 1533 2534 1597; x_wconf 89' lang='lat' dir='ltr'><strong>seque</strong></span> 
     </span>
     <span class='ocr_line' id='line_1_15' title="bbox 45 1597 2534 1689; baseline 0.003 -29"><span class='ocrx_word' id='word_1_126' title='bbox 45 1614 238 1663; x_wconf 80' lang='lat' dir='ltr'><strong>eorum</strong></span> <span class='ocrx_word' id='word_1_127' title='bbox 286 1621 537 1678; x_wconf 88' lang='lat' dir='ltr'><strong>causa,</strong></span> <span class='ocrx_word' id='word_1_128' title='bbox 602 1612 676 1666; x_wconf 94' lang='lat' dir='ltr'><strong>ut</strong></span> <span class='ocrx_word' id='word_1_129' title='bbox 742 1599 829 1665; x_wconf 91' lang='lat' dir='ltr'><strong>ita</strong></span> <span class='ocrx_word' id='word_1_130' title='bbox 902 1597 1127 1666; x_wconf 88' lang='lat' dir='ltr'><strong>dicam</strong></span> <span class='ocrx_word' id='word_1_131' title='bbox 1164 1653 1178 1679; x_wconf 89' lang='lat'><strong>,</strong></span> <span class='ocrx_word' id='word_1_132' title='bbox 1235 1599 1793 1686; x_wconf 75' lang='lat' dir='ltr'><strong>reJeetamentum</strong></span> <span class='ocrx_word' id='word_1_133' title='bbox 1846 1599 2188 1678; x_wconf 84' lang='lat' dir='ltr'><strong>efficiant,</strong></span> <span class='ocrx_word' id='word_1_134' title='bbox 2258 1621 2328 1669; x_wconf 90' lang='lat' dir='ltr'><strong>re</strong></span> <span class='ocrx_word' id='word_1_135' title='bbox 2385 1602 2534 1689; x_wconf 89' lang='lat' dir='ltr'><strong>ipsa</strong></span> 
     </span>
     <span class='ocr_line' id='line_1_16' title="bbox 46 1683 2535 1778; baseline 0.003 -29"><span class='ocrx_word' id='word_1_136' title='bbox 46 1683 457 1772; x_wconf 80' lang='lat' dir='ltr'><strong>expleverunt.</strong></span> <span class='ocrx_word' id='word_1_137' title='bbox 504 1692 599 1755; x_wconf 87' lang='lat' dir='ltr'><strong>Ex</strong></span> <span class='ocrx_word' id='word_1_138' title='bbox 649 1686 977 1757; x_wconf 90' lang='lat' dir='ltr'><strong>fratribus</strong></span> <span class='ocrx_word' id='word_1_139' title='bbox 1029 1687 1261 1775; x_wconf 85' lang='lat' dir='ltr'><strong>igitur,</strong></span> <span class='ocrx_word' id='word_1_140' title='bbox 1297 1686 1414 1772; x_wconf 92' lang='lat' dir='ltr'><strong>qui</strong></span> <span class='ocrx_word' id='word_1_141' title='bbox 1450 1686 1694 1754; x_wconf 86' lang='lat' dir='ltr'><strong>virtute</strong></span> <span class='ocrx_word' id='word_1_142' title='bbox 1734 1688 1930 1756; x_wconf 87' lang='lat' dir='ltr'><strong>facile</strong></span> <span class='ocrx_word' id='word_1_143' title='bbox 1960 1701 2153 1758; x_wconf 89' lang='lat' dir='ltr'><strong>erant</strong></span> <span class='ocrx_word' id='word_1_144' title='bbox 2187 1703 2535 1778; x_wconf 87' lang='lat' dir='ltr'><strong>praestan-</strong></span> 
     </span>
     <span class='ocr_line' id='line_1_17' title="bbox 48 1770 2537 1874; baseline 0.003 -37"><span class='ocrx_word' id='word_1_145' title='bbox 48 1770 289 1853; x_wconf 87' lang='lat' dir='ltr'><strong>tissimi,</strong></span> <span class='ocrx_word' id='word_1_146' title='bbox 344 1776 424 1845; x_wconf 91' lang='lat' dir='ltr'><strong>ad</strong></span> <span class='ocrx_word' id='word_1_147' title='bbox 481 1777 670 1843; x_wconf 88' lang='lat' dir='ltr'><strong>hunc</strong></span> <span class='ocrx_word' id='word_1_148' title='bbox 723 1774 1000 1843; x_wconf 90' lang='lat' dir='ltr'><strong>modum</strong></span> <span class='ocrx_word' id='word_1_149' title='bbox 1056 1788 1341 1843; x_wconf 87' lang='lat' dir='ltr'><strong>mortem</strong></span> <span class='ocrx_word' id='word_1_150' title='bbox 1407 1775 1928 1874; x_wconf 84' lang='lat' dir='ltr'><strong>oppetiverunt:</strong></span> <span class='ocrx_word' id='word_1_151' title='bbox 1997 1800 2291 1863; x_wconf 90' lang='lat' dir='ltr'><strong>quorum</strong></span> <span class='ocrx_word' id='word_1_152' title='bbox 2371 1799 2537 1846; x_wconf 89' lang='lat' dir='ltr'><strong>non-</strong></span> 
     </span>
     <span class='ocr_line' id='line_1_18' title="bbox 48 1860 2538 1955; baseline 0.004 -30"><span class='ocrx_word' id='word_1_153' title='bbox 48 1860 186 1927; x_wconf 87' lang='lat' dir='ltr'><strong>nulli</strong></span> <span class='ocrx_word' id='word_1_154' title='bbox 217 1880 396 1932; x_wconf 84' lang='lat' dir='ltr'><strong>erant</strong></span> <span class='ocrx_word' id='word_1_155' title='bbox 446 1864 855 1953; x_wconf 81' lang='lat' dir='ltr'><strong>presbyteri,</strong></span> <span class='ocrx_word' id='word_1_156' title='bbox 894 1864 1009 1931; x_wconf 87' lang='lat' dir='ltr'><strong>alii</strong></span> <span class='ocrx_word' id='word_1_157' title='bbox 1062 1863 1357 1942; x_wconf 88' lang='lat' dir='ltr'><strong>diaconi,</strong></span> <span class='ocrx_word' id='word_1_158' title='bbox 1397 1863 1679 1948; x_wconf 83' lang='lat' dir='ltr'><strong>quidam</strong></span> <span class='ocrx_word' id='word_1_159' title='bbox 1717 1887 1752 1931; x_wconf 93' lang='lat' dir='ltr'><strong>e</strong></span> <span class='ocrx_word' id='word_1_160' title='bbox 1789 1866 2040 1955; x_wconf 91' lang='lat' dir='ltr'><strong>populo</strong></span> <span class='ocrx_word' id='word_1_161' title='bbox 2079 1868 2346 1934; x_wconf 85' lang='lat' dir='ltr'><strong>virtutis</strong></span> <span class='ocrx_word' id='word_1_162' title='bbox 2380 1890 2538 1955; x_wconf 90' lang='lat' dir='ltr'><strong>ergo</strong></span> 
     </span>
     <span class='ocr_line' id='line_1_19' title="bbox 50 1950 2538 2043; baseline 0.004 -29"><span class='ocrx_word' id='word_1_163' title='bbox 50 1950 299 2020; x_wconf 85' lang='lat' dir='ltr'><strong>multum</strong></span> <span class='ocrx_word' id='word_1_164' title='bbox 335 1953 621 2021; x_wconf 88' lang='lat' dir='ltr'><strong>laudati:</strong></span> <span class='ocrx_word' id='word_1_165' title='bbox 663 1953 830 2020; x_wconf 88' lang='lat' dir='ltr'><strong>adeo</strong></span> <span class='ocrx_word' id='word_1_166' title='bbox 877 1966 952 2021; x_wconf 89' lang='lat' dir='ltr'><strong>ut</strong></span> <span class='ocrx_word' id='word_1_167' title='bbox 1002 1954 1180 2021; x_wconf 90' lang='lat' dir='ltr'><strong>istud</strong></span> <span class='ocrx_word' id='word_1_168' title='bbox 1231 1954 1466 2019; x_wconf 89' lang='lat' dir='ltr'><strong>mortis</strong></span> <span class='ocrx_word' id='word_1_169' title='bbox 1515 1974 1756 2041; x_wconf 88' lang='lat' dir='ltr'><strong>genus,</strong></span> <span class='ocrx_word' id='word_1_170' title='bbox 1793 1955 1969 2040; x_wconf 91' lang='lat' dir='ltr'><strong>quod</strong></span> <span class='ocrx_word' id='word_1_171' title='bbox 2012 1969 2282 2043; x_wconf 86' lang='lat' dir='ltr'><strong>propter</strong></span> <span class='ocrx_word' id='word_1_172' title='bbox 2319 1957 2538 2023; x_wconf 89' lang='lat' dir='ltr'><strong>incre-</strong></span> 
     </span>
     <span class='ocr_line' id='line_1_20' title="bbox 53 2034 2540 2131; baseline 0.004 -31"><span class='ocrx_word' id='word_1_173' title='bbox 53 2034 284 2107; x_wconf 87' lang='lat' dir='ltr'><strong>dibilem</strong></span> <span class='ocrx_word' id='word_1_174' title='bbox 336 2043 655 2131; x_wconf 86' lang='lat' dir='ltr'><strong>pietatem</strong></span> <span class='ocrx_word' id='word_1_175' title='bbox 699 2054 762 2109; x_wconf 91' lang='lat' dir='ltr'><strong>et</strong></span> <span class='ocrx_word' id='word_1_176' title='bbox 811 2044 1158 2111; x_wconf 87' lang='lat' dir='ltr'><strong>robustam</strong></span> <span class='ocrx_word' id='word_1_177' title='bbox 1214 2041 1416 2109; x_wconf 86' lang='lat' dir='ltr'><strong>fidem</strong></span> <span class='ocrx_word' id='word_1_178' title='bbox 1472 2042 2003 2130; x_wconf 82' lang='lat' dir='ltr'><strong>suscipiebatur,</strong></span> <span class='ocrx_word' id='word_1_179' title='bbox 2047 2044 2218 2110; x_wconf 91' lang='lat' dir='ltr'><strong>nihil</strong></span> <span class='ocrx_word' id='word_1_180' title='bbox 2269 2067 2302 2111; x_wconf 92' lang='lat' dir='ltr'><strong>a</strong></span> <span class='ocrx_word' id='word_1_181' title='bbox 2359 2066 2540 2111; x_wconf 87' lang='lat' dir='ltr'><strong>mar-</strong></span> 
     </span>
     <span class='ocr_line' id='line_1_21' title="bbox 57 2127 2539 2220; baseline 0.004 -32"><span class='ocrx_word' id='word_1_182' title='bbox 57 2127 178 2210; x_wconf 69' lang='lat' dir='ltr'><strong>tyrii</strong></span> <span class='ocrx_word' id='word_1_183' title='bbox 229 2130 588 2217; x_wconf 87' lang='lat' dir='ltr'><strong>splendore</strong></span> <span class='ocrx_word' id='word_1_184' title='bbox 644 2131 881 2198; x_wconf 87' lang='lat' dir='ltr'><strong>abesse</strong></span> <span class='ocrx_word' id='word_1_185' title='bbox 930 2130 1294 2199; x_wconf 78' lang='lat' dir='ltr'><strong>videretur.</strong></span> <span class='ocrx_word' id='word_1_186' title='bbox 1334 2129 1508 2211; x_wconf 85' lang='lat' dir='ltr'><strong>Quin</strong></span> <span class='ocrx_word' id='word_1_187' title='bbox 1554 2132 1754 2197; x_wconf 87' lang='lat' dir='ltr'><strong>etiam</strong></span> <span class='ocrx_word' id='word_1_188' title='bbox 1811 2146 2201 2199; x_wconf 86' lang='lat' dir='ltr'><strong>sanctorum</strong></span> <span class='ocrx_word' id='word_1_189' title='bbox 2257 2154 2539 2220; x_wconf 88' lang='lat' dir='ltr'><strong>corpora</strong></span> 
     </span>
     <span class='ocr_line' id='line_1_22' title="bbox 63 2215 2544 2308; baseline 0.004 -32"><span class='ocrx_word' id='word_1_190' title='bbox 63 2215 325 2287; x_wconf 82' lang='lat' dir='ltr'><strong>manibus</strong></span> <span class='ocrx_word' id='word_1_191' title='bbox 372 2221 623 2288; x_wconf 88' lang='lat' dir='ltr'><strong>erectis</strong></span> <span class='ocrx_word' id='word_1_192' title='bbox 672 2220 1081 2305; x_wconf 83' lang='lat' dir='ltr'><strong>supinisque</strong></span> <span class='ocrx_word' id='word_1_193' title='bbox 1134 2219 1466 2305; x_wconf 82' lang='lat' dir='ltr'><strong>excipere,</strong></span> <span class='ocrx_word' id='word_1_194' title='bbox 1532 2219 1793 2308; x_wconf 88' lang='lat' dir='ltr'><strong>gremio</strong></span> <span class='ocrx_word' id='word_1_195' title='bbox 1852 2244 1974 2288; x_wconf 85' lang='lat' dir='ltr'><strong>suo</strong></span> <span class='ocrx_word' id='word_1_196' title='bbox 2035 2241 2380 2307; x_wconf 90' lang='lat' dir='ltr'><strong>reponere,</strong></span> <span class='ocrx_word' id='word_1_197' title='bbox 2435 2243 2544 2287; x_wconf 88' lang='lat' dir='ltr'><strong>oc-</strong></span> 
     </span>
     <span class='ocr_line' id='line_1_23' title="bbox 70 2297 2548 2396; baseline 0.004 -30"><span class='ocrx_word' id='word_1_198' title='bbox 70 2297 285 2375; x_wconf 78' lang='lat' dir='ltr'><strong>cludere</strong></span> <span class='ocrx_word' id='word_1_199' title='bbox 328 2308 594 2387; x_wconf 86' lang='lat' dir='ltr'><strong>oculos,</strong></span> <span class='ocrx_word' id='word_1_200' title='bbox 634 2330 749 2375; x_wconf 88' lang='lat' dir='ltr'><strong>ora</strong></span> <span class='ocrx_word' id='word_1_201' title='bbox 801 2308 1144 2385; x_wconf 85' lang='lat' dir='ltr'><strong>obturare,</strong></span> <span class='ocrx_word' id='word_1_202' title='bbox 1186 2322 1447 2396; x_wconf 84' lang='lat' dir='ltr'><strong>gestare</strong></span> <span class='ocrx_word' id='word_1_203' title='bbox 1498 2307 1806 2376; x_wconf 89' lang='lat' dir='ltr'><strong>humeris</strong></span> <span class='ocrx_word' id='word_1_204' title='bbox 1842 2309 2193 2387; x_wconf 81' lang='lat' dir='ltr'><strong>cadavera,</strong></span> <span class='ocrx_word' id='word_1_205' title='bbox 2232 2308 2548 2376; x_wconf 84' lang='lat' dir='ltr'><strong>decenter</strong></span> 
     </span>
     <span class='ocr_line' id='line_1_24' title="bbox 73 2396 2549 2486; baseline 0.005 -33"><span class='ocrx_word' id='word_1_206' title='bbox 73 2407 283 2485; x_wconf 79' lang='lat' dir='ltr'><strong>ornare,</strong></span> <span class='ocrx_word' id='word_1_207' title='bbox 342 2397 480 2467; x_wconf 87' lang='lat' dir='ltr'><strong>illis</strong></span> <span class='ocrx_word' id='word_1_208' title='bbox 530 2397 1043 2474; x_wconf 82' lang='lat' dir='ltr'><strong>adhaerescere,</strong></span> <span class='ocrx_word' id='word_1_209' title='bbox 1097 2398 1316 2465; x_wconf 85' lang='lat' dir='ltr'><strong>amice</strong></span> <span class='ocrx_word' id='word_1_210' title='bbox 1367 2396 1752 2486; x_wconf 77' lang='lat' dir='ltr'><strong>complecti,</strong></span> <span class='ocrx_word' id='word_1_211' title='bbox 1811 2398 2032 2466; x_wconf 82' lang='lat' dir='ltr'><strong>lavare</strong></span> <span class='ocrx_word' id='word_1_212' title='bbox 2092 2414 2431 2474; x_wconf 88' lang='lat' dir='ltr'><strong>accurate,</strong></span> <span class='ocrx_word' id='word_1_213' title='bbox 2486 2408 2549 2466; x_wconf 89' lang='lat' dir='ltr'><strong>et</strong></span> 
     </span>
     <span class='ocr_line' id='line_1_25' title="bbox 66 2473 2543 2576; baseline 0.005 -36"><span class='ocrx_word' id='word_1_214' title='bbox 66 2473 229 2549; x_wconf 83' lang='lat' dir='ltr'><strong>linteo</strong></span> <span class='ocrx_word' id='word_1_215' title='bbox 258 2484 519 2556; x_wconf 78' lang='lat' dir='ltr'><strong>funebri</strong></span> <span class='ocrx_word' id='word_1_216' title='bbox 571 2487 911 2555; x_wconf 79' lang='lat' dir='ltr'><strong>involvere</strong></span> <span class='ocrx_word' id='word_1_217' title='bbox 960 2508 1087 2553; x_wconf 90' lang='lat' dir='ltr'><strong>non</strong></span> <span class='ocrx_word' id='word_1_218' title='bbox 1130 2485 1388 2574; x_wconf 78' lang='lat' dir='ltr'><strong>gravati</strong></span> <span class='ocrx_word' id='word_1_219' title='bbox 1430 2499 1614 2554; x_wconf 88' lang='lat' dir='ltr'><strong>sunt:</strong></span> <span class='ocrx_word' id='word_1_220' title='bbox 1652 2487 1938 2575; x_wconf 85' lang='lat' dir='ltr'><strong>ipsique,</strong></span> <span class='ocrx_word' id='word_1_221' title='bbox 1973 2487 2087 2574; x_wconf 89' lang='lat' dir='ltr'><strong>qui</strong></span> <span class='ocrx_word' id='word_1_222' title='bbox 2118 2502 2543 2576; x_wconf 87' lang='lat' dir='ltr'><strong>supererant,</strong></span> 
     </span>
     <span class='ocr_line' id='line_1_26' title="bbox 66 2569 2548 2664; baseline 0.004 -31"><span class='ocrx_word' id='word_1_223' title='bbox 66 2569 231 2652; x_wconf 84' lang='lat' dir='ltr'><strong>paulo</strong></span> <span class='ocrx_word' id='word_1_224' title='bbox 276 2590 416 2663; x_wconf 92' lang='lat' dir='ltr'><strong>post</strong></span> <span class='ocrx_word' id='word_1_225' title='bbox 466 2576 722 2644; x_wconf 86' lang='lat' dir='ltr'><strong>similia</strong></span> <span class='ocrx_word' id='word_1_226' title='bbox 787 2575 1009 2644; x_wconf 86' lang='lat' dir='ltr'><strong>officia</strong></span> <span class='ocrx_word' id='word_1_227' title='bbox 1079 2577 1140 2642; x_wconf 93' lang='lat' dir='ltr'><strong>in</strong></span> <span class='ocrx_word' id='word_1_228' title='bbox 1196 2597 1266 2642; x_wconf 92' lang='lat' dir='ltr'><strong>se</strong></span> <span class='ocrx_word' id='word_1_229' title='bbox 1333 2573 1576 2642; x_wconf 89' lang='lat' dir='ltr'><strong>collata</strong></span> <span class='ocrx_word' id='word_1_230' title='bbox 1642 2590 1990 2664; x_wconf 84' lang='lat' dir='ltr'><strong>propterea</strong></span> <span class='ocrx_word' id='word_1_231' title='bbox 2039 2577 2312 2664; x_wconf 86' lang='lat' dir='ltr'><strong>adepti,</strong></span> <span class='ocrx_word' id='word_1_232' title='bbox 2367 2575 2548 2662; x_wconf 91' lang='lat' dir='ltr'><strong>quod</strong></span> 
     </span>
     <span class='ocr_line' id='line_1_27' title="bbox 63 2659 2544 2751; baseline 0.003 -28"><span class='ocrx_word' id='word_1_233' title='bbox 63 2659 318 2729; x_wconf 83' lang='lat' dir='ltr'><strong>eamdem</strong></span> <span class='ocrx_word' id='word_1_234' title='bbox 372 2665 614 2734; x_wconf 90' lang='lat' dir='ltr'><strong>mortis</strong></span> <span class='ocrx_word' id='word_1_235' title='bbox 648 2665 822 2732; x_wconf 88' lang='lat' dir='ltr'><strong>viam</strong></span> <span class='ocrx_word' id='word_1_236' title='bbox 860 2666 1215 2742; x_wconf 84' lang='lat' dir='ltr'><strong>instarent,</strong></span> <span class='ocrx_word' id='word_1_237' title='bbox 1252 2685 1458 2749; x_wconf 90' lang='lat' dir='ltr'><strong>quam</strong></span> <span class='ocrx_word' id='word_1_238' title='bbox 1495 2664 1611 2749; x_wconf 90' lang='lat' dir='ltr'><strong>qui</strong></span> <span class='ocrx_word' id='word_1_239' title='bbox 1655 2665 2076 2751; x_wconf 79' lang='lat' dir='ltr'><strong>praeiverant</strong></span> <span class='ocrx_word' id='word_1_240' title='bbox 2111 2666 2544 2735; x_wconf 86' lang='lat' dir='ltr'><strong>institissent.</strong></span> 
     </span>
     <span class='ocr_line' id='line_1_28' title="bbox 64 2745 2549 2841; baseline 0.004 -31"><span class='ocrx_word' id='word_1_241' title='bbox 64 2745 311 2821; x_wconf 79' lang='lat' dir='ltr'><strong>Gentiles</strong></span> <span class='ocrx_word' id='word_1_242' title='bbox 376 2768 606 2823; x_wconf 89' lang='lat' dir='ltr'><strong>autem</strong></span> <span class='ocrx_word' id='word_1_243' title='bbox 686 2754 792 2820; x_wconf 90' lang='lat' dir='ltr'><strong>his</strong></span> <span class='ocrx_word' id='word_1_244' title='bbox 864 2754 1189 2822; x_wconf 88' lang='lat' dir='ltr'><strong>omnibus</strong></span> <span class='ocrx_word' id='word_1_245' title='bbox 1257 2751 1473 2819; x_wconf 87' lang='lat' dir='ltr'><strong>fecere</strong></span> <span class='ocrx_word' id='word_1_246' title='bbox 1528 2754 1915 2821; x_wconf 89' lang='lat' dir='ltr'><strong>contraria:</strong></span> <span class='ocrx_word' id='word_1_247' title='bbox 1969 2775 2083 2821; x_wconf 89' lang='lat' dir='ltr'><strong>eos</strong></span> <span class='ocrx_word' id='word_1_248' title='bbox 2146 2755 2377 2834; x_wconf 91' lang='lat' dir='ltr'><strong>enim,</strong></span> <span class='ocrx_word' id='word_1_249' title='bbox 2431 2753 2549 2841; x_wconf 89' lang='lat' dir='ltr'><strong>qui</strong></span> 
     </span>
     <span class='ocr_line' id='line_1_29' title="bbox 65 2840 2554 2942; baseline 0.004 -44"><span class='ocrx_word' id='word_1_250' title='bbox 65 2851 360 2920; x_wconf 74' lang='lat' dir='ltr'><strong>aegrotare</strong></span> <span class='ocrx_word' id='word_1_251' title='bbox 408 2842 859 2942; x_wconf 82' lang='lat' dir='ltr'><strong>incipiebant,</strong></span> <span class='ocrx_word' id='word_1_252' title='bbox 916 2843 1001 2910; x_wconf 90' lang='lat' dir='ltr'><strong>ab</strong></span> <span class='ocrx_word' id='word_1_253' title='bbox 1050 2841 1339 2908; x_wconf 89' lang='lat' dir='ltr'><strong>aedibus</strong></span> <span class='ocrx_word' id='word_1_254' title='bbox 1388 2840 1777 2921; x_wconf 80' lang='lat' dir='ltr'><strong>extrudere,</strong></span> <span class='ocrx_word' id='word_1_255' title='bbox 1843 2843 2154 2910; x_wconf 87' lang='lat' dir='ltr'><strong>deserere</strong></span> <span class='ocrx_word' id='word_1_256' title='bbox 2215 2843 2554 2913; x_wconf 87' lang='lat' dir='ltr'><strong>amicissi-</strong></span> 
     </span>
     <span class='ocr_line' id='line_1_30' title="bbox 68 2929 2554 3019; baseline 0.003 -28"><span class='ocrx_word' id='word_1_257' title='bbox 68 2939 200 3003; x_wconf 76' lang='lat' dir='ltr'><strong>mOS,</strong></span> <span class='ocrx_word' id='word_1_258' title='bbox 251 2929 308 2996; x_wconf 89' lang='lat' dir='ltr'><strong>in</strong></span> <span class='ocrx_word' id='word_1_259' title='bbox 366 2930 609 3019; x_wconf 80' lang='lat' dir='ltr'><strong>plateis</strong></span> <span class='ocrx_word' id='word_1_260' title='bbox 661 2930 1021 3000; x_wconf 77' lang='lat' dir='ltr'><strong>semivivos</strong></span> <span class='ocrx_word' id='word_1_261' title='bbox 1077 2929 1428 3018; x_wconf 80' lang='lat' dir='ltr'><strong>projicere,</strong></span> <span class='ocrx_word' id='word_1_262' title='bbox 1471 2929 1802 2997; x_wconf 85' lang='lat' dir='ltr'><strong>cadavera</strong></span> <span class='ocrx_word' id='word_1_263' title='bbox 1861 2932 2203 3019; x_wconf 87' lang='lat' dir='ltr'><strong>insepulta</strong></span> <span class='ocrx_word' id='word_1_264' title='bbox 2263 2933 2554 3000; x_wconf 87' lang='lat' dir='ltr'><strong>canibus</strong></span> 
     </span>
     <span class='ocr_line' id='line_1_31' title="bbox 66 3018 2557 3106; baseline 0.003 -26"><span class='ocrx_word' id='word_1_265' title='bbox 66 3027 353 3098; x_wconf 76' lang='lat' dir='ltr'><strong>exponere</strong></span> <span class='ocrx_word' id='word_1_266' title='bbox 388 3019 821 3097; x_wconf 89' lang='lat' dir='ltr'><strong>dilanianda,</strong></span> <span class='ocrx_word' id='word_1_267' title='bbox 863 3018 1097 3086; x_wconf 88' lang='lat' dir='ltr'><strong>mortis</strong></span> <span class='ocrx_word' id='word_1_268' title='bbox 1150 3018 1738 3106; x_wconf 88' lang='lat' dir='ltr'><strong>participationem</strong></span> <span class='ocrx_word' id='word_1_269' title='bbox 1788 3030 1851 3085; x_wconf 92' lang='lat' dir='ltr'><strong>et</strong></span> <span class='ocrx_word' id='word_1_270' title='bbox 1883 3021 2077 3105; x_wconf 81' lang='lat' dir='ltr'><strong>quasi</strong></span> <span class='ocrx_word' id='word_1_271' title='bbox 2131 3022 2557 3088; x_wconf 89' lang='lat' dir='ltr'><strong>communio-</strong></span> 
     </span>
     <span class='ocr_line' id='line_1_32' title="bbox 66 3106 2554 3196; baseline 0.005 -33"><span class='ocrx_word' id='word_1_272' title='bbox 66 3115 187 3168; x_wconf 85' lang='lat' dir='ltr'><strong>nem</strong></span> <span class='ocrx_word' id='word_1_273' title='bbox 236 3121 569 3184; x_wconf 86' lang='lat' dir='ltr'><strong>avertere,</strong></span> <span class='ocrx_word' id='word_1_274' title='bbox 627 3129 834 3193; x_wconf 88' lang='lat' dir='ltr'><strong>quam</strong></span> <span class='ocrx_word' id='word_1_275' title='bbox 905 3107 1104 3196; x_wconf 89' lang='lat' dir='ltr'><strong>plane</strong></span> <span class='ocrx_word' id='word_1_276' title='bbox 1158 3106 1252 3173; x_wconf 89' lang='lat' dir='ltr'><strong>vel</strong></span> <span class='ocrx_word' id='word_1_277' title='bbox 1311 3108 1574 3175; x_wconf 82' lang='lat' dir='ltr'><strong>infinita</strong></span> <span class='ocrx_word' id='word_1_278' title='bbox 1649 3107 2048 3176; x_wconf 85' lang='lat' dir='ltr'><strong>diverticula</strong></span> <span class='ocrx_word' id='word_1_279' title='bbox 2122 3125 2554 3194; x_wconf 87' lang='lat' dir='ltr'><strong>quaerentes,</strong></span> 
     </span>
     <span class='ocr_line' id='line_1_33' title="bbox 46 3188 1242 3286; baseline -0.002 -24"><span class='ocrx_word' id='word_1_280' title='bbox 46 3188 224 3262; x_wconf 59' lang='lat' dir='ltr'><strong>*utto</strong></span> <span class='ocrx_word' id='word_1_281' title='bbox 272 3197 464 3264; x_wconf 88' lang='lat' dir='ltr'><strong>modo</strong></span> <span class='ocrx_word' id='word_1_282' title='bbox 516 3208 829 3286; x_wconf 88' lang='lat' dir='ltr'><strong>poterant</strong></span> <span class='ocrx_word' id='word_1_283' title='bbox 876 3198 1147 3263; x_wconf 70' lang='lat' dir='ltr'><strong>evitare.</strong></span> <span class='ocrx_word' id='word_1_284' title='bbox 1208 3219 1242 3260; x_wconf 87' lang='lat'>»</span> 
     </span>
    </p>

    <p class='ocr_par' dir='ltr' id='par_1_3' title="bbox 69 3278 2579 4086">
     <span class='ocr_line' id='line_1_34' title="bbox 134 3278 2562 3373; baseline 0.002 -24"><span class='ocrx_word' id='word_1_285' title='bbox 134 3278 164 3362; x_wconf 61' lang='grc' dir='ltr'>ξ</span> <span class='ocrx_word' id='word_1_286' title='bbox 210 3286 355 3351; x_wconf 62' lang='lat'><strong>⁶22.</strong></span> <span class='ocrx_word' id='word_1_287' title='bbox 412 3291 566 3355; x_wconf 90' lang='lat' dir='ltr'><strong>Post</strong></span> <span class='ocrx_word' id='word_1_288' title='bbox 624 3286 820 3353; x_wconf 89' lang='lat' dir='ltr'><strong>istam</strong></span> <span class='ocrx_word' id='word_1_289' title='bbox 875 3284 1281 3372; x_wconf 87' lang='lat' dir='ltr'><strong>Epistolam,</strong></span> <span class='ocrx_word' id='word_1_290' title='bbox 1337 3307 1493 3352; x_wconf 88' lang='lat' dir='ltr'><strong>curn</strong></span> <span class='ocrx_word' id='word_1_291' title='bbox 1541 3284 1833 3352; x_wconf 88' lang='lat' dir='ltr'><strong>civitatis</strong></span> <span class='ocrx_word' id='word_1_292' title='bbox 1884 3298 2099 3353; x_wconf 86' lang='lat' dir='ltr'><strong>status</strong></span> <span class='ocrx_word' id='word_1_293' title='bbox 2166 3284 2393 3353; x_wconf 87' lang='lat' dir='ltr'><strong>denuo</strong></span> <span class='ocrx_word' id='word_1_294' title='bbox 2447 3309 2562 3373; x_wconf 88' lang='lat' dir='ltr'><strong>pa-</strong></span> 
     </span>
     <span class='ocr_line' id='line_1_35' title="bbox 69 3373 2561 3463; baseline 0.003 -34"><span class='ocrx_word' id='word_1_295' title='bbox 69 3378 226 3460; x_wconf 65' lang='lat' dir='ltr'><strong>ratus</strong></span> <span class='ocrx_word' id='word_1_296' title='bbox 270 3386 437 3442; x_wconf 81' lang='lat' dir='ltr'><strong>esset</strong></span> <span class='ocrx_word' id='word_1_297' title='bbox 502 3387 568 3442; x_wconf 92' lang='lat' dir='ltr'><strong>et</strong></span> <span class='ocrx_word' id='word_1_298' title='bbox 618 3374 1083 3459; x_wconf 88' lang='lat' dir='ltr'><strong>tranquillus,</strong></span> <span class='ocrx_word' id='word_1_299' title='bbox 1142 3373 1506 3457; x_wconf 58' lang='lat' dir='ltr'><strong>Dionysius</strong></span> <span class='ocrx_word' id='word_1_300' title='bbox 1566 3374 1939 3452; x_wconf 85' lang='lat' dir='ltr'><strong>fratribus,</strong></span> <span class='ocrx_word' id='word_1_301' title='bbox 1994 3375 2108 3459; x_wconf 89' lang='lat' dir='ltr'><strong>qui</strong></span> <span class='ocrx_word' id='word_1_302' title='bbox 2186 3377 2561 3463; x_wconf 68' lang='lat' dir='ltr'><strong>Aegyptum</strong></span> 
     </span>
     <span class='ocr_line' id='line_1_36' title="bbox 70 3455 2562 3552; baseline 0.002 -32"><span class='ocrx_word' id='word_1_303' title='bbox 70 3455 483 3550; x_wconf 72' lang='lat' dir='ltr'><strong>Incoluerunt,</strong></span> <span class='ocrx_word' id='word_1_304' title='bbox 542 3462 747 3530; x_wconf 88' lang='lat' dir='ltr'><strong>aliam</strong></span> <span class='ocrx_word' id='word_1_305' title='bbox 795 3465 877 3530; x_wconf 86' lang='lat' dir='ltr'><strong>de</strong></span> <span class='ocrx_word' id='word_1_306' title='bbox 925 3463 1114 3529; x_wconf 86' lang='lat' dir='ltr'><strong>festis</strong></span> <span class='ocrx_word' id='word_1_307' title='bbox 1163 3461 1594 3530; x_wconf 80' lang='lat' dir='ltr'><strong>celebrandis</strong></span> <span class='ocrx_word' id='word_1_308' title='bbox 1647 3463 1856 3540; x_wconf 91' lang='lat' dir='ltr'><strong>misit,</strong></span> <span class='ocrx_word' id='word_1_309' title='bbox 1914 3475 1977 3529; x_wconf 90' lang='lat' dir='ltr'><strong>et</strong></span> <span class='ocrx_word' id='word_1_310' title='bbox 2031 3476 2295 3552; x_wconf 86' lang='lat' dir='ltr'><strong>praeter</strong></span> <span class='ocrx_word' id='word_1_311' title='bbox 2349 3462 2562 3540; x_wconf 84' lang='lat' dir='ltr'><strong>illam,</strong></span> 
     </span>
     <span class='ocr_line' id='line_1_37' title="bbox 72 3538 2560 3639; baseline 0.004 -30"><span class='ocrx_word' id='word_1_312' title='bbox 72 3538 212 3639; x_wconf 67' lang='lat' dir='ltr'><strong>alias</strong></span> <span class='ocrx_word' id='word_1_313' title='bbox 248 3550 437 3618; x_wconf 88' lang='lat' dir='ltr'><strong>etiam</strong></span> <span class='ocrx_word' id='word_1_314' title='bbox 495 3545 718 3619; x_wconf 78' lang='lat' dir='ltr'><strong>&#39;varias</strong></span> <span class='ocrx_word' id='word_1_315' title='bbox 751 3552 1070 3620; x_wconf 82' lang='lat' dir='ltr'><strong>exaravit.</strong></span> <span class='ocrx_word' id='word_1_316' title='bbox 1113 3556 1301 3618; x_wconf 86' lang='lat' dir='ltr'><strong>Extat</strong></span> <span class='ocrx_word' id='word_1_317' title='bbox 1350 3551 1503 3617; x_wconf 85' lang='lat' dir='ltr'><strong>item</strong></span> <span class='ocrx_word' id='word_1_318' title='bbox 1549 3553 1700 3639; x_wconf 84' lang='lat' dir='ltr'><strong>ejus</strong></span> <span class='ocrx_word' id='word_1_319' title='bbox 1749 3551 2048 3639; x_wconf 86' lang='lat' dir='ltr'><strong>Epistola</strong></span> <span class='ocrx_word' id='word_1_320' title='bbox 2107 3551 2187 3618; x_wconf 87' lang='lat' dir='ltr'><strong>de</strong></span> <span class='ocrx_word' id='word_1_321' title='bbox 2253 3552 2560 3629; x_wconf 85' lang='lat' dir='ltr'><strong>sabbatO,</strong></span> 
     </span>
     <span class='ocr_line' id='line_1_38' title="bbox 73 3626 2572 3730; baseline 0.005 -35"><span class='ocrx_word' id='word_1_322' title='bbox 73 3626 180 3728; x_wconf 68' lang='lat' dir='ltr'><strong>alia</strong></span> <span class='ocrx_word' id='word_1_323' title='bbox 226 3634 370 3706; x_wconf 87' lang='lat' dir='ltr'><strong>item</strong></span> <span class='ocrx_word' id='word_1_324' title='bbox 422 3639 505 3708; x_wconf 89' lang='lat' dir='ltr'><strong>de</strong></span> <span class='ocrx_word' id='word_1_325' title='bbox 556 3642 934 3729; x_wconf 72' lang='lat' dir='ltr'><strong>gymnasio.</strong></span> <span class='ocrx_word' id='word_1_326' title='bbox 1001 3640 1465 3708; x_wconf 89' lang='lat' dir='ltr'><strong>Hermannoni</strong></span> <span class='ocrx_word' id='word_1_327' title='bbox 1543 3662 1746 3730; x_wconf 85' lang='lat' dir='ltr'><strong>porro</strong></span> <span class='ocrx_word' id='word_1_328' title='bbox 1816 3652 1881 3707; x_wconf 92' lang='lat' dir='ltr'><strong>et</strong></span> <span class='ocrx_word' id='word_1_329' title='bbox 1936 3641 2090 3708; x_wconf 89' lang='lat' dir='ltr'><strong>aliis</strong></span> <span class='ocrx_word' id='word_1_330' title='bbox 2153 3641 2217 3706; x_wconf 91' lang='lat' dir='ltr'><strong>in</strong></span> <span class='ocrx_word' id='word_1_331' title='bbox 2273 3645 2572 3729; x_wconf 69' lang='lat' dir='ltr'><strong>Aegypto</strong></span> 
     </span>
     <span class='ocr_line' id='line_1_39' title="bbox 74 3717 2576 3813; baseline 0.006 -32"><span class='ocrx_word' id='word_1_332' title='bbox 74 3717 363 3813; x_wconf 69' lang='lat' dir='ltr'><strong>iratribus</strong></span> <span class='ocrx_word' id='word_1_333' title='bbox 402 3727 659 3798; x_wconf 90' lang='lat' dir='ltr'><strong>litteras</strong></span> <span class='ocrx_word' id='word_1_334' title='bbox 693 3729 1159 3798; x_wconf 81' lang='lat' dir='ltr'><strong>conscribens.</strong></span> <span class='ocrx_word' id='word_1_335' title='bbox 1208 3728 1327 3796; x_wconf 87' lang='lat' dir='ltr'><strong>ubi</strong></span> <span class='ocrx_word' id='word_1_336' title='bbox 1377 3729 1514 3798; x_wconf 91' lang='lat' dir='ltr'><strong>alia</strong></span> <span class='ocrx_word' id='word_1_337' title='bbox 1556 3743 1696 3796; x_wconf 88' lang='lat' dir='ltr'><strong>tum</strong></span> <span class='ocrx_word' id='word_1_338' title='bbox 1743 3728 1825 3795; x_wconf 88' lang='lat' dir='ltr'><strong>de.</strong></span> <span class='ocrx_word' id='word_1_339' title='bbox 1875 3729 2055 3797; x_wconf 86' lang='lat' dir='ltr'><strong>Decii</strong></span> <span class='ocrx_word' id='word_1_340' title='bbox 2106 3728 2481 3798; x_wconf 83' lang='lat' dir='ltr'><strong>sceleribus</strong></span> <span class='ocrx_word' id='word_1_341' title='bbox 2513 3741 2576 3797; x_wconf 92' lang='lat' dir='ltr'><strong>et</strong></span> 
     </span>
     <span class='ocr_line' id='line_1_40' title="bbox 78 3813 2572 3904; baseline 0.003 -28"><span class='ocrx_word' id='word_1_342' title='bbox 78 3813 351 3895; x_wconf 73' lang='lat' dir='ltr'><strong>improbe</strong></span> <span class='ocrx_word' id='word_1_343' title='bbox 389 3816 608 3899; x_wconf 66' lang='lat' dir='ltr'><strong>facti-3,</strong></span> <span class='ocrx_word' id='word_1_344' title='bbox 658 3830 799 3886; x_wconf 82' lang='lat' dir='ltr'><strong>turn</strong></span> <span class='ocrx_word' id='word_1_345' title='bbox 851 3818 935 3885; x_wconf 90' lang='lat' dir='ltr'><strong>de</strong></span> <span class='ocrx_word' id='word_1_346' title='bbox 985 3817 1389 3886; x_wconf 86' lang='lat' dir='ltr'><strong>facinorosis</strong></span> <span class='ocrx_word' id='word_1_347' title='bbox 1442 3818 1751 3886; x_wconf 90' lang='lat' dir='ltr'><strong>moribus</strong></span> <span class='ocrx_word' id='word_1_348' title='bbox 1786 3817 2088 3898; x_wconf 87' lang='lat' dir='ltr'><strong>illorum,</strong></span> <span class='ocrx_word' id='word_1_349' title='bbox 2126 3819 2242 3904; x_wconf 92' lang='lat' dir='ltr'><strong>qui</strong></span> <span class='ocrx_word' id='word_1_350' title='bbox 2299 3819 2572 3885; x_wconf 81' lang='lat' dir='ltr'><strong>Decium</strong></span> 
     </span>
     <span class='ocr_line' id='line_1_41' title="bbox 82 3896 2579 3996; baseline 0.006 -39"><span class='ocrx_word' id='word_1_351' title='bbox 82 3896 635 3987; x_wconf 78' lang='lat' dir='ltr'><strong>subsequebantur</strong></span> <span class='ocrx_word' id='word_1_352' title='bbox 682 3907 1105 3985; x_wconf 86' lang='lat' dir='ltr'><strong>disseruerit,</strong></span> <span class='ocrx_word' id='word_1_353' title='bbox 1166 3908 1353 3996; x_wconf 86' lang='lat' dir='ltr'><strong>pacis</strong></span> <span class='ocrx_word' id='word_1_354' title='bbox 1394 3919 1457 3974; x_wconf 89' lang='lat' dir='ltr'><strong>et</strong></span> <span class='ocrx_word' id='word_1_355' title='bbox 1492 3907 1923 3987; x_wconf 88' lang='lat' dir='ltr'><strong>concordiae,</strong></span> <span class='ocrx_word' id='word_1_356' title='bbox 1961 3929 2135 3993; x_wconf 88' lang='lat' dir='ltr'><strong>quae</strong></span> <span class='ocrx_word' id='word_1_357' title='bbox 2171 3908 2235 3974; x_wconf 90' lang='lat' dir='ltr'><strong>in</strong></span> <span class='ocrx_word' id='word_1_358' title='bbox 2279 3906 2579 3976; x_wconf 85' lang='lat' dir='ltr'><strong>Ecclesia</strong></span> 
     </span>
     <span class='ocr_line' id='line_1_42' title="bbox 82 3983 1986 4086; baseline 0.008 -38"><span class='ocrx_word' id='word_1_359' title='bbox 82 3983 348 4059; x_wconf 74' lang='lat' dir='ltr'><strong>Gallieno</strong></span> <span class='ocrx_word' id='word_1_360' title='bbox 389 4009 712 4086; x_wconf 88' lang='lat' dir='ltr'><strong>regnante</strong></span> <span class='ocrx_word' id='word_1_361' title='bbox 747 3996 1037 4084; x_wconf 82' lang='lat' dir='ltr'><strong>vigebat,</strong></span> <span class='ocrx_word' id='word_1_362' title='bbox 1080 3995 1416 4063; x_wconf 87' lang='lat' dir='ltr'><strong>meminit.</strong></span> <span class='ocrx_word' id='word_1_363' title='bbox 1979 4027 1986 4036; x_wconf 89' lang='lat'><strong>·</strong></span> 
     </span>
    </p>

    <p class='ocr_par' dir='ltr' id='par_1_4' title="bbox 88 4074 2590 4528">
     <span class='ocr_line' id='line_1_43' title="bbox 155 4074 2583 4173; baseline -0.002 -17"><span class='ocrx_word' id='word_1_364' title='bbox 155 4074 374 4156; x_wconf 61' lang='lat'><strong>§221</strong></span> <span class='ocrx_word' id='word_1_365' title='bbox 428 4090 693 4154; x_wconf 89' lang='lat' dir='ltr'><strong>Praeter</strong></span> <span class='ocrx_word' id='word_1_366' title='bbox 743 4085 869 4153; x_wconf 88' lang='lat' dir='ltr'><strong>ista</strong></span> <span class='ocrx_word' id='word_1_367' title='bbox 936 4085 1165 4152; x_wconf 89' lang='lat' dir='ltr'><strong>omnia</strong></span> <span class='ocrx_word' id='word_1_368' title='bbox 1240 4084 1541 4172; x_wconf 70' lang='lat' dir='ltr'><strong>Dionysii</strong></span> <span class='ocrx_word' id='word_1_369' title='bbox 1600 4105 1849 4173; x_wconf 87' lang='lat' dir='ltr'><strong>opera,</strong></span> <span class='ocrx_word' id='word_1_370' title='bbox 1911 4083 2023 4151; x_wconf 92' lang='lat' dir='ltr'><strong>alii</strong></span> <span class='ocrx_word' id='word_1_371' title='bbox 2087 4083 2224 4152; x_wconf 89' lang='lat' dir='ltr'><strong>duo</strong></span> <span class='ocrx_word' id='word_1_372' title='bbox 2275 4083 2432 4152; x_wconf 89' lang='lat' dir='ltr'><strong>libri</strong></span> <span class='ocrx_word' id='word_1_373' title='bbox 2500 4083 2583 4151; x_wconf 89' lang='lat' dir='ltr'><strong>de</strong></span> 
     </span>
     <span class='ocr_line' id='line_1_44' title="bbox 88 4158 2583 4262; baseline 0.004 -32"><span class='ocrx_word' id='word_1_374' title='bbox 88 4158 403 4259; x_wconf 76' lang='lat' dir='ltr'><strong>Promissis</strong></span> <span class='ocrx_word' id='word_1_375' title='bbox 448 4187 640 4243; x_wconf 88' lang='lat' dir='ltr'><strong>erant</strong></span> <span class='ocrx_word' id='word_1_376' title='bbox 702 4175 787 4241; x_wconf 89' lang='lat' dir='ltr'><strong>ab</strong></span> <span class='ocrx_word' id='word_1_377' title='bbox 850 4195 926 4240; x_wconf 88' lang='lat' dir='ltr'><strong>eo</strong></span> <span class='ocrx_word' id='word_1_378' title='bbox 974 4174 1325 4242; x_wconf 88' lang='lat' dir='ltr'><strong>elaborati.</strong></span> <span class='ocrx_word' id='word_1_379' title='bbox 1375 4180 1590 4242; x_wconf 86' lang='lat' dir='ltr'><strong>Causa</strong></span> <span class='ocrx_word' id='word_1_380' title='bbox 1647 4195 1774 4241; x_wconf 87' lang='lat' dir='ltr'><strong>cur</strong></span> <span class='ocrx_word' id='word_1_381' title='bbox 1829 4173 1952 4240; x_wconf 90' lang='lat' dir='ltr'><strong>hos</strong></span> <span class='ocrx_word' id='word_1_382' title='bbox 2003 4174 2381 4262; x_wconf 86' lang='lat' dir='ltr'><strong>scripserit,</strong></span> <span class='ocrx_word' id='word_1_383' title='bbox 2439 4185 2583 4240; x_wconf 86' lang='lat' dir='ltr'><strong>erat</strong></span> 
     </span>
     <span class='ocr_line' id='line_1_45' title="bbox 92 4246 2583 4352; baseline -0.001 -20"><span class='ocrx_word' id='word_1_384' title='bbox 92 4246 421 4351; x_wconf 61' lang='lat' dir='ltr'><strong>Episcopus</strong></span> <span class='ocrx_word' id='word_1_385' title='bbox 458 4264 758 4352; x_wconf 67' lang='lat' dir='ltr'><strong>Aegypti,</strong></span> <span class='ocrx_word' id='word_1_386' title='bbox 810 4263 1085 4330; x_wconf 87' lang='lat' dir='ltr'><strong>nomine</strong></span> <span class='ocrx_word' id='word_1_387' title='bbox 1142 4268 1410 4349; x_wconf 82' lang='lat' dir='ltr'><strong>Nepos:</strong></span> <span class='ocrx_word' id='word_1_388' title='bbox 1472 4263 1587 4347; x_wconf 90' lang='lat' dir='ltr'><strong>qui</strong></span> <span class='ocrx_word' id='word_1_389' title='bbox 1648 4261 1980 4350; x_wconf 78' lang='lat' dir='ltr'><strong>promissa</strong></span> <span class='ocrx_word' id='word_1_390' title='bbox 2035 4261 2104 4327; x_wconf 90' lang='lat' dir='ltr'><strong>in</strong></span> <span class='ocrx_word' id='word_1_391' title='bbox 2160 4263 2374 4331; x_wconf 88' lang='lat' dir='ltr'><strong>sacris</strong></span> <span class='ocrx_word' id='word_1_392' title='bbox 2418 4265 2583 4332; x_wconf 85' lang='lat' dir='ltr'><strong>scri·</strong></span> 
     </span>
     <span class='ocr_line' id='line_1_46' title="bbox 96 4348 2581 4430; baseline 0.007 -30"><span class='ocrx_word' id='word_1_393' title='bbox 96 4348 282 4416; x_wconf 78' lang='lat' dir='ltr'><strong>pluris</strong></span> <span class='ocrx_word' id='word_1_394' title='bbox 319 4352 561 4418; x_wconf 90' lang='lat' dir='ltr'><strong>sanctis</strong></span> <span class='ocrx_word' id='word_1_395' title='bbox 596 4352 761 4418; x_wconf 87' lang='lat' dir='ltr'><strong>viris</strong></span> <span class='ocrx_word' id='word_1_396' title='bbox 798 4351 1121 4428; x_wconf 84' lang='lat' dir='ltr'><strong>factitata,</strong></span> <span class='ocrx_word' id='word_1_397' title='bbox 1166 4352 1228 4417; x_wconf 86' lang='lat' dir='ltr'><strong>in</strong></span> <span class='ocrx_word' id='word_1_398' title='bbox 1272 4351 1395 4416; x_wconf 90' lang='lat' dir='ltr'><strong>hoc</strong></span> <span class='ocrx_word' id='word_1_399' title='bbox 1432 4350 1688 4429; x_wconf 89' lang='lat' dir='ltr'><strong>seculo,</strong></span> <span class='ocrx_word' id='word_1_400' title='bbox 1727 4352 1900 4418; x_wconf 84' lang='lat' dir='ltr'><strong>sicut</strong></span> <span class='ocrx_word' id='word_1_401' title='bbox 1926 4350 2172 4418; x_wconf 87' lang='lat' dir='ltr'><strong>Judaei</strong></span> <span class='ocrx_word' id='word_1_402' title='bbox 2209 4353 2581 4430; x_wconf 87' lang='lat' dir='ltr'><strong>somniant,</strong></span> 
     </span>
     <span class='ocr_line' id='line_1_47' title="bbox 102 4436 2590 4528; baseline 0.007 -38"><span class='ocrx_word' id='word_1_403' title='bbox 102 4436 457 4504; x_wconf 74' lang='lat' dir='ltr'><strong>praestanda</strong></span> <span class='ocrx_word' id='word_1_404' title='bbox 505 4440 642 4508; x_wconf 88' lang='lat' dir='ltr'><strong>fore</strong></span> <span class='ocrx_word' id='word_1_405' title='bbox 684 4438 917 4506; x_wconf 85' lang='lat' dir='ltr'><strong>docuit</strong></span> <span class='ocrx_word' id='word_1_406' title='bbox 951 4439 1559 4523; x_wconf 84' lang='lat' dir='ltr'><strong>:hominibusque</strong></span> <span class='ocrx_word' id='word_1_407' title='bbox 1614 4439 2023 4528; x_wconf 84' lang='lat' dir='ltr'><strong>persuadere</strong></span> <span class='ocrx_word' id='word_1_408' title='bbox 2079 4439 2429 4521; x_wconf 89' lang='lat' dir='ltr'><strong>laboravit,</strong></span> <span class='ocrx_word' id='word_1_409' title='bbox 2476 4460 2590 4508; x_wconf 89' lang='lat' dir='ltr'><strong>eos</strong></span> 
     </span>
    </p>
   </div>
   <div class='ocr_carea' id='block_1_3' title="bbox 220 4549 2430 4616">
    <p class='ocr_par' dir='ltr' id='par_1_5' title="bbox 220 4549 2430 4616">
     <span class='ocr_line' id='line_1_48' title="bbox 220 4549 2430 4616; baseline 0.001 -9"><span class='ocrx_word' id='word_1_410' title='bbox 220 4549 435 4612; x_wconf 77' lang='lat' dir='ltr'><strong>surius</strong></span> <span class='ocrx_word' id='word_1_411' title='bbox 464 4585 486 4599; x_wconf 90' lang='lat'><strong>·</strong></span> <span class='ocrx_word' id='word_1_412' title='bbox 527 4558 690 4616; x_wconf 72' lang='lat' dir='ltr'><strong>Vitae</strong></span> <span class='ocrx_word' id='word_1_413' title='bbox 725 4554 827 4616; x_wconf 82' lang='lat' dir='ltr'><strong>SS.</strong></span> <span class='ocrx_word' id='word_1_414' title='bbox 861 4588 884 4600; x_wconf 93' lang='lat'>-</span> <span class='ocrx_word' id='word_1_415' title='bbox 912 4555 1040 4614; x_wconf 54' lang='lat' dir='ltr'><strong>Vol.</strong></span> <span class='ocrx_word' id='word_1_416' title='bbox 1072 4555 1168 4614; x_wconf 83' lang='lat' dir='ltr'><strong>Xl.</strong></span> <span class='ocrx_word' id='word_1_417' title='bbox 2355 4557 2430 4611; x_wconf 69' lang='grc' dir='ltr'><strong>3ῒί</strong></span> 
     </span>
    </p>
   </div>
  </div>
 </body>
</html>
