2993 4837
349 219 430 282 ⁴0
1095 233 1421 282 sueonum
1469 235 1564 281 ss.
1618 234 1960 282 narraui(
2524 216 2703 283 NOV.
2756 218 2780 281 l

257 341 394 390 non
445 341 557 389 ars
608 330 744 388 tota
781 318 1063 399 diaboli,
1126 319 1742 407 ministrorumque
1795 321 1945 408 ejus
2003 320 2329 390 exterruit
2389 318 2793 390 fortissimos

258 402 511 478 milites
559 407 832 488 Christi,
886 429 1023 477 non
1077 407 1353 497 impulit
1401 408 1744 498 abnegare
1789 410 2143 498 pietatem,
2199 430 2333 478 non
2386 430 2426 477 a
2471 408 2796 479 charitate

260 497 375 566 Dei
415 509 480 566 et
511 496 875 567 salvatoris
924 495 1245 566 abduxit:
1298 495 1412 565 sed
1469 497 1840 586 praecincti
1889 496 2047 579 fide,
2100 497 2600 567 conculcarunt
2652 518 2797 566 ma-

257 586 502 656 chinas
533 606 773 655 omnes
806 584 1097 666 inimici,
1126 605 1349 672 neque
1373 585 1529 654 illos
1558 586 1842 655 omnino
1874 586 2170 656 formido
2219 586 2520 656 tentavit.
2560 585 2796 656 Vidisti

257 696 607 745 servorum
652 673 962 744 fidelium
998 674 1257 744 robur?
1305 673 1547 743 Vidisti
1582 674 1873 764 gloriam
1923 675 2240 766 pugilum
2292 675 2542 744 Christi
2595 687 2797 762 atque

256 763 760 835 constantiam?
807 760 1047 831 Vidisti
1080 762 1501 831 alacritatem
1544 763 1927 853 ingentem,
1979 763 2268 833 coeleste
2318 784 2606 832 reanum
2663 775 2798 833 tota

255 852 391 922 fide
437 851 913 939 quaerentium
943 905 958 933 ,
1013 850 1494 938 Christumque
1544 857 1793 942 Regem
1860 872 2064 921 suum
2115 852 2307 922 omni
2354 875 2390 920 a
2447 864 2600 921 ectu
2649 873 2797 920 am-

254 941 639 1011 bientium?
676 939 914 1010 Vidisti
952 939 1156 1009 fidem
1210 939 1577 1030 perfectam
1629 941 1956 1010 veraciter
2004 940 2508 1030 perfectorum?
2557 940 2796 1009 Vidisti

253 1030 653 1099 charitatem
706 1030 1111 1118 flagrantem
1174 1028 1244 1097 in
1295 1028 1677 1098 beatissimi
1727 1028 2121 1120 pectoribus
2182 1034 2599 1118 Martyrum,
2674 1049 2795 1119 pro

253 1141 392 1276 aua
440 1131 709 1187 terrena
740 1130 990 1186 cuncta
1045 1129 1475 1203 spreverunt,
1529 1131 1608 1187 ut
1657 1122 1866 1187 Deum
1919 1139 2125 1189 suum
2184 1129 2528 1199 tenerent,
2590 1136 2795 1203 quem

304 1207 693 1277 ilexerunt?
749 1206 990 1277 Vidisti
1031 1206 1351 1277 affectum
1402 1206 1694 1287 Christi,
1747 1206 2094 1293 quomodo
2142 1228 2182 1275 a
2232 1220 2410 1276 terra
2469 1205 2800 1276 sublimat

253 1295 536 1366 exaltari
568 1295 974 1385 cupientes?
1005 1293 1248 1364 Vidisti
1294 1294 1712 1364 exultantem
1763 1294 2164 1395 paradisum
2206 1295 2529 1383 amplecti
2577 1316 2658 1362 ac
2700 1292 2802 1363 fo-

254 1384 551 1542 veredsui
598 1382 933 1525 quosdam
969 1382 1205 1452 avidos
1254 1382 1506 1453 milites
1537 1383 1808 1464 Christi,
1868 1384 1937 1451 in
1989 1395 2262 1453 aeterna
2307 1383 2460 1452 luce
2506 1404 2586 1451 ac
2638 1403 2801 1473 pace

306 1496 397 1543 au
448 1484 673 1542 entes.
1607 1504 1611 1511 ·
2695 1530 2702 1539 .

259 1497 379 1650 ὃς
426 1568 510 1635 -Ι,
565 1560 843 1642 Accede,
902 1559 997 1627 mi
1044 1559 1253 1629 frater
1311 1560 1704 1641 carissime,
1772 1571 2146 1650 pertracta,
2206 1558 2570 1629 considera
2629 1564 2804 1628 Mar-

259 1664 490 1741 tyrum
541 1649 874 1740 gloriosos
905 1648 1317 1739 triumphos.
1372 1648 1506 1717 Ads
1561 1650 1660 1719 ice
1697 1649 1919 1719 oculis
1950 1648 2181 1718 cordis
2226 1647 2626 1718 coelestium
2680 1658 2806 1737 pti·

260 1740 480 1832 gilum
551 1738 871 1808 eximiam
944 1736 1195 1819 fidem,
1262 1737 1517 1807 inviola
1571 1738 1869 1825 ilenique
1917 1737 2188 1827 pietatis
2251 1737 2593 1806 affectum.
2662 1742 2803 1807 Non

256 1828 473 1898 valuit
518 1828 620 1897 vis
654 1827 993 1896 immensa
1041 1847 1417 1913 poenarum
1446 1827 1797 1916 justorum
1843 1826 2113 1895 animos
2162 1826 2472 1895 flectere:
2527 1836 2670 1894 tam
2702 1826 2805 1894 in-

261 1916 565 2007 trepidae
595 1913 951 1985 charitatis
983 1915 1297 1984 ardorem
1335 1936 1458 1984 nec
1489 1937 1677 1985 mors
1702 1915 1854 2005 ipsa
1879 1914 2096 2002 quivit
2125 1914 2542 2015 extinguere.
2582 1913 2796 1993 Caesi,

258 2022 374 2076 ma
428 2027 513 2074 no
562 2025 719 2075 cum
770 2003 1024 2094 gaudio
1063 2004 1436 2093 flagrorum
1481 2004 1683 2085 ictuS,
1736 2015 1814 2073 ut
1852 2024 2165 2073 summas
2211 2002 2520 2082 deliciaS,
2574 2003 2801 2072 susci-

260 2094 371 2186 pie
423 2105 579 2163 ant:
634 2112 1011 2179 serenaque
1049 2113 1129 2161 ac
1169 2091 1420 2162 ridenti
1465 2092 1640 2161 facie
1699 2092 1956 2182 gratias
2005 2096 2135 2161 Deo
2182 2091 2587 2172 referebant,
2641 2091 2806 2179 quia

259 2194 655 2253 meruerant
701 2202 825 2273 pro
875 2180 1096 2280 ipsius
1123 2181 1400 2250 nomine
1443 2181 1607 2270 pati.
1644 2182 1911 2264 Quibus
1939 2201 2065 2270 ego
2090 2201 2208 2249 vos
2259 2178 2585 2249 laudibus
2611 2200 2807 2270 prae-

257 2272 508 2351 dicem,
561 2293 600 2341 o
643 2269 921 2360 perfecti
969 2267 1222 2339 milites
1253 2269 1557 2339 Christi?
1586 2274 1713 2339 Aut
1743 2269 2088 2356 quomodo
2131 2268 2471 2359 appellem
2523 2288 2668 2348 νος,
2706 2269 2809 2336 in-

260 2361 424 2451 clyti
475 2370 679 2447 atque
740 2356 1121 2429 beatissimi
1169 2357 1354 2429 Viri?
1406 2359 1575 2443 Quis
1629 2370 1890 2429 vestrae
1936 2357 2099 2428 fidei
2147 2357 2389 2427 laudes
2460 2355 2806 2446 explicare

260 2449 559 2520 sufficiat
586 2452 617 2516 ¹?
663 2446 1032 2537 Obstupuit
1078 2469 1328 2538 nempe
1370 2460 1721 2517 oratorum
1778 2447 2126 2517 facundia:
2189 2445 2809 2536 Philosophorum-

310 2561 395 2608 ue
426 2559 502 2606 sa
558 2537 787 2617 ientia‚
839 2536 1008 2605 dum
1048 2548 1405 2606 cernerent
1455 2536 1801 2606 mirabilia
1849 2535 1919 2604 in
1978 2535 2227 2607 Christi
2284 2534 2568 2604 famulis
2623 2535 2798 2604 fieri.

256 2560 496 2696 §udici
552 2648 636 2695 us
703 2647 782 2694 ac
840 2625 1154 2712 tyrannis
1201 2626 1404 2695 verba
1467 2623 1907 2707 defecerunt,
1962 2637 2356 2695 sanctorum
2427 2628 2808 2712 Martyrum

258 2715 717 2784 constantiam
751 2725 817 2783 et
847 2713 1293 2794 alacritatem,
1355 2714 1910 2800 immensamque
1955 2713 2369 2783 athletarum
2411 2711 2662 2781 Christi
2714 2725 2808 2781 to-

261 2803 623 2874 lerantiam
671 2801 1238 2891 adspicientibus
1265 2808 1431 2873 Nam
1465 2801 1633 2871 dum
1677 2801 1994 2872 lictorum
2031 2822 2282 2872 manus
2307 2820 2547 2870 eorum
2587 2821 2810 2870 mem-

257 2893 383 2963 bra
433 2892 846 2978 torquerent,
899 2891 1300 2977 visceraque
1358 2890 1724 2972 nudarent,
1779 2911 1914 2961 non
1961 2903 2341 2960 moerentes
2400 2888 2801 2979 adspexere,

262 3002 397 3050 non
451 2980 698 3060 tristes,
753 2995 881 3048 nec
908 2978 1131 3049 solum
1165 2981 1345 3051 inter
1391 2979 1740 3049 cruciatus
1772 2979 2106 3070 gemitum
2149 3000 2285 3048 non
2325 2976 2628 3058 edentes,
2695 2999 2810 3047 ve-

260 3091 417 3138 rum
470 3068 746 3138 laetiore
775 3067 950 3137 facie
997 3067 1251 3159 gaudia
1299 3068 1563 3138 interna
1607 3079 1952 3138 testantes.
2007 3069 2277 3158 Quippe
2318 3065 2457 3135 illis
2487 3087 2570 3136 ea
2611 3076 2811 3138 erant

261 3169 598 3317 togmtenta
633 3178 755 3247 pro
804 3158 1062 3245 requie,
1113 3169 1178 3227 et
1209 3157 1572 3227 carnifices
1610 3157 1898 3245 obsequi
1946 3156 2206 3247 potius,
2258 3176 2471 3243 quam
2519 3155 2805 3236 saevire,

258 3268 322 3315 vt
377 3268 413 3315 e
464 3259 692 3316 antur.

339 3337 385 3493 ἓ
431 3340 519 3409 ὅ.
574 3339 706 3404 Nos
753 3345 1013 3415 autem,
1068 3333 1337 3412 fratres,
1385 3354 1626 3421 quam,
1693 3334 2010 3414 obsecro,
2071 3332 2257 3423 apud
2316 3336 2534 3403 Deum
2580 3331 2652 3401 in
2695 3332 2810 3402 die

252 3424 335 3514 ju
389 3424 503 3493 icii
541 3422 1054 3493 excusationem
1110 3422 1417 3493 habituri
1448 3443 1717 3505 sumus,
1761 3423 1882 3510 qui
1926 3423 2075 3493 sine
2109 3420 2607 3512 persecutionis
2630 3433 2811 3492 atro-

260 3512 485 3593 citate,
551 3524 616 3582 et
662 3511 1086 3582 cruciatibus
1136 3511 1387 3591 variis,
1439 3511 1843 3581 charitatem
1892 3511 2045 3591 Dei,
2108 3509 2454 3598 vitamque
2499 3523 2809 3580 nostram

261 3600 357 3670 ita
390 3600 835 3692 negligimus,
886 3622 965 3669 ac
1014 3612 1201 3670 tanto
1230 3599 1541 3689 corporis
1588 3621 1831 3670 somno
1868 3598 2164 3669 demersi
2213 3602 2510 3671 sumus?
2558 3603 2812 3688 Marty-

260 3709 371 3758 res
419 3712 575 3760 ecce
609 3689 849 3772 vexati,
887 3688 1145 3770 afflicti,
1195 3689 1470 3772 tentati,
1522 3688 2019 3776 exquisitisque
2065 3688 2426 3758 tormentis
2485 3687 2805 3767 cruciati,

259 3781 473 3846 Deum
508 3800 587 3847 ex
628 3790 763 3849 toto
793 3778 1022 3858 corde,
1077 3788 1350 3863 totaque
1402 3790 1629 3847 mente
1675 3777 2085 3847 dilexerunt.
2141 3775 2364 3847 Nullis
2413 3775 2814 3846 tentationi-

257 3866 413 3947 buS,
469 3866 704 3947 nullis,
748 3866 1179 3957 gravissimis
1206 3865 1386 3948 licet,
1418 3866 1934 3954 acerrimisque,
1973 3886 2054 3934 su
2112 3864 2340 3955 pliciis
2372 3863 2554 3935 flecti
2589 3863 2813 3955 potuit

261 3966 450 4024 tanta
496 3957 905 4026 constantia.
943 3954 1164 4026 Nullis
1213 3956 1774 4045 persequentium
1823 3955 2065 4024 terrori
2117 3976 2203 4024 us
2251 3953 2527 4023 divinae
2579 3953 2809 4023 chari-

261 4043 419 4113 tatis
472 4043 677 4113 ardor
721 4044 790 4113 in
843 4044 1060 4114 sacris
1108 4044 1501 4134 pectoribus
1545 4044 1765 4132 quivit
1821 4043 2138 4114 obtundi.
2190 4048 2323 4114 Nos
2380 4064 2537 4113 vero
2583 4043 2655 4112 in
2706 4062 2813 4111 re·

258 4131 421 4288 guie
451 4144 654 4219 atque
703 4131 995 4214 deliciis,
1051 4132 1632 4224 benignissimum
1694 4136 1906 4202 Deum
1956 4154 2036 4201 ac
2085 4132 2453 4202 Dominum
2489 4144 2804 4203 nostrum

314 4219 921 4311 iligere.volumus.
975 4221 1150 4305 Quid
1195 4222 1406 4312 igitur
1450 4221 1697 4302 acturi,
1751 4220 1921 4309 quid
1976 4221 2230 4291 dicturi
2284 4242 2530 4291 sumus
2574 4220 2643 4289 in
2694 4219 2811 4287 die

258 4308 381 4379 illa
427 4308 739 4391 terribili,
799 4331 958 4380 cum
1031 4310 1407 4382 beatissimi
1481 4316 1833 4401 Martyres,
1911 4332 2125 4402 prope
2208 4309 2460 4381 solium
2547 4306 2809 4400 gloriae
