2993 4837
9 313 12 390 ᾗ
65 322 214 389 Nov.
265 326 304 388 6
898 343 977 388 na
1026 342 1081 389 s.
1138 341 1462 388 momiano
1512 340 1691 389 conr.
2350 325 2476 389 305

9 433 12 464 ¹
66 446 303 494 omnem
326 436 390 495 et
408 425 825 495 Britanniam
853 426 1187 495 minorem
1210 425 1245 460 ⁴⁸
1266 425 1691 515 impleverat,
1715 440 1917 513 atque
1945 447 2163 512 usque
2191 426 2258 494 in
2290 429 2564 494 Germa-

66 513 223 583 niam
264 536 409 584 sese
441 513 815 584 effuderat:
868 527 1071 601 atque
1119 514 1289 584 adeo
1323 519 1499 584 Deus
1533 514 1798 583 ornavit
1829 525 1892 583 et
1934 513 2298 583 illustravit
2332 514 2556 594 illum,

62 614 124 672 ut
155 603 206 671 si
245 603 400 689 quis
459 605 918 672 in.carcerem
974 604 1347 691 conjectus,
1399 603 1550 692 ejus
1600 623 1846 672 nomen
1900 602 2289 682 invocaret,
2345 603 2567 692 ruptis

14 720 25 777 ς
63 692 311 771 catenis,
360 691 554 760 nullo
590 690 1027 781 impediente,
1064 692 1239 760 liber
1270 691 1685 762 abscederet.
1722 690 1890 760 lnde
1922 690 2193 771 accidit,
2232 703 2302 760 ut
2372 690 2567 760 multi

14 796 29 863 ξ
62 780 235 848 etiam
293 802 372 849 ex
426 780 823 870 longinquis
872 781 1270 871 regionibus
1310 803 1350 849 a
1387 780 1678 849 vinculis
1715 791 1780 849 et
1817 779 2212 849 carceribus
2254 801 2373 869 per
2410 802 2566 848 eum

63 866 320 948 liberati,
376 868 463 937 ad
522 890 682 938 eum
724 869 1052 949 venirent,
1106 881 1171 938 et
1217 868 1584 958 compedes
1630 881 1835 955 atque
1873 880 2149 938 catenas
2188 891 2418 937 secum
2471 868 2571 935 af-

64 954 304 1038 ferrent,
345 956 431 1026 ad
483 957 634 1047 ejus
681 978 826 1027 sese
875 958 1082 1046 pedes
1121 957 1476 1027 humiliter
1509 957 1928 1046 abjicientes,
1983 962 2031 1025 E
2072 957 2326 1044 quibus
2366 957 2568 1025 etiam

22 1064 174 1145 gnon
211 1046 407 1131 pauci
456 1044 638 1135 apud
690 1067 847 1114 eum
902 1046 1293 1128 manebant,
1347 1068 1418 1115 se
1453 1045 1550 1114 illi
1589 1067 1819 1115 servos
1856 1047 2258 1115 offerentes:
2305 1044 2418 1114 sed
2469 1045 2569 1113 vir

52 1134 157 1201 'Dei
194 1133 322 1203 illis
356 1136 588 1222 potius
636 1134 887 1203 servire
934 1135 1275 1215 studebat,
1322 1147 1582 1224 partem
1616 1136 1716 1204 eis
1764 1133 1975 1203 silvae
2014 1133 2460 1214 distribuens,
2498 1148 2573 1202 ut

67 1234 558 1292 consuescerent
604 1222 1067 1322 agriculturae
1115 1245 1392 1313 operam
1443 1222 1629 1304 dare,
1682 1236 1748 1293 et
1787 1222 1958 1305 inde,
2004 1222 2136 1291 sibi
2181 1243 2420 1312 parare
2468 1222 2566 1290 vi-

28 1322 217 1378 'etum
248 1366 267 1391 ,
330 1333 470 1381 non
525 1310 789 1379 inhiare
840 1312 1154 1401 praedis,
1209 1334 1293 1381 ne
1335 1333 1577 1381 rursus
1628 1312 1694 1380 in
1744 1310 2021 1381 vincula
2067 1311 2574 1397 conjicerentur

71 1410 121 1466 et
144 1399 459 1469 obscuros
507 1421 837 1469 carceres.
894 1399 1110 1469 Simul
1162 1413 1388 1469 autem
1440 1399 1725 1469 salutari
1758 1420 1874 1470 eos
1921 1400 2269 1490 Evangelii
2307 1398 2574 1489 praedi-

71 1488 294 1558 catione
332 1488 760 1569 instituebat,
857 1503 1290 1576 raetereaque
1336 1509 1576 1558 omnes
1609 1488 1692 1558 ad
1738 1510 1808 1559 se
1845 1489 2188 1558 venientes
2228 1488 2434 1557 variis
2474 1486 2575 1556 af-

30 1573 242 1655 „fectos
290 1577 588 1658 morbis,
642 1510 928 1646 sanabat
974 1578 1229 1648 sanctis
1278 1577 1637 1667 precibuS,
1690 1589 1754 1647 et
1801 1577 2082 1668 optimis
2140 1576 2575 1646 sermonibus

68 1665 463 1735 continenter
497 1667 839 1756 pascebat,
867 1664 1092 1736 nudos
1116 1666 1462 1748 vestiebat,
1488 1666 1867 1737 esurientes
1898 1666 2145 1746 alebat;
2177 1665 2580 1753 cunctisque

74 1756 423 1824 necessaria
484 1776 608 1845 pro
651 1754 916 1824 viribus
964 1754 1469 1845 suppeditabat.
1532 1759 1767 1843 Itaque
1814 1754 2139 1825 amabant
2184 1776 2339 1824 eum
2393 1753 2575 1824 haud

30 1860 254 1922 :secus,
297 1857 504 1931 atque
540 1843 759 1913 solent
798 1843 925 1912 filii
959 1856 1276 1933 parentes
1310 1865 1496 1914 suoS.

30 1930 41 1939 ’
137 1932 277 2016 §2
331 1938 502 2002 Cum
557 1945 783 2001 autem
836 1932 1004 2002 haec
1051 1935 1200 2021 ejus
1246 1932 1601 2023 praeclara
1646 1930 1949 2001 facinora
2005 1931 2070 2000 in
2137 1932 2419 2001 Francia
2481 1929 2583 1999 di-

74 2020 489 2109 vulgarentur
523 2076 538 2102 ,
594 2020 795 2089 multi
844 2042 924 2090 ex
970 2021 1280 2113 cognatis
1327 2021 1523 2109 ejus,
1580 2018 1889 2109 plerique
1948 2021 2150 2089 etiam
2212 2020 2584 2089 familiares

75 2107 216 2195 ejus,
264 2109 618 2181 distractis
658 2109 864 2178 rebus
911 2122 975 2178 et
1026 2111 1577 2199 possessionibus
1611 2110 1780 2190 suis
1825 2130 1985 2178 cum
2035 2109 2367 2178 uxoribus
2396 2121 2460 2176 et
2500 2107 2584 2176 li-

70 2191 225 2265 beris
267 2198 348 2266 ad
402 2220 564 2267 eum
619 2220 690 2268 se
737 2197 1196 2269 contulerunt.
1251 2204 1433 2281 Quos
1482 2211 1559 2268 ut
1606 2197 1720 2267 ille
1756 2196 1944 2275 vidit,
1981 2218 2117 2266 non
2157 2196 2587 2266 mediocriter

70 2283 418 2367 admirans,
477 2287 576 2356 ait
622 2286 703 2354 ad
741 2309 898 2356 eos:
958 2292 1155 2377 «Ego
1204 2309 1321 2359 vos
1367 2287 1538 2376 fugi,
1593 2300 1657 2355 et
1702 2307 1856 2356 ecce
1890 2307 2006 2355 vos
2042 2307 2149 2354 me
2184 2284 2576 2372 sequimini,

72 2375 450 2463 quandoque
475 2376 682 2445 etiam
720 2375 804 2444 ad
837 2377 1233 2476 paradisum
1271 2397 1379 2446 me
1405 2376 1733 2447 secuturi.
1763 2399 1800 2443 »
1835 2379 1910 2445 At
1944 2374 2043 2444 illi
2081 2386 2586 2466 prosternentes

70 2481 150 2540 se,
190 2488 222 2529 (ι
252 2466 536 2534 Domine
571 2479 784 2552 pater,
832 2466 1178 2553 inquiunt,
1236 2465 1334 2535 tui
1369 2487 1639 2544 sumuS,
1697 2477 1761 2534 et
1807 2488 1848 2533 a
1900 2478 1981 2545 te,
2030 2465 2087 2535 si
2123 2464 2365 2554 placet,
2407 2484 2585 2531 nun-

74 2569 246 2635 quam
296 2553 726 2625 recedemus.
781 2553 937 2623 Vias
988 2567 1138 2625 tuas
1183 2554 1463 2624 ostende
1498 2554 1720 2635 nobis,
1774 2567 1839 2622 et
1887 2554 2164 2624 semitas
2201 2566 2351 2623 tuas
2384 2551 2591 2621 edoce

78 2657 198 2708 nos.
229 2664 263 2703 ι)
310 2640 694 2731 Respondit
743 2641 845 2709 vir
892 2654 1217 2711 sanctus:
1272 2647 1472 2732 «Ego
1526 2664 1665 2724 νοε,
1704 2642 2159 2722 dilectissimi,
2213 2641 2590 2732 Prophetae

76 2728 265 2798 verbis
295 2730 577 2820 appello
608 2752 622 2797 :
678 2751 793 2798 vos
842 2743 1070 2800 autem
1123 2732 1429 2820 reponite
1461 2753 1540 2799 ea
1574 2731 1643 2799 in
1676 2731 2003 2800 cordibus
2039 2732 2301 2802 vestris.
2346 2730 2593 2800 Junior

74 2812 195 2898 fui,
240 2820 490 2888 etenim
549 2819 794 2898 senui,
850 2831 916 2888 et
962 2840 1097 2888 non
1148 2819 1288 2888 vidi
1339 2819 1608 2905 justum
1675 2818 2126 2901 derelictum,
2183 2842 2306 2890 nec
2354 2840 2587 2888 semen

77 2904 203 3000 ejus
242 2929 587 2995 quaerens
636 2928 906 2996 panem.
961 2909 1216 2977 Timete
1261 2928 1423 2997 ergo
1473 2907 1876 2991 Dominum,
1928 2910 2254 2996 quoniam
2311 2930 2441 2978 non
2494 2922 2595 2978 est

84 2995 276 3082 inopia
341 2995 755 3066 timentibus
811 3017 993 3064 eum.
1063 2997 1310 3067 Divites
1361 3009 1700 3086 eguerunt
1746 3010 1811 3066 et
1875 2997 2313 3068 esurierunt:
2370 2998 2595 3084 inqui-

90 3095 268 3153 rentes
318 3099 556 3155 autem
617 3083 1006 3163 Dominum,
1051 3107 1183 3154 non
1252 3086 1656 3154 minuentur
1702 3086 1890 3155 omni
1950 3086 2149 3155 bono.
2192 3091 2426 3171 Itaque
2469 3086 2594 3154 filii

85 3169 275 3240 audite
301 3196 432 3244 me:
477 3173 793 3243 timorem
833 3174 1099 3242 Domini
1125 3173 1382 3243 docebo
1409 3195 1528 3243 vos
1549 3174 1686 3264 (Ps.
1715 3179 1798 3243 36
1825 3184 1886 3242 et
1916 3174 2052 3261 33).
2087 3178 2180 3241 Ea
2202 3196 2411 3243 causa
2441 3174 2596 3243 tulit

82 3277 176 3327 vos
218 3265 384 3332 Deus
418 3284 457 3331 e
494 3260 910 3352 populorum
987 3262 1291 3331 tumultu
1328 3275 1394 3332 et
1440 3263 1755 3351 strepitu,
1802 3274 1877 3330 ut
1926 3261 1992 3328 in
2047 3263 2173 3331 hac
2223 3262 2594 3331 solitudine

84 3367 314 3418 mecum
349 3363 887 3431 commorantes,
929 3363 1105 3419 recte
1141 3351 1253 3419 hic
1281 3351 1521 3420 vivatis
1557 3351 1623 3419 in
1659 3350 1927 3440 justitia
1958 3364 2021 3419 et
2048 3351 2427 3430 sanctitate,
2472 3371 2598 3418 me·

81 3439 485 3509 moresillius
517 3439 952 3529 propheticae
978 3440 1374 3509 sententiae:
1409 3438 1651 3509 Melius
1680 3451 1780 3509 est
1815 3438 2161 3508 modicum
2175 3439 2363 3528 justo
2390 3460 2600 3526 super

14 3561 17 3570 f
81 3521 322 3597 divitias
355 3541 799 3618 peccatorum
834 3526 1087 3598 multas
1106 3528 1244 3619 (Pa.
1280 3527 1417 3616 36);
1455 3529 1752 3614 itemque
1784 3526 1994 3598 illius:
2031 3526 2265 3596 Melior
2296 3539 2398 3596 est
2427 3527 2597 3596 buc·

11 3634 12 3707 J
80 3612 224 3683 cella
243 3617 421 3686 sicca
443 3638 608 3686 cum
636 3615 914 3706 gaudio,
938 3638 1143 3703 quam
1176 3616 1380 3707 plena
1396 3616 1648 3686 domus
1672 3639 1831 3686 cum
1855 3615 2087 3707 jurgio
2109 3615 2334 3706 (Prov.
2366 3616 2600 3704 xvii).»

11 3750 12 3753 ,
80 3702 213 3771 Post
242 3705 303 3773 id
329 3727 557 3796 genus
585 3705 917 3775 salutares
943 3705 1450 3775 adhortationes
1478 3717 1734 3795 septem
1767 3705 1867 3774 eis
1897 3707 2197 3776 nemoris
2236 3705 2343 3774 sui
2381 3718 2604 3794 partes

82 3793 463 3883 assignavit:
505 3804 599 3863 tot
628 3795 810 3863 enim
845 3805 1041 3863 erant
1074 3793 1374 3863 familiae
1400 3817 1415 3875 ;
1446 3793 1793 3881 jussitque
1832 3815 1946 3863 eos
1987 3794 2219 3863 labore
2263 3815 2600 3862 manuum

83 3898 341 3951 suarum
384 3883 717 3963 victitare,
755 3881 1338 3969 quemadmodum
1375 3881 1736 3969 Apostolus
1771 3904 1842 3951 se
1876 3882 2115 3952 fecisse
2147 3882 2339 3959 dicit,
2381 3896 2455 3951 ut
2486 3881 2606 3949 ha-

83 3963 293 4038 berent
325 3971 518 4040 unde
559 3983 835 4058 possent
874 3971 1345 4060 indigentibus
1377 3970 1678 4060 elargiri.
1718 3975 1989 4041 Praeter
2030 3972 2152 4039 hos
2200 3982 2430 4040 autem
2490 3968 2609 4039 alii

86 4056 265 4127 multi
296 4071 361 4129 et
399 4082 481 4128 ex
517 4059 924 4149 propinquis
962 4073 1026 4129 et
1066 4060 1465 4151 longinquis
1508 4058 1907 4148 regionibus
1946 4058 2027 4127 ad
2074 4082 2230 4128 eum
2285 4058 2609 4126 adventa-

86 4142 252 4225 bant,
288 4148 647 4237 cupientes
681 4148 767 4216 ad
812 4160 1092 4218 mortem
1132 4171 1351 4236 usque
1386 4170 1544 4217 cum
1588 4147 1703 4216 illo
1742 4167 2166 4237 permanere.
2207 4153 2282 4215 At
2318 4146 2433 4216 ille
2467 4169 2610 4216 am-

89 4232 370 4317 plectens
394 4258 661 4318 omnes,
698 4236 966 4305 fovebat
997 4259 1112 4306 eos
1141 4251 1218 4307 ut
1248 4235 1415 4307 solet
1445 4235 1705 4337 gallina
1735 4236 1961 4324 pullos
1988 4256 2174 4303 suoS.
2208 4235 2444 4304 Robur
2470 4249 2614 4304 erat

88 4320 336 4406 validis,
403 4337 608 4411 atque
655 4325 955 4394 infirmis
1009 4326 1378 4405 medicina,
1440 4347 1511 4393 in
1572 4324 1824 4413 templo
1864 4323 1977 4393 Dei
2030 4335 2378 4410 tamquam
2418 4324 2616 4394 stella

134 4449 156 4472 ⁵⁸
182 4449 407 4500 Brseaqne,
426 4451 688 4492 Galliarum
707 4449 968 4502 provincia.

231 4534 469 4591 surius
496 4561 523 4579 ·
559 4532 729 4594 Vitae
757 4531 858 4595 SS.
893 4564 920 4579 ·
952 4531 1002 4594 V
1005 4532 1085 4595 ol.
1114 4531 1213 4595 XI.
2385 4527 2461 4589 20
