2993 4837
36 327 207 391 Nov.
268 328 350 390 45
647 344 725 390 nrt
775 341 866 391 ss.
922 343 1197 400 suom,
1251 344 1446 391 euim
1493 345 1570 391 m·
1615 346 1785 392 Amin
1831 347 1944 393 uu.
2354 335 2481 398 499

34 441 163 497 erat
234 433 515 498 Praeses
561 428 634 496 in
685 428 841 497 aliis
897 428 1285 498 audiendis.
1352 429 1608 499 Deinde
1653 452 1810 498 cum
1883 432 1970 500 ab
2017 432 2117 500 eis
2173 435 2563 520 quievisset,

26 518 213 607 jubet
263 518 956 586 commentariensem
1009 519 1431 608 interrogare
1480 523 1786 599 Sanctos,
1840 542 1927 589 an
1967 521 2201 609 jussui
2266 528 2567 612 Impera-

34 607 189 676 toris
231 606 484 675 vellent
533 627 793 696 parere,
838 618 915 676 ut
951 606 1409 676 liberarentur
1440 629 1477 676 a
1529 621 1902 678 tormento:
1946 622 2010 678 et
2049 633 2207 679 cum
2262 611 2375 681 ille
2414 614 2570 698 qui-

31 696 177 764 dem
245 695 721 784 interrogaret,
781 695 848 764 hi
902 717 1058 764 vero
1108 718 1239 764 non
1286 708 1584 786 possent,
1637 711 1756 766 aut
1797 719 1932 767 non
1996 698 2243 767 vellent
2291 721 2572 790 respon·

32 784 206 858 dere.
243 784 447 872 jubet
479 806 595 852 eos
627 783 893 853 includi
928 785 995 852 in
1035 786 1355 854 interiore
1403 786 1741 865 custodia,
1782 787 1849 854 in
1906 786 2056 855 lacu
2109 789 2464 858 tenebroso
2507 804 2573 858 et

30 873 309 941 nomine
356 885 421 940 et
466 894 535 942 re
569 875 743 962 ipsa,
782 887 845 942 et
880 872 1085 962 pedes
1117 896 1336 960 usque
1368 874 1450 942 ad
1495 874 1676 943 diem
1728 888 2121 961 sequentem
2156 875 2392 947 affixos
2422 901 2574 947 esse

32 960 237 1051 ligno.
301 961 416 1030 Die
463 973 688 1030 autem
732 963 877 1051 jam
928 976 1323 1051 apparente,
1377 985 1415 1032 a
1474 963 1645 1053 ligni
1686 963 1962 1050 quidem
2020 965 2313 1035 vinculis
2363 967 2572 1056 pedes

33 1064 187 1118 sunt
222 1049 533 1130 relaxati;
573 1051 868 1119 carceris
916 1064 1146 1119 autem
1181 1052 1409 1120 aditus
1440 1050 1569 1121 fuit
1598 1053 2014 1132 obstructus,
2055 1068 2130 1122 ut
2165 1076 2288 1123 nec
2325 1056 2569 1125 solaris

34 1139 305 1224 quidem
363 1139 600 1207 radius
643 1152 870 1229 posset
903 1140 1167 1208 subire:
1205 1140 1509 1208 edictum
1545 1154 1771 1209 autem
1811 1141 1940 1210 fuit
1970 1143 2397 1224 custodibuS,
2429 1167 2593 1213 non.

36 1228 325 1297 frustum
384 1228 606 1317 pani5‚
648 1250 771 1296 nec
823 1250 1097 1317 parvam
1134 1229 1412 1315 quidem
1457 1242 1717 1318 guttam
1756 1252 1973 1316 aquae
2024 1245 2155 1300 tres
2205 1245 2376 1301 totos
2423 1234 2570 1303 dies

36 1318 127 1385 eis
174 1318 526 1404 praebere.
583 1319 1039 1399 Quamobrem
1092 1317 1175 1385 de
1223 1330 1488 1386 caetero
1540 1318 1938 1388 tenebrosus
1979 1342 2213 1389 carcer
2257 1336 2320 1391 et
2366 1321 2570 1412 longa

38 1405 250 1474 inedia
304 1419 455 1475 erat
502 1405 982 1475 condemnatio
1029 1406 1463 1494 Martyribus.
1521 1410 1683 1475 Cum
1738 1420 1963 1476 autem
2018 1409 2283 1478 adesset
2331 1413 2568 1480 tertius

37 1493 172 1564 dies
208 1495 401 1565 circa
440 1495 858 1584 principium
897 1496 1154 1564 mensis
1193 1494 1506 1584 Augusti,
1548 1509 1826 1584 apertus
1866 1498 2141 1584 quidem
2182 1497 2306 1566 fuit
2341 1499 2568 1568 aditus

38 1586 374 1652 carceris:
437 1583 543 1651 illi.
584 1597 808 1652 autem
870 1584 938 1650 in
994 1605 1073 1652 eo
1129 1584 1369 1652 retenti
1419 1596 1582 1652 sunt
1631 1607 1849 1671 usque
1911 1585 1992 1654 ad
2047 1587 2390 1656 decimum
2444 1593 2569 1656 No-

39 1673 351 1740 vembris.
419 1672 673 1739 Deinde
741 1670 963 1740 ,iudex
1023 1694 1138 1742 eos
1200 1686 1397 1742 curat
1451 1673 1791 1743 sistendos
1856 1697 1976 1764 pro
2024 1698 2150 1744 suo
2211 1677 2561 1745 tribunali.

44 1783 73 1824 «
105 1765 176 1828 Et
208 1782 337 1828 nec
378 1772 670 1839 tantum,
721 1761 966 1846 inquit,
1004 1772 1276 1848 tempus
1308 1761 1499 1831 vobis
1536 1763 1870 1849 praebuit.
1904 1775 1977 1831 ut
2012 1765 2253 1832 mutati
2288 1764 2565 1852 aliquod
2638 1828 2646 1836 .

42 1849 324 1916 salutare
376 1849 715 1937 caperetis
768 1850 1195 1918 consilium?
1244 1875 1280 1916 »
1325 1850 1431 1919 Illi
1481 1863 1709 1919 autem
1763 1851 2222 1941 respondent:
2286 1877 2319 1919 «
2374 1855 2565 1936 Quod

46 1937 223 2006 nobis
272 1937 590 2018 videtur,
644 1938 767 2006 tibi
815 1937 960 2024 jam
1028 1940 1303 2028 saepius
1351 1938 1827 2009 ostendimus:
1889 1953 1963 2009 tu
2025 1954 2251 2010 autem
2319 1943 2424 2011 fac
2490 1966 2567 2012 ea

44 2045 199 2110 quae
232 2026 361 2095 tibi
403 2026 685 2095 fuerunt
732 2026 1086 2117 imperata.
1137 2051 1171 2093 »
1221 2033 1499 2098 Praeses
1537 2041 1761 2096 autem
1816 2030 2040 2098 statim
2083 2030 2283 2118 jubet
2332 2035 2568 2099 Samo-

48 2134 185 2181 nam
246 2115 467 2184 altero
518 2114 686 2203 pede
738 2115 803 2182 in
866 2137 1049 2204 genu
1111 2115 1454 2196 inclinari,
1504 2129 1569 2184 et
1621 2117 1913 2185 ferreum
1968 2118 2318 2187 vinculum
2373 2120 2568 2206 injici

52 2201 175 2289 ejus
212 2204 453 2293 genui.
492 2203 681 2285 Quod
725 2226 881 2272 cum
935 2203 1187 2272 sactum
1230 2217 1429 2283 esset,
1468 2226 1624 2273 eum
1661 2202 2339 2296 quidem'suspendit
2372 2230 2570 2297 prae-

57 2290 301 2379 cipitem
338 2347 353 2373 ‚
417 2314 458 2361 a
515 2293 705 2381 pede,
761 2314 966 2377 quem
1025 2293 1502 2373 inclinaverat,
1562 2293 1852 2363 alterum
1912 2294 2232 2364 deorsum
2291 2297 2570 2365 trahens

54 2381 329 2467 pondere
381 2379 568 2461 ferri,
621 2382 802 2468 quod
856 2382 1078 2452 verbis
1129 2403 1260 2451 non
1301 2395 1517 2472 potest
1555 2383 1927 2473 explicari:
1981 2398 2045 2454 et
2091 2385 2190 2454 sic
2241 2385 2566 2455 athletam

53 2469 323 2539 moliens
371 2470 781 2560 discerpere.
831 2475 974 2552 Quo
1013 2471 1290 2558 quidem
1337 2484 1639 2561 tempore
1687 2496 1842 2541 cum
1877 2495 2083 2542 coxae
2130 2475 2563 2545 acetabulum

52 2576 154 2642 per
188 2560 322 2626 vim
368 2558 601 2628 sedem
656 2582 851 2628 suam
907 2559 1314 2646 reliquisset,
1350 2562 1664 2630 effectum
1716 2576 1836 2641 est,
1878 2574 1952 2631 ut
2003 2569 2334 2634 Samonas
2381 2565 2570 2633 clau-

53 2644 309 2729 dicaret3
351 2648 633 2717 Guriam
670 2660 924 2726 autem,
961 2649 1142 2735 quod
1193 2662 1369 2717 esset
1415 2648 1807 2719 imbecillus
1853 2662 1918 2719 et
1965 2652 2424 2742 subpallidus,
2476 2655 2569 2721 si-

56 2736 233 2804 nebat
280 2738 374 2805 im
439 2737 710 2805 unitum
746 2791 760 2815 ‚
822 2758 953 2805 non
1020 2739 1200 2824 quod
1268 2759 1424 2806 eum
1478 2739 1796 2828 benignis
1852 2739 2272 2832 adspexisset
2318 2743 2560 2821 oculiS,

56 2841 168 2889 non
216 2847 353 2911 quo
459 2837 633 2893 esset
685 2825 1004 2894 misertus
1062 2827 1214 2915 ejus
1264 2827 1797 2895 imbecillitatis:
1853 2830 1966 2898 sed
2021 2844 2098 2900 ut
2153 2833 2318 2919 qui,
2384 2830 2566 2917 quod

55 2929 186 3005 eum
240 2913 491 3001 punire
538 2926 837 3002 cuperet,
891 2913 1115 3002 potius
1175 2917 1607 3005 pepercisset.
1662 2922 1752 2985 Ne
1801 2917 1992 2998 forte,
2057 2920 2302 3009 ajebat,
2371 2921 2569 2990 nobis

56 3002 593 3087 imprudentibus
625 3016 1145 3072 consumeretur
1174 3017 1329 3072 ante
1362 3005 1732 3075 cruciatus.

130 3090 159 3174 ξ
201 3093 277 3159 2.
331 3096 412 3159 Et
448 3090 590 3179 jam
645 3104 838 3159 erant
875 3091 1150 3177 quidem
1202 3092 1378 3161 duae
1413 3093 1621 3161 horae
1669 3093 1829 3173 diei,
1883 3116 1960 3163 ex
2009 3117 2146 3182 quo
2186 3119 2568 3187 suspensus

56 3191 176 3244 erat
222 3183 581 3247 Samonas:
638 3179 803 3247 hora
852 3193 1077 3248 autem
1131 3182 1369 3267 quinta
1412 3182 1556 3270 jam
1610 3182 1865 3263 aderat,
1919 3195 1983 3251 et
2033 3185 2089 3254 is
2124 3186 2351 3254 adhuc
2403 3208 2567 3273 pen-

58 3261 234 3333 debat
283 3268 616 3336 sublime:
668 3280 732 3336 et
764 3270 879 3354 qui
929 3271 1527 3340 circumsistebant
1569 3271 1842 3349 milites,
1886 3273 2335 3342 movebantur
2366 3275 2568 3341 mise-

60 3350 327 3422 ricordia
365 3411 379 3435 ,
448 3368 514 3425 et
588 3356 1037 3425 hortabantur
1084 3370 1159 3426 ut
1228 3360 1665 3446 Imperatoris
1745 3362 2011 3449 pareret
2071 3362 2382 3451 imperio.
2439 3361 2565 3429 Sed

60 3458 465 3525 peccatorum
521 3445 988 3513 misericordia
1025 3459 1232 3535 caput
1273 3449 1500 3517 Sancti
1555 3470 1685 3516 non
1733 3449 2168 3538 pinguefecit.
2213 3450 2332 3518 Ille
2380 3450 2566 3517 euim

59 3530 160 3596 etsi
195 3533 432 3601 acerbe
476 3548 899 3621 premeretur
930 3557 968 3602 a
1009 3548 1365 3615 torment0‚
1408 3537 1592 3624 ipsos
1624 3559 1707 3604 ne
1741 3538 1885 3606 ullo
1918 3538 2192 3624 quidem
2226 3538 2565 3627 dignaba-

62 3624 153 3683 tur
194 3641 542 3711 responSO,
581 3622 815 3691 sinens
861 3645 977 3691 eos
1026 3622 1279 3712 lugere,
1321 3636 1386 3692 et
1428 3647 1498 3695 se
1549 3626 1800 3715 potine,
1849 3649 1980 3695 non
2030 3627 2220 3695 illum
2271 3626 2337 3695 di
2395 3649 2563 3695 num

62 3724 311 3778 censere
345 3711 836 3780 misericordia.
891 3716 966 3778 In
1018 3712 1281 3780 coelum
1319 3727 1545 3781 autem
1588 3714 1830 3782 tollens
1859 3714 2118 3795 ocuIOS,
2160 3738 2353 3805 preca
2412 3729 2566 3784 atur

67 3794 248 3864 Deum
295 3820 374 3866 ex
424 3798 763 3887 profundo
810 3800 1059 3880 cordis,
1101 3814 1164 3869 et
1202 3802 1262 3868 ei
1299 3804 1655 3872 revocabat
1686 3804 1753 3870 in
1794 3806 2188 3872 memoriam
2231 3803 2566 3873 miracula

64 3899 214 3963 quae
252 3907 288 3953 a
337 3888 565 3956 seculo
604 3887 779 3956 facta
828 3902 1028 3957 sunt:
1083 3913 1117 3956 «
1172 3891 1454 3959 Domine
1507 3897 1703 3970 DeuS‚
1759 3892 2019 3970 dicenS,
2066 3894 2210 3961 sine
2257 3914 2394 3979 quo
2443 3914 2567 3961 nec

65 3976 475 4064 passerculus
514 3976 793 4063 quidem
844 3977 1037 4046 cadet
1098 3980 1165 4046 in
1221 3978 1590 4065 laqueum3
1652 3981 1772 4067 qui
1825 3982 2058 4049 Davidi
2107 3981 2405 4048 dilatasti
2453 4001 2573 4048 cor

68 4075 122 4121 111
166 4060 665 4145 afflictionibus3
717 4066 833 4152 qui
885 4066 1257 4155 Prophetae
1311 4068 1566 4137 Danieli
1617 4069 1752 4136 vim
1804 4069 2050 4138 dedisti
2085 4069 2287 4137 etiam
2331 4081 2569 4137 contra

69 4140 312 4228 leones;
370 4154 486 4240 qui
539 4175 785 4241 pueros
847 4156 1282 4225 Abramiaeos
1329 4169 1394 4225 et
1440 4157 1741 4244 Tyranni
1797 4171 1861 4225 et
1917 4158 2235 4225 flammae
2283 4157 2568 4227 victores

72 4233 352 4308 effecisti:
398 4255 469 4311 tu
516 4264 787 4329 quoque
842 4266 1024 4312 nunc
1067 4246 1346 4312 Domine
1379 4244 1657 4333 adspice
1690 4243 1774 4312 ad
1819 4245 2073 4314 bellum
2116 4246 2296 4331 quod
2332 4260 2570 4317 contra

74 4337 175 4420 110}
218 4329 500 4414 geritur,
559 4336 674 4417 qui
740 4344 1007 4400 nostrae
1064 4344 1345 4400 naturae
1409 4334 1586 4400 nosti
1662 4332 2219 4402 imbecillitatem.
2275 4340 2573 4407 Conatur

79 4425 226 4480 enim
277 4418 596 4486 inimicus
644 4420 1046 4508 figmentum
1088 4434 1241 4489 tuae
1283 4420 1594 4488 dexterae
1642 4434 1940 4490 avertere
1988 4423 2074 4491 ab
2115 4444 2214 4504 ea,
2256 4448 2431 4513 quae
2470 4438 2572 4494 est.
