2993 4837
49 290 206 358 NOV.
258 291 340 355 30
865 310 943 356 mr
990 310 1043 356 s.
1100 308 1348 357 Annam
1394 308 1711 357 xrosrom
2345 294 2471 358 749

119 396 151 481 ξ
198 399 322 467 11.
376 397 641 462 Interea
690 392 872 462 vadit
928 393 1153 463 omnis
1214 393 1516 484 populus
1562 406 1718 463 curn
1785 392 2083 464 clamore
2131 393 2216 463 ad
2266 393 2547 464 domum

45 487 293 571 Aegeae,
331 494 396 553 et
443 504 685 553 omnes
733 482 985 572 pariter
1031 482 1429 562 clamanteS,
1468 483 1823 552 dicebant:
1855 506 1891 549 «
1925 483 2157 553 Virum
2209 493 2549 564 sanctum,

50 571 381 661 pudicum,
420 584 738 641 ornatum
783 571 1115 651 moribuS‚
1170 571 1428 641 bonum
1465 572 1835 654 doctorem,
1927 572 2094 649 ium,
2140 571 2549 653 modestum,

52 660 502 729 rationabilem
540 681 674 728 non
729 660 853 729 hoc
890 659 1133 729 debere
1183 661 1346 750 pati,
1399 659 1518 729 sed
1576 661 1818 731 debere
1916 661 2117 751 eponi
2167 660 2248 729 de
2296 680 2552 729 cruce:

46 746 188 835 quia
224 749 367 838 jam
398 748 704 818 secunda
750 749 860 818 die
901 749 970 817 in
1005 771 1207 818 cruce
1258 748 1544 838 positus,
1590 749 1935 818 veritatem
1972 749 2368 839 praedicare
2417 769 2552 816 non

47 850 265 909 cessat.
305 860 340 903 »
373 842 562 908 Tunc
596 842 869 927 AegeaS,
911 859 1277 928 pavescens
1328 837 1688 926 populum,
1742 850 1805 907 et
1887 839 2242 908 romittens
2275 859 2347 906 se
2395 858 2551 906 eum

44 924 381 1015 deponere,
436 926 644 997 simul
694 927 916 1017 coepit
948 927 1068 995 ire.
1100 930 1314 1008 Quem
1342 926 1581 995 videns
1617 930 1682 996 S.
1722 930 1813 995 An
1874 949 2043 1008 reas,
2084 926 2289 996 dixit:
2328 924 2555 1007 «Quid

47 1026 107 1082 tu
136 1014 215 1083 ad
266 1037 409 1095 nos,
468 1019 707 1105 Aegea,
752 1015 1050 1086 venisti?
1092 1016 1160 1084 Si
1212 1015 1310 1084 vis
1345 1015 1620 1085 credere
1669 1014 1966 1097 Christo,
2012 1016 2190 1084 sicut
2241 1013 2548 1104 promisi,

45 1103 362 1191 aperietur
398 1103 521 1172 tibi
559 1104 663 1172 via
719 1103 1210 1193 indulgentiae.
1267 1104 1334 1172 Si
1368 1116 1597 1174 autem
1650 1104 1892 1173 venisti
1939 1104 2024 1173 ad
2067 1104 2196 1173 hoc
2260 1114 2552 1181 tantum,

46 1203 110 1257 ut
139 1214 236 1261 me
274 1191 520 1273 solvas,
573 1214 698 1281 ego
751 1194 1021 1283 penitus
1079 1192 1240 1261 hinc
1288 1192 1372 1260 de
1421 1194 1552 1262 ista
1610 1214 1814 1262 cruce
1863 1193 2094 1262 vivens
2154 1192 2222 1260 in
2274 1212 2557 1279 corpore

47 1276 268 1367 deponi
304 1303 437 1350 non
480 1293 737 1369 potero.
773 1289 925 1351 Jam
981 1281 1167 1349 enim
1230 1287 1476 1351 Reoem
1523 1302 1751 1350 meum
1814 1281 2031 1361 video,
2079 1280 2225 1369 jam
2289 1279 2498 1348 adoro
2531 1332 2546 1357 ,

41 1366 169 1452 jam
211 1369 607 1459 conspectui
653 1369 803 1459 ejus
851 1370 1171 1440 consisto.
1229 1335 1365 1438 Sed⁵
1412 1368 1495 1438 de
1553 1369 1688 1438 tuis
1752 1370 2045 1441 miseriis
2107 1368 2339 1438 doleo:
2391 1367 2554 1454 quia

51 1468 299 1542 paratus
335 1470 393 1527 te
428 1471 773 1548 exspectat
819 1472 1137 1528 aeternus
1185 1457 1524 1527 interitus.
1580 1463 1786 1527 Curre
1837 1472 2072 1548 prote,
2116 1458 2345 1537 miser,
2383 1456 2551 1525 dum

48 1542 249 1615 adhuc
284 1560 493 1635 potes,
543 1569 627 1616 ne
677 1559 839 1616 tunc
889 1547 1179 1636 incipias
1214 1547 1404 1630 velle,
1442 1568 1603 1616 cum
1641 1568 1775 1615 non
1824 1547 2092 1636 poteris.
2131 1570 2166 1613 »
2219 1546 2551 1621 Mittentes

45 1645 244 1703 autem
294 1658 544 1705 manus
592 1635 678 1704 ad
727 1658 1000 1705 crucem
1050 1636 1432 1715 carnificeS,
1473 1657 1606 1704 non
1645 1636 2248 1725 poterantpenitus
2280 1633 2550 1703 contin-

45 1740 179 1807 gere
220 1745 397 1792 eum.
445 1730 523 1793 Et
565 1723 858 1794 subinde
883 1724 1003 1793 alii
1034 1737 1098 1793 et
1145 1723 1275 1793 alii·
1315 1725 1699 1813 ingerentes
1734 1746 1827 1805 se,
1868 1737 1941 1794 ut
1981 1724 2315 1795 solverent
2361 1742 2545 1801 eum,

44 1819 100 1875 et
128 1810 345 1881 nullus
388 1825 650 1902 poterat
688 1813 1067 1902 pertingere
1106 1811 1189 1880 ad
1225 1835 1410 1882 eum.
1465 1813 1841 1902 Stupebant
1878 1813 2059 1882 enim
2113 1811 2394 1881 brachia
2444 1831 2554 1879 eo-

48 1917 202 1978 rum,
252 1900 678 1988 quicumque
714 1924 784 1973 se
831 1901 1241 1971 extendisset
1278 1900 1364 1969 ad
1406 1899 1811 1971 solvendum
1863 1924 2047 1970 eum.

121 1986 152 2069 §
187 1993 325 2085 32.
379 1995 573 2059 Tunc
602 2012 758 2059 voce
805 2012 1053 2080 magna
1088 2000 1370 2059 sanctus
1402 1989 1702 2058 Andreas
1732 1990 1901 2059 dixit
1931 2015 1944 2053 ε
1983 2013 2018 2056 «
2047 1994 2138 2059 Ne
2171 1989 2546 2078 permittaS,

52 2072 301 2145 Domine
345 2083 515 2148 Jesu
565 2078 862 2159 Christe,
918 2101 1025 2148 me
1080 2078 1420 2149 famulum
1482 2092 1722 2157 tuum,
1790 2079 1910 2166 qui
1981 2092 2252 2168 propter
2302 2098 2551 2147 nornen

55 2168 215 2229 tuum
266 2167 529 2252 pendeo
580 2166 648 2234 in
699 2189 924 2247 cruce,
972 2165 1177 2250 solvi;
1242 2189 1361 2236 nec
1427 2168 1779 2254 permittas
1822 2190 2018 2248 eum,
2077 2168 2196 2254 qui
2227 2168 2371 2256 Jam
2439 2188 2557 2265 per

56 2266 291 2322 crucem
344 2268 560 2333 tuam,
613 2255 929 2345 cognovit
979 2255 1528 2345 magnitudinem
1590 2268 1803 2336 tuam,
1847 2256 1933 2324 ab
1984 2261 2220 2344 Aegea,
2279 2257 2554 2323 homine

57 2342 400 2431 corruptili,
438 2344 838 2413 humiliari:
894 2343 1008 2412 sed
1046 2345 1321 2434 suscipe
1358 2365 1462 2412 me
1499 2355 1594 2423 tu,
1645 2344 1969 2432 magister
2012 2365 2227 2427 meus,
2268 2343 2550 2423 Christe,

54 2443 222 2577 guem
255 2431 485 2514 dilexi,
544 2455 749 2520 quem
783 2433 1094 2522 cognovi,
1159 2455 1361 2520 quem
1410 2433 1759 2513 confiteor,
1799 2455 2002 2521 quem
2045 2455 2321 2502 cernere
2378 2432 2554 2500 desi·

87 2534 210 2609 pm,
247 2519 311 2588 in
346 2543 485 2608 quo
528 2544 681 2591 sum
734 2522 915 2608 quod
965 2545 1147 2590 sum.
1187 2521 1492 2611 Suscipe,
1546 2522 1826 2591 Domine
1873 2530 2036 2592 Jesu
2086 2523 2367 2600 Christe,
2414 2521 2556 2610 spi-

56 2613 231 2704 ritum
282 2631 511 2680 meum
545 2610 612 2679 in
657 2632 844 2699 pace;
896 2610 1221 2698 quiajam
1266 2622 1536 2700 tempus
1560 2623 1683 2692 est,
1730 2624 1802 2681 ut
1830 2612 2120 2690 veniam,
2153 2608 2552 2678 desiderans

52 2697 99 2783 te
142 2694 376 2767 videre.
446 2699 733 2788 Suscipe
786 2720 915 2780 me,
976 2699 1258 2767 Domine
1304 2705 1469 2768 Jesu
1519 2699 1799 2780 Christe,
1866 2700 2190 2790 magister
2227 2700 2425 2778 bone,
2493 2708 2556 2766 et

42 2776 179 2858 jube
218 2806 320 2854 me
366 2787 451 2856 de
518 2787 647 2856 ista
694 2809 897 2856 cruce
956 2809 1092 2856 non
1169 2787 1442 2876 deponi,
1504 2788 1634 2856 nisi
1729 2789 1870 2860 rius
1933 2789 2252 2877 spiritum
2319 2808 2547 2855 meum

52 2875 424 2968 susceperis.
463 2903 490 2942 ν
530 2880 607 2945 Et
654 2898 813 2945 cum
867 2875 1031 2945 haec
1065 2875 1364 2955 dixisset,
1423 2811 1811 2946 videntibus
1869 2877 2160 2957 cunctis,
2227 2875 2552 2965 splendor

53 2969 302 3055 sslmttuS,
357 2965 539 3034 sicut
570 2963 804 3054 fulgur
836 2963 919 3032 dc
966 2963 1154 3033 coelo
1219 2964 1517 3044 veniens,
1574 2965 1664 3034 ita
1701 2964 2158 3034 circumdedit
2216 2986 2408 3040 eum,
2474 2974 2551 3032 ut

53 3058 291 3123 penitus
327 3074 488 3139 prae
538 3053 685 3142 ipso
720 3052 1082 3142 splendore
1112 3051 1292 3120 oculi
1327 3075 1483 3121 eum
1523 3052 1812 3121 humani
1845 3075 1978 3121 non
2020 3065 2293 3140 possent
2321 3052 2551 3140 adspi-

49 3146 196 3201 cere.
220 3141 519 3228 Cumque
549 3144 1035 3231 permansisset
1062 3139 1383 3241 splendor
1412 3140 1546 3210 fere
1573 3141 1901 3210 dimidiae
1927 3142 2132 3210 horae
2159 3142 2401 3230 spati0,
2429 3141 2550 3208 ab·

50 3220 335 3295 Scedente
371 3229 654 3311 lumine,
692 3229 919 3298 emisit
949 3229 1295 3319 spiritum,
1333 3230 1538 3299 simul
1576 3253 1732 3299 cum
1768 3231 1916 3320 ipso
1958 3230 2218 3299 lumine
2261 3251 2551 3319 pergens

49 3303 117 3371 ad
164 3314 549 3398 Dominum,
602 3318 716 3386 cui
753 3330 853 3387 est
893 3317 1109 3387 honor
1141 3329 1204 3387 et
1237 3318 1453 3408 gloria
1490 3319 1557 3387 in
1591 3318 1822 3387 secula
1857 3318 2269 3399 seculorum,
2309 3323 2543 3386 Amen.

120 3396 151 3480 ἓ
193 3405 333 3473 m.
386 3406 735 3489 Quaedam
790 3429 943 3476 vero
990 3406 1310 3488 foemina,
1354 3408 1629 3476 nomine
1679 3407 2080 3488 Maximilla,
2142 3408 2439 3476 senatrix
2481 3406 2549 3474 in

46 3496 231 3565 specu
308 3495 500 3575 osita,
537 3494 830 3584 diligens
864 3496 1267 3585 pudicitiam
1304 3508 1367 3564 et
1393 3496 1843 3577 sanctitatem,
1870 3496 2097 3565 statim
2132 3511 2206 3565 ut
2238 3495 2554 3584 cognovit

48 3570 265 3674 Aposto
301 3604 411 3650 um
459 3584 833 3673 perrexisse
854 3583 940 3652 ad
980 3584 1368 3663 Dominum,
1404 3584 1690 3654 accessit
1723 3584 1808 3653 ad
1841 3607 2139 3660 crucem,
2177 3598 2241 3654 et
2268 3606 2549 3653 suorum

49 3656 263 3751 Splatio
310 3691 468 3739 cum
504 3673 694 3741 omni
742 3672 1117 3741 reverentia
1151 3671 1467 3760 deposuit
1513 3694 1787 3762 corpus,
1833 3686 1897 3741 et
1942 3671 2243 3743 condivit
2287 3695 2553 3742 aroma-

48 3743 229 3851 llbus,
271 3770 334 3826 et
367 3759 432 3827 in
480 3759 650 3842 loco,
702 3782 839 3848 quo
888 3781 958 3831 se
997 3746 1996 3849 constituerat'sepeliendam,
2054 3761 2195 3831 illic
2251 3783 2407 3830 eum
2453 3782 2553 3831 se·

49 3832 272 3927 pelivit.
323 3850 407 3916 Ae
460 3871 573 3918 eas
617 3870 768 3918 vero
820 3849 1034 3920 iratus
1082 3862 1320 3918 contra
1358 3848 1715 3938 populum,
1766 3849 2174 3939 disponebat
2214 3864 2552 3920 contesta-

49 3927 287 4031 ¹¹0¹¹fl311t
335 3956 426 4023 pu
482 3937 680 4007 licam
746 3937 1011 4016 facere,
1067 3949 1131 4006 et
1177 3937 1262 4006 ad
1336 3943 1685 4007 Caesarem
1751 3940 2251 4009 accusationem
2317 3951 2554 4008 contra

48 4006 457 4114 Maximillam
493 4039 581 4108 et,
610 4025 940 4114 populum
977 4025 1343 4094 destinare.
1380 4026 1507 4095 Sed
1542 4025 1706 4096 dum
1742 4028 2037 4108 ordinat,
2087 4028 2152 4097 in
2180 4038 2553 4115 conspectu

50 4093 231 4170 Offiett
278 4113 383 4179 sui
428 4138 463 4182 a
516 4114 790 4183 diabolo
838 4125 1150 4202 arreptus
1187 4126 1310 4195 est,
1349 4127 1414 4184 et
1460 4115 1531 4183 in
1578 4116 1800 4185 medio
1842 4116 1984 4186 foro
2031 4116 2324 4186 civitatis
2367 4113 2552 4181 volu-

49 4188 226 4271 tatus,
278 4203 656 4290 exspiravit.
695 4201 1109 4272 Nunciatum
1159 4216 1260 4271 est
1298 4202 1489 4273 fratri
1523 4203 1698 4291 ejuS,
1737 4205 1849 4274 cui
1901 4227 2146 4274 nomen
2182 4215 2325 4273 erat
2374 4205 2552 4270 Stra-

51 4272 253 4358 ²⁰0¹sss‚
305 4300 367 4357 et
414 4291 598 4360 misit
644 4311 871 4360 servos
924 4311 1125 4370 suos,
1189 4291 1493 4379 dixitque
1540 4294 1661 4373 eiS,
1699 4304 1774 4362 ut
1830 4294 2006 4363 inter
2052 4292 2487 4361 Biothanatos
2519 4287 2552 4321 '⁶

90 4385 112 4411 ⁸
138 4388 314 4447 Nempe,
337 4407 417 4453 qut
434 4410 583 4449 morte
603 4405 813 4449 violenta
829 4407 1126 4448 occumbunt.
1144 4409 1181 4447 Ε
1201 4418 1364 4457 graeco
1384 4409 1619 4450 vocabulo
1649 4399 1990 4472 βιὸὲανατος.
