2993 4837
51 356 210 420 OCT.
270 356 348 419 tt
844 368 1375 418 uanrvnonoomu
1438 367 1867 415 tntnsrnnun
2398 347 2564 418 917*

49 471 179 517 suae
235 452 537 516 naturalis
591 453 848 515 feritatis
894 452 1136 525 oblitae,
1180 451 1321 514 sub·
1383 447 2158 528 ubiaJustinopresbytero
2178 450 2657 528 baptizatus,ma·

46 535 211 595 missa
260 534 507 595 cervice
546 540 608 594 et
649 531 877 610 placide
923 531 998 594 ad
1042 547 1175 594 eam
1208 547 1321 593 ve·
1384 536 1616 592 tronam
1650 531 1975 608 quamdam
2010 533 2262 592 nomine
2300 530 2651 607 Eusiticam,

47 612 318 684 aiebant,
366 613 560 691 ipsius
602 625 820 673 manus
865 612 1162 690 pedesque
1206 610 1320 672 lin·
1379 604 1679 671 idolorum
1713 608 2062 684 cultricem,
2088 610 2245 687 apud
2279 627 2463 690 quam
2491 629 2654 674 anno

46 700 267 771 gentes.
298 693 477 755 Tunc
497 692 765 763 Praeses,
799 699 932 770 post
956 693 1159 753 varios
1188 707 1321 752 cru·
1380 690 1623 764 integro
1643 704 1777 749 cum
1804 689 2056 751 dimidio
2080 691 2413 769 hospitatus
2436 691 2654 769 fuerat,

46 773 246 846 ciatuS,
291 788 428 833 eam
474 771 655 832 simul
702 787 844 834 cum
888 772 1176 832 iratribus
1219 770 1322 833 de·
1373 769 1495 845 jam
1521 768 1661 830 fidei
1688 768 2055 831 rudimentis
2078 769 2381 834 imbutam
2404 772 2477 833 ad
2499 771 2655 833 Mar·

46 851 236 913 collari
278 852 502 928 jussit,
559 866 752 917 anno.
797 860 864 912 ut
914 849 1320 913 Bollandistae
1376 848 1600 910 cellum
1645 847 1865 925 Papam
1912 857 2190 912 recenter
2218 853 2481 913 electum
2511 868 2655 930 per-

47 937 332 1002 statuunt,
382 929 501 993 303
533 931 625 991 vel
661 928 797 993 304.
850 931 1182 1004 Martyrum
1229 946 1318 993 sa·

47 1027 173 1072 crae
216 1013 481 1073 exuviae
524 1027 556 1071 a
608 1008 969 1071 Christianis
1011 1009 1316 1085 collectae,

49 1096 217 1169 atque
239 1092 466 1168 dignae
488 1090 841 1167 sepulturae
862 1090 1110 1151 traditae
1122 1089 1313 1151 suere.

50 1169 265 1232 Verum
298 1170 460 1233 haud
487 1169 686 1233 multo
716 1177 867 1247 post,
896 1187 924 1230 a
957 1169 1315 1247 quibusdam

51 1254 232 1311 nautis
253 1251 533 1312 clanculo
554 1249 822 1322 effossae,
841 1249 910 1310 ad
935 1246 1315 1327 Campanum

52 1326 180 1389 litus
225 1330 579 1401 translatae,
612 1329 768 1407 apud
811 1329 1023 1391 urbem
1056 1328 1315 1390 Patriam

54 1408 241 1484 (vulgo
292 1410 483 1471 Torre
543 1408 609 1469 di
662 1408 909 1485 Patria)
969 1409 1316 1470 reconditae

57 1487 230 1550 fuere.
263 1488 606 1551 Patrienses
647 1504 818 1560 vere,
864 1490 974 1549 rati
1006 1488 1224 1549 divino
1257 1489 1315 1550 id

54 1564 257 1630 sactum
309 1583 594 1638 munere,
643 1584 761 1645 quo
802 1566 1159 1629 Sanctorum
1209 1567 1313 1629 bo·

54 1646 176 1706 nori
204 1664 386 1725 ocyus
416 1646 846 1717 consulerent,
878 1647 1188 1710 basilicam
1222 1649 1315 1709 in-

56 1730 130 1786 tra
166 1727 375 1789 urbem
410 1744 441 1789 a
474 1726 901 1789 fundamentis
931 1734 1311 1801 extruentes,

52 1807 217 1867 sacris
248 1806 399 1867 hanc
424 1807 762 1880 Martyrum
794 1806 1151 1884 pignoribus
1173 1823 1314 1869 con·

56 1882 412 1949 decoravere.
456 1886 577 1948 Sed
607 1901 745 1947 cum
791 1887 989 1949 Patria
1022 1889 1177 1949 circa
1208 1902 1312 1948 an·

58 1976 189 2025 num
247 1964 360 2026 455
421 1984 451 2029 a
517 1965 803 2027 Vandalis
868 1967 995 2027 solo
1061 1971 1310 2045 aequata

55 2051 212 2117 esset,
240 2061 402 2107 sacra
428 2045 773 2123 Martyrum
801 2062 1048 2125 corpora
1070 2062 1176 2124 per
1194 2045 1313 2107 200

58 2128 108 2179 et
132 2124 366 2201 amplios
394 2141 593 2186 annos
622 2126 754 2186 sine
787 2125 1016 2187 honore
1065 2125 1180 2188 sub
1209 2141 1311 2187 ru·

61 2196 275 2264 cleribus
317 2204 614 2267 derelicta
646 2205 923 2274 fuerunt,
951 2206 1151 2267 donec
1180 2204 1311 2266 Ste-

67 2279 270 2352 phanus
311 2281 360 2343 ΙΙ
395 2331 411 2357 ,
471 2282 1015 2358 Neapolitanorum
1058 2285 1313 2346 antistes

66 2359 190 2421 circa
236 2379 466 2426 annum
515 2361 632 2424 768
673 2362 902 2427 electus
936 2412 952 2435 ,
994 2363 1309 2444 Neapolim

67 2443 345 2504 transferri
405 2443 590 2522 jussit
619 2489 636 2514 ,
695 2451 879 2522 atque
944 2447 1007 2505 in
1061 2444 1306 2506 ecclesia

64 2514 112 2574 S.
149 2519 421 2584 Gaudiosi
452 2523 716 2584 solemni
769 2540 982 2603 pompa
1014 2525 1305 2603 reposuit.

63 2594 149 2658 OEx
197 2601 521 2681 Bolland.).

92 2752 181 2817 SS.
214 2757 701 2824 SATURNINUS
733 2778 807 2822 ΕΤ
841 2759 1084 2823 LUPUS
1124 2760 1264 2824 Mat.

403 2868 655 2932 Saeculo
697 2869 951 2931 incerte.

124 2994 461 3063 Manrvnot..
510 3033 584 3044 —
628 3001 779 3063 Item
811 3007 1157 3064 sanctorum
1188 3000 1309 3063 SA·

62 3085 285 3138 TURNINI
326 3087 387 3142 et
431 3082 604 3144 Lupi.

125 3152 411 3222 Videntur
464 3162 525 3222 hi
596 3167 900 3240 martyres
968 3177 1107 3223 cum
1178 3161 1311 3222 aliis

1377 928 1576 1001 duxit,
1610 934 1679 989 ut
1706 928 1780 990 ab
1801 945 1872 990 eo
1895 946 2059 991 sacra
2084 929 2462 1009 baptismatis
2492 933 2656 993 unda

1380 1008 1747 1085 tingeretur.
1794 1007 1959 1070 Idem
2025 1009 2303 1072 Pontifex
2368 1008 2654 1073 Gauden-

1380 1089 1556 1163 tium,
1602 1089 1777 1166 quus
1818 1096 2104 1151 sanctum
2139 1089 2390 1163 vivendi
2435 1105 2655 1170 propo-

1375 1167 1562 1229 situm
1607 1168 1708 1231 illa
1751 1170 2065 1230 occasione
2113 1168 2432 1243 didicerat,
2475 1171 2545 1232 ad
2590 1186 2657 1232 se

1374 1248 1717 1321 accersivit,
1749 1256 2114 1326 tonsumque
2156 1248 2506 1310 minoribus
2536 1250 2653 1311 ini·

1378 1328 1555 1388 tiavit
1596 1329 1936 1391 ordinibus,
1983 1327 2045 1390 S.
2092 1327 2451 1390 Melcliiades
2497 1328 2650 1407 Papa

1378 1407 1620 1470 videtur
1666 1411 1860 1486 ipsunt
1921 1409 2257 1469 sacerdotio
2301 1410 2649 1470 sacravisse.

1374 1486 1596 1549 Mirum
1622 1487 1911 1566 profecto,
1943 1495 2242 1564 quantum
2275 1485 2655 1550 Gaudentius

1372 1582 1514 1629 cum
1559 1567 1722 1629 hisce
1763 1583 2074 1630 sacrorum
2119 1567 2406 1629 ordinum
2450 1567 2650 1644 gradi-

1372 1647 1481 1708 bus
1524 1647 1709 1710 simul
1753 1647 2069 1709 adauxerit
2111 1647 2275 1708 vitae
2330 1649 2651 1710 austerita-

1374 1737 1513 1799 tem,
1548 1743 1690 1788 nam
1738 1737 1976 1805 praeter
2016 1726 2298 1804 quintam
2344 1726 2558 1789 seriam
2590 1735 2652 1789 et

1371 1807 1734 1867 dominicam
1766 1806 1926 1868 diem
1975 1805 2214 1867 nullum
2269 1808 2525 1869 omnino
2567 1808 2652 1869 ci·

1375 1886 1514 1947 bum
1544 1886 1836 1949 sumebat.
1858 1886 2041 1948 Fama
2074 1886 2394 1960 virtutum,
2428 1887 2656 1965 quibus

1372 1963 1638 2043 fulgebat
1671 1964 2072 2035 GaudentiuS‚
2106 1967 2302 2043 magis
2344 1981 2653 2045 magisque

1369 2042 1590 2106 Romae
1655 2045 2167 2118 increbrescente,
2226 2045 2289 2107 S.
2359 2044 2653 2108 Silvester

1370 2124 1521 2203 Papa
1568 2141 1728 2186 anno
1771 2125 1908 2195 327,
1953 2124 2022 2187 ad
2070 2141 2133 2185 se
2162 2140 2303 2185 eum
2349 2127 2649 2199 evocavit,

1367 2219 1598 2279 secum,
1621 2205 1809 2282 quoad
1838 2207 2017 2277 vixit,
2042 2204 2343 2268 detinens.
2369 2201 2520 2265 Cum
2544 2222 2647 2267 au-

1373 2291 1492 2344 tem
1556 2286 1968 2346 Ariminensis
2027 2282 2262 2360 praesul
2324 2283 2650 2347 defunctus

1367 2369 1545 2437 esset,
1576 2363 1761 2442 legati
1791 2362 1867 2427 ab
1895 2380 1961 2426 ea
2008 2363 2161 2426 urbe
2206 2363 2458 2424 Romam
2505 2380 2648 2428 cum

1368 2442 1589 2506 litteris
1602 2460 1848 2518 venere,
1872 2460 2142 2508 novuma
2158 2442 2447 2505 Pontiflce
2460 2442 2490 2502 J
2499 2444 2645 2520 uli0,

1368 2523 1475 2599 qui
1521 2522 1807 2586 Silvestro
1870 2539 2034 2585 anno
2097 2522 2214 2584 335
2254 2532 2646 2598 successerat,

1367 2603 1737 2678 postulantes
1758 2602 2244 2681 antistitem,qui
2264 2603 2644 2665 Ariminensi

1373 2681 1615 2760 populo,
1664 2684 1963 2745 haeretico
2027 2683 2370 2761 proconsuli
2428 2697 2646 2759 magna

1367 2777 1439 2821 ex
1461 2769 1628 2839 parte
1648 2763 2040 2836 auscultanti,
2064 2778 2246 2840 ocyus
2261 2761 2646 2825 subveniret.

1368 2839 1565 2902 Julius
1604 2849 1833 2917 autem,
1862 2845 2168 2922 perspecta
2195 2841 2316 2919 jam
2357 2841 2476 2903 viri
2513 2859 2647 2904 san·

1368 2921 1687 2995 ctimonia,
1732 2921 2144 2985 Gaudentium
2206 2928 2540 2994 consecrat,
2586 2932 2647 2984 et

1368 3014 1506 3061 cum
1533 3002 1667 3078 jure
1696 3000 1880 3078 legati
1914 3000 2291 3081 Apostolicae
2320 3002 2478 3063 sedis
2511 3004 2648 3063 Ari·

1371 3082 1613 3142 minum
1657 3081 1807 3157 (ital.
1851 3082 2133 3155 Rimini),
2164 3081 2401 3158 dirigit,
2432 3081 2645 3144 Roma-

1370 3161 1463 3219 nis
1510 3161 1662 3221 tanti
1693 3161 1812 3222 viri
1862 3160 2191 3222 discessum
2239 3160 2395 3223 haud
2430 3177 2645 3239 parum

61 3235 324 3303 passionis
376 3241 557 3302 sociis
628 3242 993 3319 martyrium
1049 3240 1310 3303 subiisse
1368 3237 1742 3314 lugentibus,
1806 3241 2160 3303 Adventare
2231 3239 2645 3303 Gaudentium

64 3323 113 3368 ¹11
170 3311 549 3394 Cappadocia,
597 3322 662 3382 in
713 3336 972 3397 quanam
1038 3321 1188 3382 urbe
1249 3328 1312 3382 et
1366 3319 1714 3397 episcopum
1736 3321 1859 3397 jam
1905 3325 2365 3397 praenuntiarat
2409 3321 2641 3381 Arimi-

61 3402 300 3461 quonam
348 3400 407 3458 in
441 3415 602 3462 anno
634 3399 809 3462 nobis
853 3415 972 3461 non
1005 3408 1096 3462 est
1138 3416 1306 3462 com·
1370 3399 1659 3461 nensibus
1702 3416 1935 3476 rumor,
1968 3416 2110 3462 cum
2141 3416 2278 3462 ecce
2319 3401 2645 3479 appropin-

66 3476 306 3539 partum.

114 3624 168 3686 S.
198 3629 676 3700 GAUDENTIUS
703 3636 907 3700 Ense.
942 3654 1015 3698 nr
1046 3638 1246 3701 MART.

296 3741 529 3805 Passus
571 3750 658 3806 est
699 3762 863 3810 anno
906 3744 1043 3807 360.

128 3862 470 3940 MARTYROL.
502 3913 576 3924 —
607 3879 879 3940 Arimini
909 3880 1101 3939 sancti
1131 3876 1304 3940 Gau·

64 3954 240 4008 namn
287 3951 557 4034 Episcopi
602 3967 665 4021 et
708 3958 1012 4034 Martyris,

97 4021 355 4112 ,Ephesm
374 4036 768 4100 celeberrima
795 4036 1105 4099 Inferioris
1131 4038 1307 4100 Asiae

63 4111 283 4170 civitate
308 4115 1304 4194 oriundussfiaudentius,paren-

69 4182 368 4273 tes‚nactus
390 4203 479 4256 est
506 4195 759 4259 Christia
772 4213 900 4267 nos,
922 4195 1155 4268 ambos,
1173 4197 1305 4273 qui-

68 4251 163 4348 bus
204 4280 258 4353 ¹.¹¹
301 4270 595 4338 dirissima
630 4276 992 4338 Diocletiani
1026 4283 1087 4336 et
1126 4276 1307 4337 Maxi-

72 4346 233 4402 miani
253 4358 660 4422 persecutione
682 4373 785 4433 pro
806 4356 922 4417 fide
944 4354 1305 4431 interiectiS,

1367 3485 1650 3555 quantem
1696 3482 1924 3542 civitati
1967 3479 2143 3542 obvia
2186 3480 2391 3558 populi
2438 3478 2648 3541 multi-

1370 3556 1512 3618 tudo
1532 3558 1780 3637 excipit,
1806 3566 2232 3638 pastoremque
2271 3576 2450 3622 suum
2489 3561 2644 3623 laeta

1364 3635 1610 3699 deducit
1669 3639 1742 3700 ad
1804 3637 1974 3700 urbis
2015 3648 2274 3716 portam.
2321 3639 2445 3700 Etsi
2497 3656 2646 3703 vero

1368 3715 1872 3790 vigilantissimus
1914 3727 2115 3795 pastor
2159 3733 2414 3795 gregem
2454 3736 2642 3781 suum

1367 3797 1598 3874 optime
1666 3798 2013 3871 custodiret,
2078 3799 2371 3876 impedire
2437 3807 2641 3861 tamen

1368 3892 1484 3937 non
1549 3878 1768 3953 potuit,
1814 3879 2127 3955 quoniam,
2170 3877 2399 3955 aliquot
2447 3894 2654 3941 annos-

1366 3962 1495 4033 post
1537 3971 1711 4017 suam
1742 3956 1813 4019 ad
1844 3957 2252 4036 episcopatum
2283 3961 2641 4036 assumptio-

1368 4051 1528 4108 nem,
1577 4038 1865 4097 universa
1918 4037 2328 4099 Ariminensis
2391 4037 2646 4100 ecclesia-

1368 4115 1607 4177 turbata
1673 4116 1857 4177 fuerit
1922 4116 1999 4177 ob
2062 4117 2509 4180 baereticorum
2578 4124 2641 4177 et

1365 4193 1640 4256 Martiani
1665 4193 2042 4273 proconsulis
2070 4197 2304 4275 dogma.
2325 4196 2640 4258 Haeresim

1368 4274 1522 4335 lianc
1553 4274 1842 4337 Arianam
1885 4274 2094 4351 fuisse,
2127 4293 2284 4354 quae
2326 4275 2438 4337 sub
2484 4273 2646 4336 Con·

1363 4353 1586 4414 stantio
1647 4356 2011 4432 imperatore
2073 4355 2388 4418 ecclesiam
2446 4354 2639 4415 vehe-

76 4406 1304 4512 Rolnamadbuccatechumenusperrexit3
1366 4439 1610 4494 menter
1652 4434 2009 4509 exagitavit,
2042 4433 2116 4496 ab
2152 4433 2449 4513 Ughellio,
2497 4434 2650 4495 Mai·
