2993 4837
52 320 190 387 nov.
245 321 280 385 4
845 341 921 385 na
970 341 1023 386 s.
1079 339 1318 387 canoro
1370 338 1703 386 nonaomzo
2326 325 2454 389 289
2503 334 2506 335 ’

67 423 268 490 iorum
342 423 706 491 hominum
777 423 1159 492 abutuntur
1230 424 1723 501 misericordia,
1788 426 1855 492 in
1922 424 2239 493 eumdem
2314 425 2539 495 locum

47 510 341 595 mmpelli,
393 525 575 580 certa
631 511 1004 601 disciplina
1051 513 1390 599 certisque
1445 513 1781 583 faciendis
1837 512 2164 603 operibus
2211 515 2543 584 contineri

47 661 52 664 .
120 600 284 668 ravit.
324 599 654 668 Sodalitia
703 622 976 687 quoque
1025 601 1384 670 hominum
1436 623 1700 680 eorum,
1754 603 1872 689 qui
1929 601 2184 688 alioqui
2237 600 2395 672 laici
2442 626 2549 672 or-

58 687 221 769 ‘inis
270 688 467 757 certis
521 689 679 777 piae
730 690 902 758 vitae
954 690 1221 778 legibus
1269 690 1757 770 continentur,
1809 689 2138 759 ecclesiae
2195 691 2325 759 sibi
2376 693 2550 763 assi-

47 790 251 858 „satae
284 777 548 846 cultum
596 791 1012 865 procurant,
1065 777 1254 849 festis
1303 778 1549 847 diebus
1598 778 1679 847 ad
1741 777 1949 847 simul
2002 779 2424 868 precandum
2478 782 2546 851 in

45 886 169 933 --ιιιι
211 867 645 946 conveniunt,
704 866 943 936 habitu
990 867 1072 936 ad
1128 867 1367 935 mundi
1419 879 1886 956 contemptum
1927 868 2550 957 poenitentiamque

49 997 54 1008 ·
90 954 549 1034 ncommodato,
590 954 909 1043 publicae
932 955 1456 1046 supplicationis
1484 957 1704 1045 gratia
1730 969 2013 1026 exeunt:
2046 956 2211 1025 haec
2234 957 2541 1043 inquam,

75 1093 80 1098 -
133 1064 287 1129 quae
332 1043 547 1113 multa
586 1044 737 1134 jam
790 1057 1029 1127 erant,
1094 1044 1334 1125 auxit,
1395 1058 1459 1112 et
1522 1044 1654 1113 alia
1707 1045 2046 1127 instituit3
2098 1066 2234 1131 qua
2293 1047 2551 1115 ratione

65 1159 94 1212 ‚a
131 1153 219 1200 am
273 1131 559 1202 lurimos
610 1133 699 1201 ad
753 1133 1098 1202 meliorem
1134 1134 1337 1202 vitam
1371 1131 1682 1215 adduxit,
1720 1133 1807 1202 ab
1845 1133 1982 1202 otio
2022 1133 2416 1221 vitiosisque
2455 1134 2552 1204 fa-

85 1220 174 1300 is,
265 1220 319 1288 ie
363 1221 560 1302 fest0,
621 1222 920 1291 traduxit
967 1222 1051 1291 ad
1105 1244 1210 1290 res
1258 1220 1642 1303 salutares;
1694 1243 1931 1291 eorum
1986 1234 2209 1291 tamen
2250 1223 2383 1292 insi
2439 1224 2552 1292 nia

95 1367 98 1372 .
129 1309 337 1377 aedam
368 1310 732 1399 privilegia
760 1310 914 1381 beni
972 1311 1180 1380 nitate
1209 1310 1614 1379 Pontificum
1653 1309 1743 1377 im
1800 1321 2034 1391 etrata,
2071 1311 2325 1397 quibus
2359 1334 2397 1381 a
2452 1314 2547 1381 uti

114 1396 265 1464 ultos
297 1398 392 1467 sic
441 1399 918 1490 animadverto
968 1414 1059 1479 at,
1104 1413 1182 1468 ut
1227 1398 1690 1468 ecclesiastica
1787 1399 2104 1488 isciplina
2152 1421 2550 1489 corrumpe·

117 1499 222 1566 tur,
271 1486 413 1575 ipse
458 1488 581 1574 qui
640 1509 865 1556 rerum
905 1489 1251 1558 veritatem
1306 1487 1713 1578 inspiciebat
1763 1510 2107 1578 praesenS,
2167 1488 2370 1557 rebus
2422 1494 2550 1558 Ro·

95 1596 200 1641 am
236 1576 479 1657 relatis,
524 1576 894 1663 temperari
935 1600 1012 1647 ac
1046 1577 1370 1645 imminui
1414 1578 1722 1649 curabat.
1779 1576 2190 1667 Religiosius
2238 1599 2393 1646 vero
2443 1599 2551 1648 so—

26 1716 29 1721 .
105 1662 320 1733 litium
374 1666 440 1734 in
497 1670 567 1734 S.
628 1666 925 1735 Mauritii
980 1665 1189 1734 tutela
1239 1666 1594 1735 constituit
1639 1687 1911 1745 eorum,
1958 1666 2077 1753 qui
2132 1667 2552 1735 matrimonii

26 1784 31 1809 ι
87 1764 333 1840 ·perteS‚
378 1755 445 1822 in
496 1767 849 1843 posterum
885 1776 1158 1842 quoque
1206 1754 1337 1822 sibi
1395 1754 1568 1822 vitae
1619 1754 1995 1823 castitatem
2043 1768 2544 1844 proponerent,

25 1892 32 1899 .
144 1839 385 1911 vivendi
437 1843 776 1912 rationem
828 1865 866 1912 a
925 1843 1225 1933 vulgaris
1263 1842 1787 1912 consuetudinis
1838 1842 2129 1911 vanitate
2169 1844 2548 1933 sejunctam

71 1943 74 1946 '
153 1928 638 2017 plecterentur3
691 1953 987 2018 quorum
1040 1934 1246 2021 opera
1294 1931 1608 2010 Carolus,
1665 1953 1821 1999 cum
1867 1929 2021 1999 aliis
2080 1932 2210 2019 piis
2258 1931 2546 2013 officiis,

77 2037 172 2096 pm
224 2019 285 2087 in
347 2019 754 2089 christianis
816 2020 1072 2089 scholis
1137 2019 1472 2088 habendis
1539 2018 1904 2109 praecipue
1967 2040 2135 2087 usus
2183 2032 2328 2088 est:
2402 2019 2554 2090 licet

103 2104 239 2175 ulto
270 2108 500 2197 plures
541 2131 626 2177 ea
660 2130 768 2177 res
820 2109 1121 2196 requirat
1159 2108 1529 2198 operarios.
1583 2111 1724 2175 Hae
1766 2106 2041 2175 scholae
2089 2106 2173 2175 ad
2226 2107 2550 2177 tradenda

89 2194 322 2272 ,mribus
366 2197 834 2284 foeminisque
884 2197 1250 2287 separatim
1303 2195 1720 2265 christianae
1753 2194 2104 2264 doctrinae
2138 2195 2548 2275 rudimenta,

120 2311 132 2340 ·-
200 2285 564 2368 ecclesias,
636 2285 798 2355 soris
855 2299 921 2356 et
985 2286 1054 2354 in
1121 2285 1289 2354 urbe
1354 2285 1606 2374 passim
1665 2283 2027 2352 habentur.
2097 2289 2554 2371 Unaquaeque

110 2367 273 2454 bola,
322 2387 385 2445 et
445 2375 673 2466 regios
712 2397 873 2446 suos
906 2374 1108 2446 habet
1151 2373 1619 2453 administros,
1672 2373 1789 2461 qui
1837 2372 2024 2444 sestis
2073 2371 2341 2452 diebus,
2397 2395 2557 2444 suos

97 2476 104 2515 ἰ
143 2461 304 2549 isque
352 2464 504 2533 loco
553 2478 620 2533 et
670 2486 974 2546 munere,
1025 2466 1087 2533 ei
1136 2464 1323 2554 operi
1376 2474 1662 2532 vacant:
1718 2462 2057 2531 universis
2092 2462 2408 2532 sacerdos
2457 2478 2557 2535 est

108 2550 421 2632 raefectuS,
482 2553 1003 2640 visitatoresque
1051 2553 1429 2631 constituti,
1481 2551 1739 2637 quibus
1788 2551 2032 2619 caeteri
2084 2552 2380 2620 ministri
2433 2551 2556 2620 sre-

79 2702 86 2707 .
137 2653 303 2708 enter
336 2641 421 2710 de
458 2641 823 2729 religiosae
869 2641 1371 2711 exercitationis
1407 2661 1774 2730 progressu
1809 2652 2124 2726 statuque
2156 2640 2342 2709 omni
2396 2640 2560 2709 rese·

109 2738 206 2807 nt,
243 2731 353 2816 qui
390 2731 602 2800 certis
644 2731 1067 2820 temporibus
1114 2728 1632 2799 communicent
1673 2728 1849 2797 inter
1886 2749 1979 2807 se,
2023 2729 2301 2815 locaque
2337 2730 2563 2818 perlu-

30 2893 39 2910 ‚
104 2829 256 2912 mrem,
292 2833 355 2888 et
393 2816 987 2907 quemadmodum
1032 2841 1102 2888 se
1153 2833 1258 2887 res
1293 2818 1583 2897 habeat,
1637 2817 1894 2904 ubique
1931 2816 2298 2906 diligenter
2346 2818 2559 2908 inspi-

98 2917 229 2980 ‚ant.
260 2911 437 2976 Haec
486 2907 878 2976 exercitatio
928 2921 1083 2977 ante
1133 2907 1348 2976 Caroli
1382 2906 1748 2976 adventum
1796 2906 1953 2975 boni
1985 2906 2111 2975 viri
2146 2906 2301 2976 laici
2337 2907 2562 2977 studio

30 3047 41 3090 Ξ
113 3018 133 3045 ¹·
171 3007 328 3083 vpta
364 3051 378 3077 ‚
437 3018 577 3066 non
631 2993 854 3063 solum
910 2997 1336 3096 ignorantiae
1387 2995 1568 3065 malo
1617 2995 1685 3063 in
1739 2994 1823 3064 iis
1870 3016 2044 3081 quae
2085 2995 2327 3065 salutis
2377 3009 2558 3068 sunt.

30 3145 40 3162 ,
100 3078 375 3165 edetur,
449 3083 569 3153 sed
645 3085 711 3151 in
775 3105 1070 3153 maxima
1131 3096 1194 3153 et
1251 3106 1459 3173 prope
1524 3083 1790 3152 infinita
1856 3082 2299 3152 multitudine
2349 3084 2564 3154 bonos

40 3221 45 3232 ,
111 3187 250 3239 iores
273 3174 815 3264 religiosumque
851 3172 1113 3241 cultum
1142 3184 1518 3241 conservat.
1556 3178 1642 3241 Ac
1681 3171 1764 3240 de
1801 3171 2196 3257 hujusmodi
2233 3173 2564 3242 institutis

32 3257 43 3356 ζ
99 3257 599 3357 scietatibusque
633 3261 930 3350 singulis
967 3260 1169 3351 leges,
1216 3262 1719 3350 praescriptave
1753 3259 2164 3347 conscripta,
2210 3272 2274 3329 et
2307 3280 2385 3328 ex
2425 3282 2564 3328 ma·

45 3398 48 3407 .
103 3366 170 3413 ιιι
205 3364 377 3436 parte
406 3351 596 3420 edita
634 3362 818 3418 sunt.
1375 3364 1379 3368 ·

32 3519 35 3526 pq
138 3435 166 3519 ξ
210 3442 413 3511 man.
469 3444 653 3508 Haec
702 3438 1110 3527 disciplinae
1158 3437 1813 3528 gubernationisque
1864 3437 2056 3515 ratio,
2113 3457 2288 3521 quae
2323 3448 2397 3504 ut
2449 3457 2568 3524 per

32 3529 35 3538 '
108 3541 170 3619 os
210 3524 343 3596 fieri
394 3528 641 3618 potuit,
696 3527 988 3596 breviter
1034 3526 1443 3596 adumbrata
1490 3538 1613 3605 est,
1670 3525 2090 3614 synodorum
2149 3524 2561 3613 provinciae,

113 3615 500 3703 :oecesisque
563 3614 853 3684 decretis
919 3616 1345 3694 continetur,
1417 3627 1561 3684 tum
1630 3636 1878 3704 magna
1926 3634 2198 3700 quoquo
2245 3634 2320 3681 ex
2384 3625 2571 3701 parte

111 3699 294 3780 dctis,
350 3704 1032 3794 praescriptionibus,
1088 3704 1390 3783 monitis,
1447 3702 1687 3771 litteris
1737 3702 2073 3793 publicis„
2127 3723 2300 3789 quas
2350 3696 2612 3790 pasto-⁸

108 3785 213 3859 les
257 3792 516 3873 dicunt,
569 3792 994 3883 explicatur:
1066 3814 1359 3879 quorum
1431 3813 1755 3882 magnum
1819 3791 2137 3860 volumen
2198 3789 2411 3858 edidit
2461 3794 2572 3858 Pe·

111 3961 121 3972 .
160 3899 186 3944 s
215 3880 592 3964 Galesinus,
631 3882 1144 3969 inscripsitque,
1182 3885 1349 3950 Acta
1396 3882 1732 3950 Ecclesiae
1763 3882 2318 3959 Mediolanensis;
2356 3879 2574 3947 incre-

109 3963 228 4033 thili
263 3969 488 4040 studio
523 3992 707 4040 nunc
741 3973 827 4041 ab
858 3970 1184 4040 omnibus
1208 3970 1395 4039 orbis
1429 3969 1789 4038 christiani
1823 3966 2136 4059 partibus
2166 3967 2566 4056 expetitum.

113 4054 518 4146 piscoporum
570 4059 863 4129 concilia
910 4080 1024 4129 sex
1074 4081 1233 4129 cum
1284 4057 1749 4137 celebraverit,
1804 4070 1877 4127 ut
1927 4057 2074 4125 suis
2125 4055 2294 4125 locis
2345 4055 2412 4123 in
2466 4051 2575 4123 hi-

128 4143 240 4212 tria
285 4147 653 4237 tetigimus,
710 4169 820 4218 sex
865 4148 1072 4217 etiam
1119 4146 1332 4217 edidit
1381 4145 1811 4216 decretorum
1864 4143 2220 4215 volumina
2252 4199 2266 4224 ,
2322 4143 2570 4213 iisdem

109 4252 263 4302 rum
301 4234 437 4306 fere
482 4236 851 4328 generibus
902 4237 1252 4325 titulisque
1299 4235 1668 4314 distincta;
1721 4255 1897 4321 quae
1943 4232 2174 4300 omnia
2227 4233 2295 4300 in
2348 4255 2568 4303 unum

97 4341 169 4411 ju·
213 4344 311 4405 us,
354 4326 482 4395 sub
526 4326 765 4397 iisdem
803 4327 1146 4416 capitibus
1195 4344 1632 4414 componere,
1673 4322 1754 4390 ad
1800 4321 2175 4391 faciliorem
2213 4343 2417 4390 usum
2456 4345 2578 4392 cu-

105 4405 169 4475 =ie
213 4425 295 4489 at,
341 4414 621 4503 jamque
676 4437 852 4505 opus
898 4415 1042 4505 ipse
1093 4411 1588 4504 propemodum
1665 4412 2070 4488 absolverat,
2123 4429 2278 4476 cum
2330 4432 2408 4479 ex
2452 4413 2580 4481 hac

214 4529 441 4589 surius
471 4564 493 4577 ·
536 4531 711 4592 Vitae
743 4532 847 4594 SS.
882 4566 896 4576 ·
929 4530 1067 4592 Vol.
1106 4529 1201 4588 xi.
2392 4525 2465 4586 ¹9
