2993 4837
474 339 638 410 938*

1168 355 1698 405 uARTYROLOGtUu
1759 354 2196 403 ILLUSTRATUI

2659 336 2898 404 01:1AE

382 442 539 522 ignis
580 440 894 502 avelleret.
934 438 1079 500 Post
1123 437 1270 499 baec
1297 437 1549 499 Praeses
1575 436 1648 499 ad
1710 435 1885 498 incisi
1932 435 2272 515 penetralia
2327 437 2523 498 cordis
2571 444 2633 498 et
2683 436 2896 501 inuh

378 522 630 585 Sanctos
651 536 790 582 cum
825 517 1193 597 templorum
1221 518 1649 590 sacerdotibus,

379 602 625 679 profana
669 615 830 660 sacra
864 605 926 659 et
970 598 1240 659 infelices
1279 595 1489 674 epulas
1518 612 1654 675 por-

379 681 643 742 tantibus
674 682 737 740 in
783 679 984 739 iorum
1015 677 1385 753 ingreditur3
1415 684 1477 737 et
1507 692 1650 739 cum

375 760 625 822 Sanctos
667 758 738 820 ad
800 757 1108 819 Christum
1164 757 1509 833 negandum
1553 772 1654 818 co·

376 856 519 915 gere
550 855 671 900 non
704 838 952 910 valeret,
986 834 1241 899 miratus
1264 852 1478 898 eorum
1510 852 1649 898 con-

373 922 685 988 stantiam,
720 918 906 996 recipi
940 933 1043 979 eos
1089 921 1151 977 in
1196 932 1504 977 carcerem
1529 917 1651 994 J'us·

375 1001 472 1060 sit.
515 998 747 1072 Quibus
778 997 1195 1076 pergentibus,
1230 998 1493 1073 protervi
1527 998 1651 1074 qui·

374 1080 508 1141 dam
552 1077 902 1156 Philippum
933 1076 1057 1138 solo
1083 1092 1257 1154 saepe
1290 1075 1647 1147 tundebant,

375 1166 441 1219 ut
486 1174 592 1219 nec
637 1158 739 1218 illo
774 1157 1020 1235 quidem
1057 1164 1344 1233 tempore,
1377 1171 1496 1233 quo
1529 1155 1650 1217 ibat

373 1238 445 1299 ad
502 1251 831 1310 carcerem,
879 1252 1102 1297 vacuus
1155 1242 1311 1296 esset
1353 1250 1385 1295 a
1432 1250 1644 1312 poena.

373 1316 490 1379 Sed
546 1320 689 1378 haec
732 1318 956 1378 virtute
987 1315 1201 1393 plenus
1250 1322 1374 1375 tam
1420 1314 1650 1391 placido

374 1398 548 1458 vultu
583 1396 879 1476 portabat,
912 1404 980 1455 ut
1010 1398 1382 1456 mirarentur
1422 1394 1644 1471 singuli

376 1485 461 1537 tot
487 1477 698 1538 acerba
732 1493 761 1536 a
795 1491 940 1536 sene
986 1483 1260 1536 contenta
1306 1482 1515 1535 mente
1561 1481 1648 1533 to-

373 1554 573 1617 lerari.
623 1556 833 1616 Paucis
862 1556 925 1615 in
969 1570 1213 1615 carcere
1243 1553 1461 1614 diebus
1505 1554 1646 1617 effe-

370 1637 522 1708 ctiS,
569 1635 866 1696 Pancratii
931 1635 1238 1713 cujusdam
1290 1633 1508 1695 domus
1561 1636 1648 1693 vi-

370 1716 505 1776 cina
537 1714 925 1791 complacuit,
958 1716 1018 1775 in
1049 1730 1164 1790 qua
1212 1712 1329 1774 sub
1370 1713 1643 1775 custodia

369 1795 797 1871 reciperentur
863 1794 1141 1870 hospitio,
1200 1792 1266 1852 In
1326 1808 1394 1854 ea
1452 1794 1646 1869 igitur

368 1882 848 1944 commanenteS,
896 1874 1114 1935 fratres
1146 1873 1424 1934 certatim
1468 1873 1540 1933 ad
1583 1890 1645 1932 se

370 1952 632 2014 fluentes
689 1954 936 2014 monitis
979 1953 1347 2014 salutaribus
1408 1951 1644 2014 imbue·

371 2032 544 2104 bant;
578 2034 656 2094 ob
677 2049 855 2110 quam
902 2047 1141 2093 causam
1186 2035 1402 2093 iterum
1432 2035 1493 2091 in
1520 2046 1643 2094 car·

369 2127 572 2173 cerem
609 2114 1009 2174 reducuntur.
1055 2111 1254 2183 Quum
1287 2112 1431 2171 haec
1461 2111 1642 2186 fiunt,

368 2190 545 2253 Basso
595 2192 848 2270 praesidi
890 2208 1191 2253 successor
1231 2206 1492 2263 annuus,
1540 2207 1640 2253 no·

368 2274 537 2333 mine
566 2272 869 2343 Justlth,
900 2271 1168 2342 advenit,
1194 2272 1295 2348 qui
1328 2270 1440 2331 sibi
1476 2287 1641 2348 prae-

366 2358 672 2413 sentatum
706 2350 1075 2430 Philippum,
1107 2366 1245 2411 cum
1287 2351 1342 2410 ei
1388 2366 1512 2411 non
1542 2352 1642 2412 ob·

370 2440 762 2510 temperaret,
809 2448 911 2508 per
952 2432 1213 2492 mediam
1260 2430 1476 2491 urbem
1509 2434 1641 2491 vin-

366 2519 532 2574 ctum
566 2511 819 2589 pedibus
843 2510 997 2572 trabi
1016 2511 1159 2586 jussi
1174 2516 1214 2570 t.
1233 2509 1369 2583 Qui,
1387 2513 1642 2588 acceptis

368 2597 455 2652 tot
491 2590 732 2653 silicum
775 2590 1109 2652 offensione
1154 2589 1536 2662 vulneribus,
1580 2597 1641 2651 et

365 2687 472 2750 per
493 2670 731 2747 singula
756 2670 1029 2731 membra
1053 2669 1372 2738 laceratus,
1397 2685 1638 2731 rursum

362 2751 434 2811 ad
479 2766 781 2813 carcerem
816 2751 1078 2811 fratrum
1110 2748 1388 2810 manibus
1431 2764 1642 2826 repor-

364 2836 547 2891 tatur.
586 2830 815 2891 Deinde
848 2831 1089 2905 magnis
1132 2827 1427 2905 agebatur
1456 2844 1638 2889 excu-

363 2910 501 2982 biis,
549 2917 615 2968 ut
657 2910 918 2970 Severus
972 2908 1281 2984 presbyter
1327 2910 1640 2969 iuvenire·

364 2997 485 3062 tur,
530 2991 634 3065 qui
685 3006 747 3050 se
796 2988 1225 3050 occultioribus
1266 2987 1516 3049 latebris
1566 2989 1641 3050 ab

361 3069 765 3146 exquisitione
804 3069 1211 3130 subtraxerat.
1254 3066 1446 3139 Quem
1496 3083 1638 3129 cum

363 3150 730 3224 investigare
763 3164 884 3209 non
918 3157 1177 3224 possent,
1212 3147 1473 3225 impulsu
1507 3164 1638 3208 san-

360 3229 439 3291 cti
488 3227 776 3308 Spiritus,
830 3237 1040 3306 sponte
1090 3229 1152 3288 in
1198 3228 1467 3289 medium
1514 3228 1639 3304 ipse

359 3309 660 3387 prorupit.
695 3309 845 3370 Cum
878 3324 1021 3384 ergo
1062 3309 1129 3368 ad
1174 3307 1469 3384 judicium
1501 3308 1635 3368 fuis-

360 3395 451 3449 set
508 3389 822 3460 adductus,
880 3395 940 3449 et
1001 3386 1340 3448 sacrificare
1405 3388 1634 3460 nollet,

359 3483 501 3529 cum
557 3467 693 3529 aliis
736 3469 1169 3529 incarceratur.
1221 3465 1332 3527 Ubi
1380 3483 1486 3545 per
1529 3482 1636 3527 sex

360 3550 651 3608 continuo
683 3562 920 3609 menses
943 3551 1154 3624 putore
1185 3545 1438 3607 confecti
1471 3553 1633 3608 sunt.

358 3625 527 3687 Tunc
550 3628 1006 3703 Adrianopolim
1031 3627 1063 3662 *
1090 3641 1190 3687 eos
1217 3624 1434 3686 adduci
1471 3642 1638 3702 prae-

359 3708 539 3785 cepit,
575 3706 679 3768 ubi
713 3707 956 3768 Praeses
999 3709 1060 3766 in
1114 3707 1368 3766 thermis
1398 3706 1636 3782 publice

358 3788 655 3861 residens,
690 3787 1037 3864 Philippum
1079 3785 1534 3847 inobedientem
1567 3785 1633 3846 li-

357 3868 485 3942 gari
525 3868 705 3942 jussit
734 3874 793 3928 et
825 3866 1015 3941 virgis
1048 3865 1384 3926 verberari.
1417 3863 1481 3926 In
1513 3881 1633 3942 quo

355 3946 714 4008 incredibile
746 3945 1103 4008 miraculum
1147 3947 1448 4022 apparuit.
1481 3945 1630 4005 Nam

353 4042 494 4166 pars
538 4026 721 4097 linea,
752 4041 905 4104 quae
937 4025 1256 4085 honestum
1291 4030 1501 4101 pectus
1530 4041 1633 4084 ve-

377 4105 537 4179 abat,
564 4105 761 4168 illaesa
791 4105 1141 4184 permansit3
1170 4103 1263 4165 illa
1293 4120 1455 4176 veru,
1479 4119 1633 4180 quae

355 4184 608 4248 dorsum
662 4186 922 4261 tegebat,
959 4201 1067 4262 per
1110 4190 1307 4262 partes
1341 4190 1513 4261 rupta
1545 4185 1632 4244 di·

356 4268 578 4328 scessit..
646 4263 869 4327 Omnes
934 4265 1132 4343 itaque
1193 4271 1362 4324 artus
1420 4263 1632 4324 ictibus

1709 517 2074 594 pandebant.
2141 515 2409 579 Securus
2470 524 2674 579 tamen
2711 516 2891 579 Q

1711 597 1935 659 Christi
2009 597 2422 676 perdurabat;
2493 596 2661 673 cuius
2691 596 2886 659 m

1707 678 1982 740 Justinus
2022 677 2292 756 expavit,
2338 686 2400 740 et
2441 677 2627 753 recipi
2661 676 2878 761 amp·

1707 759 1785 818 sit
1827 761 1892 820 in
1938 773 2280 820 carcerem:
2332 760 2394 817 in
2424 773 2549 835 quo
2573 750 2874 819 Sanu-

1710 838 1760 898 la
1836 838 2025 900 sensit
2112 839 2497 899 incommoda
2525 883 2540 907 ,
2613 853 2710 913 ope
2863 872 2864 875 =

1707 917 1998 994 angelica.
2028 917 2168 978 Post
2199 916 2482 978 triduum
2513 914 2749 977 tribuni

1711 1012 1824 1058 nus
1857 997 2150 1068 ascendit,
2179 1002 2243 1058 et
2270 1003 2517 1057 sanctos
2548 995 2864 1072 phium

1708 1076 1973 1138 Hermen
2010 1077 2307 1155 praecepit
2338 1076 2588 1148 adduci,
2615 1086 2676 1136 et
2710 1070 2870 1139 sitit}

1708 1172 1846 1217 rum
1899 1173 2016 1218 non
2074 1158 2555 1233 acquiescentes,
2602 1146 2878 1230 vivusffl

1711 1236 1978 1310 incendi,
2011 1236 2231 1297 Severo
2261 1235 2463 1295 solum
2514 1237 2581 1297 in
2619 1230 2884 1297 carum}

1709 1318 1937 1377 relicto.
1996 1317 2125 1388 Quo
2178 1323 2396 1375 orante
2455 1330 2540 1376 ne
2586 1308 2892 1392 indignat

1709 1396 1818 1457 hac
1866 1398 2138 1472 passione
2186 1402 2528 1471 separetur,
2577 1390 2894 1472 postem&

1705 1475 1864 1552 quod
1900 1472 2240 1550 postulabat
2265 1476 2520 1552 accepit.
2557 1471 2902 1553 ltaqueetip

1706 1571 1841 1615 cum
1891 1555 2007 1616 illis
2048 1556 2270 1633 quibus
2311 1555 2557 1616 vixerat
2598 1552 2902 1617 contem

1707 1632 2072 1711 ingreditur3
2107 1641 2170 1695 et
2204 1637 2326 1694 voti
2360 1650 2612 1713 compos
2640 1626 2902 1693 non*

1703 1730 1859 1792 quae
1915 1713 2215 1793 poscebat,
2272 1714 2574 1787 obtinuit,
2642 1712 2744 1773 sed
2786 1708 2902 1773 eh

1705 1795 1842 1866 cito,
1872 1793 2032 1870 quod
2078 1793 2432 1871 quaerebat,
2467 1794 2734 1855 invenit.
2763 1789 2902 1857 B&

1705 1888 1852 1933 vero
1882 1872 2196 1951 Philippus
2227 1873 2516 1935 manibus
2538 1866 2898 1951 portabam

1703 1951 2042 2014 flammam:
2090 1952 2259 2014 dolor
2303 1953 2471 2013 enim
2541 1954 2764 2031 pedum
2801 1948 2900 2015 ff

1702 2044 1858 2093 eum·
1893 2032 1983 2093 ire
2013 2047 2134 2093 non
2178 2047 2386 2110 passus
2414 2042 2530 2095 est.
2571 2031 2764 2103 Quem
2801 2026 2902 2091 Ιώ

1704 2128 1875 2189 passu
1920 2112 2291 2190 sequebatur
2332 2111 2614 2183 HermeS,
2655 2110 2905 2185 similist

1701 2191 1848 2252 dum
1888 2190 2101 2253 dolore
2143 2193 2535 2255 constrictus.
2583 2184 2904 2269 Cumque&

1702 2269 1899 2331 locum
1944 2274 2393 2350 pervenissent,
2450 2272 2762 2334 carnifices
2807 2266 2912 2330 beni

1700 2349 1959 2428 Philippi
1996 2352 2175 2429 pedes
2206 2353 2401 2412 humo
2446 2368 2648 2431 usque
2671 2351 2738 2412 ad
2757 2362 2917 2425 genua

1704 2437 2014 2500 texerunt,
2056 2429 2348 2508 adligatas
2394 2441 2530 2509 post
2575 2441 2788 2509 tergum
2823 2442 2922 2514 maj

1701 2527 1817 2571 nus
1859 2510 2169 2573 claviculis
2200 2514 2261 2572 in
2295 2511 2456 2573 fuste
2497 2514 2751 2590 figent&-
2779 2505 2923 2568 Simi-

1702 2589 1839 2651 liter
1888 2598 1952 2652 et
2011 2598 2285 2652 sanctum
2332 2591 2609 2653 Hermen
2665 2591 2914 2668 aptarunt.

1701 2670 1875 2731 Tunc
1903 2688 1932 2731 a
1966 2670 2271 2731 ministris
2299 2671 2554 2733 {lamma
2585 2667 2913 2750 supponitur.

1696 2746 1925 2820 Quibus
1967 2748 2388 2823 audientibuS,
2438 2752 2729 2829 quamdiu
2767 2757 2918 2809 semo

1698 2829 1969 2903 duravit,
2014 2832 2239 2906 gratias
2287 2832 2560 2893 Aeterno
2621 2828 2914 2891 reductam-

1699 2906 1850 2983 lgne
1904 2925 2050 2970 vero
2113 2919 2409 2982 cessante,
2458 2911 2611 2972 facie
2668 2910 2914 2992 florenis}-

1695 2996 1755 3047 et
1797 2987 1997 3051 colore
2040 2991 2284 3066 pretiosi
2330 2987 2912 3069 apparuerunmpin·

1701 3067 1857 3128 tibus
1888 3067 2141 3129 redditis
2191 3068 2503 3138 Creatori;
2549 3084 2800 3146 quorum
2827 3077 2910 3126 α-

1697 3161 1834 3222 pora
1900 3148 2077 3226 jussit
2156 3148 2402 3211 Praeses
2482 3150 2648 3212 Ebro
2717 3143 2904 3211 naid!

1699 3227 1918 3304 mergi.
1952 3227 2121 3300 Quod
2151 3245 2295 3290 cum
2327 3229 2544 3290 suisset
2573 3229 2899 3310 (actuumq-

1697 3321 1801 3365 nes
1866 3307 2440 3384 Adrianopolitanae
2505 3310 2772 3370 civitatis
2815 3303 2901 3372 *ἢ

1694 3401 1840 3464 quos
1882 3386 1990 3447 Dei
2046 3387 2246 3448 cultus
2305 3388 2586 3466 urgebat,
2632 3391 2794 3450 tanta
2825 3391 2908 3446 αἱ·

1692 3465 1940 3527 delitate
1984 3468 2315 3547 perspecta,
2363 3470 2515 3528 retia
2584 3476 2810 3547 parant,
2845 3475 2912 3546 85

1696 3545 1853 3621 vigia
1919 3548 2378 3618 conscendunt,
2442 3549 2492 3608 si
2555 3550 2648 3610 cui
2716 3549 2911 3626 piscanti

1694 3626 1948 3686 veniant
2016 3637 2372 3689 sanctorum
2442 3642 2730 3704 corpora,
2791 3627 2912 3700 gnta

1693 3713 1963 3781 captura.
2009 3706 2240 3780 Quibus
2293 3708 2615 3769 orantibus
2681 3721 2797 3768 non
2834 3716 2912 3760 ue·

1692 3791 1890 3861 gatur.
1933 3784 2086 3847 Nam
2118 3801 2254 3847 mox
2302 3785 2508 3849 illesae
2552 3787 2826 3863 reliquiae
2850 3783 2912 3840 in-

1691 3861 1930 3925 volutae
1954 3865 2187 3927 retibus
2210 3867 2644 3939 extrahuntur,
2660 3862 2911 3927 eldeum*

1689 3943 1764 4005 ab
1804 3958 1872 4005 ea
1919 3945 2069 4006 urbe
2104 3947 2299 4023 lapide
2344 3962 2486 4007 cum
2533 3961 2740 4023 magna
2778 3943 2907 4003 dew-

1694 4025 1855 4084 tione
1887 4025 2252 4086 conduntur.
2283 4052 2307 4080 n
2353 4025 2534 4088 Nunc
2583 4037 2774 4087 autem
2813 4024 2906 4080 bre

1691 4104 1848 4163 vitet·
1893 4104 2065 4165 uobis
2108 4112 2199 4166 est
2238 4105 2831 4166 animadvertendum
2862 4103 2901 4156 in

1689 4199 1959 4245 errorem
2008 4184 2288 4246 incidisse
2324 4185 2677 4253 Baronium,
2703 4181 2800 4243 sub
2827 4177 2901 4235 1⁸·

1690 4261 1850 4325 liano
1891 4265 2187 4342 ·Apostata
2259 4265 2367 4325 hos
2411 4267 2703 4344 Martyres
2753 4269 2898 4340 pest&

416 4392 440 4415 ¹·
473 4392 816 4440 Hadrianopolis
843 4391 920 4430 vel
940 4390 1253 4440 Adrianopoli's
1272 4390 1365 4429 sita
1382 4387 1523 4429 estin
1541 4390 1632 4429 Ru·
1687 4388 1828 4439 regis.
1857 4392 1892 4430 A
1921 4391 2087 4430 ‘furcis
2114 4393 2343 4440 occupata
2379 4392 2476 4432 fnit
2512 4400 2632 4431 anno
2668 4388 2772 4430 18⁶8.
2801 4384 2896 4423 ³¹²³

358 4450 526 4498 melia,
552 4453 845 4501 habeturque
885 4453 1091 4493 secunda
1132 4454 1405 4493 ottomnnicl
1446 4454 1631 4502 imperii

1693 4455 1890 4492 cher-neb
1917 4454 2127 4494 vocntur.
