2993 4837
489 323 616 388 742
1114 339 1192 384 m:
1240 339 1294 385 s,
1350 337 1703 387 snunmno
1750 338 1848 385 nr.
1901 338 1977 385 ar
2023 334 2216 385 nar.
2609 318 2775 383 NOV.
2811 322 2874 385 29

399 426 594 495 turba
633 424 907 492 eminus
942 423 1274 512 agnoscit,
1309 434 1375 491 et
1407 422 1614 492 dicit:
1656 445 1692 489 «
1727 428 1822 491 En
1855 424 2082 512 ipsum
2120 420 2590 490 adversarium
2624 422 2880 491 cultibus

398 525 668 583 nostrae
698 511 1049 600 religionis
1073 510 1507 600 signiferum,
1540 512 1658 597 qui
1686 511 2100 581 destruenda
2128 510 2479 600 praedicat
2508 510 2767 600 templa,
2793 512 2883 597 qui

398 602 559 671 deos
596 613 860 669 nostros
901 600 1315 669 daemonum
1353 600 1814 689 appellatione
1861 599 2311 679 condemnat;
2355 599 2563 689 cujus
2595 612 2879 688 postremo

400 690 783 791 praesentia
824 698 1148 759 consueta
1189 710 1313 757 nos
1364 689 1680 777 prohibet
1726 689 2035 758 obtinere
2081 709 2438 777 responsa.
2495 693 2727 773 Itaque
2761 689 2872 773 quia

402 801 629 867 ipsum
658 778 855 847 nobis
876 788 1262 866 opportuno
1285 777 1349 844 in
1376 793 1676 867 tempore
1694 777 1999 846 debitusi
2011 777 2112 866 psi
2137 774 2298 845 finis
2316 777 2620 857 exhibet,
2643 789 2872 845 nostram

399 868 652 956 pariter
674 866 1098 951 deorumque
1115 879 1501 935 nostrorum
1527 865 1959 935 vindicemus
1984 865 2339 951 injuriam,
2367 866 2700 953 quosjam
2725 887 2880 935 nuuc.

397 954 972 1043 compellentibus
1007 954 1228 1035 nobis,
1268 968 1386 1024 aut
1416 954 1874 1023 sacrificando
1911 955 2150 1043 placet,
2191 968 2313 1021 aut
2349 955 2709 1023 moriendo
2740 954 2886 1021 laeti·

398 1045 573 1113 ficet.
613 1066 650 1108 »
685 1044 774 1111 Ad
813 1064 1016 1130 quem
1041 1043 1415 1131 sacrilegae
1449 1044 1629 1111 vocis
1654 1043 2062 1132 impulsum,
2103 1043 2332 1112 omnis
2359 1056 2680 1112 sanctum
2715 1043 2892 1109 virum

400 1132 891 1201 insanientium
945 1131 1143 1200 turba
1193 1132 1600 1212 circumdat,
1640 1154 1718 1200 ac
1761 1131 2153 1220 presbytero
2187 1152 2329 1199 uno
2363 1154 2446 1200 ac
2487 1131 2759 1199 duobus
2787 1130 2890 1197 dia·

395 1221 709 1300 conibuS,
769 1220 885 1307 qui
951 1219 1299 1305 obsequiis
1353 1221 1504 1307 ejus
1552 1220 2039 1299 adhaeserant,
2097 1241 2215 1308 per
2261 1219 2506 1308 fugam
2562 1220 2790 1309 lapsis,
2832 1216 2891 1285 ad

398 1309 803 1399 Capitolium
857 1308 1046 1378 solus
1084 1308 1488 1389 attrahitur;
1527 1321 1591 1378 et
1638 1332 1795 1377 cum
1850 1308 2206 1377 immolare
2245 1307 2714 1377 daemonibus
2740 1328 2894 1395 coge-

396 1410 603 1477 retur,
660 1397 845 1465 clat·a
896 1418 1056 1465 voce
1118 1408 1437 1465 testatur:
1488 1420 1523 1462 «
1579 1402 1802 1466 Unum
1853 1408 1916 1466 et
1966 1419 2200 1468 verum
2252 1401 2467 1465 Deum
2527 1398 2723 1475 novi;
2773 1398 2894 1465 huie

398 1485 626 1555 laudis
656 1485 913 1555 hostias
949 1484 1268 1565 immolo;
1302 1485 1463 1554 deos
1499 1508 1653 1555 vero
1678 1498 1932 1555 vestros
1959 1485 2328 1554 daemones
2361 1507 2516 1553 esse
2551 1487 2735 1555 scio:
2768 1505 2897 1571 quas

397 1576 747 1643 incassum
800 1595 933 1641 non
989 1586 1122 1641 tam
1176 1574 1417 1644 hostiis
1459 1574 1840 1662 pecudum,
1878 1596 2084 1661 quam
2121 1574 2516 1642 animarum
2560 1588 2893 1644 vestrarum

398 1663 732 1732 mortibus
781 1662 1154 1730 honoratis.
1194 1662 1548 1743 Quomodo
1597 1675 1822 1732 autem
1859 1662 2086 1744 vultiS,
2123 1676 2200 1731 ut
2231 1683 2356 1751 ego
2392 1685 2508 1731 eos
2553 1663 2840 1741 timeam,
2872 1683 2896 1726 a

396 1751 676 1838 quibus,
725 1762 794 1819 ut
845 1750 1076 1833 audio,
1132 1749 1362 1819 dicitis
1399 1773 1505 1819 me
1556 1751 1828 1819 timeri?
1863 1774 1898 1817 »

485 1844 521 1926 ἓ
570 1847 654 1912 ὅ.
692 1839 783 1908 Ad
818 1839 997 1907 hanc
1029 1860 1256 1907 vocem
1290 1840 1506 1909 sancti
1536 1840 1879 1929 Episcopi,
1920 1839 2147 1908 omnis
2197 1838 2316 1907 ille
2351 1838 2728 1927 sacrilegae
2759 1837 2895 1905 mul·

397 1928 713 1997 titudinis
754 1927 1094 1997 tumultus
1146 1927 1525 2006 incanduit,
1582 1942 1912 2015 tauroque
1968 1927 2105 2007 illo,
2160 1931 2280 2013 qui
2344 1927 2568 1996 fuerat
2618 1928 2895 1997 victima-2>

399 2029 868 2107 praeparamS,
924 2015 1086 2084 tune
1122 2015 1450 2085 lateribus
1484 2018 1927 2098 circumactO,
1979 2026 2040 2084 et
2075 2029 2228 2105 post
2263 2029 2450 2105 terga
2499 2016 2807 2091 dimisso,
2837 2013 2894 2080 ad

399 2106 856 2175 ministerium
894 2126 1059 2173 suae
1098 2105 1523 2174 crudelitatis
1557 2118 1871 2175 utuntur.
1928 2110 2272 2173 Postrema
2304 2106 2488 2173 enim
2527 2119 2716 2192 parte
2751 2102 2897 2171 funis

396 2194 570 2283 ejus,
622 2194 741 2280 qui
782 2193 864 2261 ad
925 2193 1295 2281 posteriora
1341 2194 1520 2263 tauri
1574 2195 1794 2283 ipsius
1842 2193 2220 2274 defluebat,
2277 2193 2498 2261 sancti
2550 2194 2678 2261 viri
2729 2191 2897 2281 pedes

395 2283 796 2383 alligabant,
835 2294 1205 2368 actumque
1241 2281 1542 2351 stimulis
1574 2283 1853 2351 acribus
1881 2298 2180 2360 taurum,
2236 2282 2320 2350 de
2357 2282 2694 2370 superiori
2734 2281 2896 2367 Capi-

397 2371 538 2441 tolii
577 2384 765 2461 parte
794 2372 860 2438 in
892 2370 1099 2460 plana
1130 2371 1605 2460 praecipitant.
1637 2376 1767 2440 Nec
1807 2392 2027 2441 mora:
2062 2371 2236 2440 inter
2256 2371 2520 2461 primos
2560 2369 2892 2464 descensus

395 2461 619 2549 ipsius
660 2461 916 2549 gradus
955 2461 1177 2548 capite
1218 2459 1478 2534 colliso,
1512 2462 1927 2545 cerebroque
1964 2481 2273 2539 excussQ
2314 2472 2378 2527 et
2426 2476 2885 2553 corporeorum

394 2550 863 2618 membrorum
902 2562 1089 2638 parte
1124 2547 1438 2628 laceram,
1476 2548 1757 2636 dignam
1792 2554 1922 2617 Deo
1948 2549 2252 2616 animam
2284 2549 2597 2617 Christus
2629 2557 2886 2633 excepit:

393 2650 716 2724 utquam
785 2659 904 2726 pro
958 2638 1233 2706 nomine
1281 2658 1406 2706 suo
1470 2637 1765 2705 fideliter
1825 2636 2267 2705 dimicantem
2328 2637 2688 2725 suppliciis
2734 2634 2892 2701 furor

392 2726 671 2816 gentilis
697 2738 1088 2805 extorserat,
1118 2726 1262 2794 suis
1290 2735 1437 2814 post
1464 2726 1813 2795 victoriam
1845 2725 2097 2794 laureis
2129 2739 2489 2794 coronaret
2513 2727 2569 2791 ⁴.
2611 2723 2886 2793 Exanime

394 2828 621 2883 tamen
659 2837 910 2902 corpus
954 2836 1170 2900 neque
1204 2814 1573 2883 obnoxium
1599 2816 1743 2901 jam
1796 2814 2010 2882 ullius
2047 2814 2365 2903 injuriae,
2400 2836 2621 2900 usque
2649 2813 2724 2880 ad
2756 2831 2881 2878 eum

396 2902 651 2982 locum,
700 2915 894 2971 tauro
928 2902 1215 2983 furente,
1267 2902 1674 2991 perductum
1726 2915 1850 2981 est,
1905 2903 2022 2971 ubi
2074 2901 2237 2971 func
2283 2903 2623 2990 disrupto,
2671 2897 2858 2969 tumul

397 2992 689 3059 tuariam
734 3012 809 3059 eo
853 3003 1152 3080 tempore
1190 2991 1434 3060 meruit
1470 2990 1922 3078 sepulturam.
1978 2996 2144 3059 Nam
2202 2992 2439 3080 paucis
2490 2991 2554 3058 id
2601 2987 2879 3078 temporis

394 3079 820 3160 Christianis,
867 3081 1170 3168 ipsisque
1214 3091 1486 3169 propter
1525 3080 1822 3148 furorem
1866 3079 2225 3178 gentilium
2264 3079 2481 3147 sancti
2521 3079 2642 3147 viri
2675 3092 2878 3163 corpus

395 3169 685 3236 humare
714 3169 1198 3248 metuentibus,
1227 3168 1404 3236 duae
1431 3180 1691 3237 tantum
1724 3167 2192 3246 mulierculae,
2228 3189 2433 3237 sexus
2460 3168 2874 3259 infirmitatem

394 3257 553 3325 fidei
583 3257 828 3326 virtute
860 3257 1228 3337 vincentes,
1259 3269 1323 3324 et
1358 3257 1520 3324 viris
1560 3257 1884 3325 omnibus
1933 3255 2270 3334 sor-tiores,
2306 3271 2369 3324 et
2415 3257 2522 3325 sui
2568 3253 2881 3325 sacerdotis

394 3345 728 3435 exemp10‚
752 3345 978 3425 cred0,
1005 3346 1089 3414 ad
1114 3345 1538 3414 tolerantiam
1567 3345 1908 3434 passionis
1930 3346 2297 3422 animatae,
2327 3345 2506 3414 beati
2531 3346 2653 3413 viri
2679 3359 2880 3434 corpus

398 3434 624 3523 ligneo
674 3435 916 3503 feretro
967 3435 1383 3512 immissum,
1437 3456 1647 3519 quam
1703 3434 1998 3501 maxime
2048 3434 2115 3501 in
2170 3432 2513 3523 profundo
2563 3434 2704 3501 loco
2754 3441 2876 3525 actis

393 3523 558 3591 satis
609 3524 969 3593 scrobibus
1016 3522 1507 3591 condiderunt:
1554 3535 1630 3592 ut
1671 3521 2096 3591 venerandas
2145 3536 2556 3608 sanctasque
2607 3519 2876 3605 reliquias

399 3633 531 3680 non
573 3625 703 3679 tam
738 3611 1047 3700 sepelire,
1085 3631 1290 3697 quam
1327 3611 1748 3679 abscondere
1774 3609 2202 3679 viderentur:
2244 3633 2326 3679 ne
2363 3610 2532 3679 forte
2564 3607 2874 3693 sacrilegae

399 3701 648 3770 mentis
678 3701 1017 3780 homineS,
1075 3700 1132 3768 si
1180 3699 1441 3785 aliquid
1496 3700 1764 3786 conditi·
1803 3700 2110 3789 corporis
2161 3699 2432 3768 tumulo
2485 3695 2873 3766 viderentho·

396 3792 585 3858 noris
619 3789 957 3868 adhiberi,
1012 3788 1333 3856 effossum
1389 3788 1616 3856 statim
1669 3810 1921 3875 corpus
1970 3789 2040 3856 in
2086 3787 2303 3856 frusta
2337 3788 2801 3877 dispergerent,
2825 3788 2871 3844 et

396 3878 739 3965 eriperent
783 3878 989 3946 etiam
1031 3877 1251 3965 ipsam
1290 3887 1564 3946 tenuem
1604 3875 2062 3965 sepulturam.
2737 3961 2747 3969 “

480 3968 515 4052 ξ
564 3973 656 4036 θ.
714 3967 955 4034 Mansit
988 3988 1144 4033 vero
1185 3964 1597 4051 aliquandiu
1629 3965 1759 4034 sub
1791 3964 1906 4032 vili
1940 3964 2260 4052 caespite,
2297 3963 2621 4034 omnibus
2645 3957 2864 4048 quidem

397 4054 837 4134 inhonorum,
873 4054 987 4124 sed
1023 4055 1435 4123 honoratum
1465 4076 1502 4121 a
1541 4058 1666 4122 Deo
1701 4053 2021 4140 martyris
2054 4074 2345 4142 corpus:
2382 4053 2595 4122 donec
2641 4058 2862 4136 sanctus

392 4143 697 4213 Hilarius
745 4143 836 4224 **‚
894 4154 1045 4232 post
1088 4141 1385 4211 multum
1438 4154 1710 4231 tempus
1745 4142 1812 4209 in
1850 4140 2088 4211 Tolosa
2127 4142 2298 4211 urbe
2339 4142 2692 4231 episcopus
2723 4130 2860 4230 ordl-

396 4245 598 4301 natus
641 4244 778 4302 est:
826 4233 952 4314 Qui
997 4230 1081 4299 de
1129 4230 1581 4301 antecessoris
1630 4231 1742 4299 sui
1786 4242 1851 4299 et
1899 4229 2092 4299 obitu
2125 4229 2527 4310 instructuS,
2560 4241 2618 4298 et
2652 4233 2853 4293 merito.

449 4393 473 4417 ¹⁸¹
504 4392 637 4431 circa
666 4403 837 4432 annum
868 4394 960 4433 256.

448 4444 500 4470 *⁴
532 4447 720 4485 Tertius
740 4446 937 4487 Tolosae
958 4447 1174 4490 Praesutz
1196 4448 1280 4487 sed
1300 4444 1421 4487 nihil
1440 4446 1498 4487 de
1519 4447 1623 4495 ejus
1646 4447 1799 4487 aetate
1819 4446 2003 4486 certum
2022 4444 2263 4487 hatenus.
