2993 4837
514 308 642 371 440
1295 324 1371 369 nn
1419 325 1472 370 s.
1531 323 1757 371 musco
1805 323 2097 372 commiss.
2640 267 2965 373 nomm-f

422 422 523 477 est
585 420 943 477 assecutus
1006 406 1350 476 felicitatis
1430 419 1765 477 aeternae.
1846 407 2158 498 Migravit
2224 419 2451 477 autem
2532 407 2904 481 beatissime
2963 436 2966 469 ι

421 504 602 586 Papa
651 497 1005 575 Martium,
1063 511 1458 585 martyrque
1507 497 1755 566 Christi
1796 496 2210 587 praecelsus,
2244 497 2331 566 de
2381 495 2823 587 praesentisvi
2855 533 2888 576 μ,
2962 522 2965 561 ;

418 585 760 675 angustiis
809 584 893 653 ad
948 586 1314 654 Dominum
1348 641 1363 666 ,
1416 585 1529 654 die
1580 599 1766 656 sexta
1823 586 2091 655 decima
2141 585 2399 656 mensis
2447 585 2819 657 Novembris·
2869 593 2872 596 ’
2963 610 2965 647 f

415 675 550 743 fide
597 687 659 743 et
709 674 969 763 Spiritu
1018 677 1262 743 Sancto
1315 673 1582 774 plenus,
1636 688 1701 745 et
1749 674 2159 765 Angelorum
2214 674 2537 744 manibus
2586 674 2785 744 laetus
2830 694 2868 734 1«
2963 696 2965 738 ;

417 776 725 854 portatus
772 776 873 832 est
921 763 1227 831 Abrahae
1275 763 1569 832 sinibus.
1627 764 1895 833 Positus
1940 776 2042 833 est
2087 774 2314 832 autem
2358 764 2429 832 in
2466 764 2747 832 tumulis
2963 802 2965 819 ι

411 865 676 922 ctorum
730 852 1283 921 Chersonitarum
1324 851 1394 887 ⁴²*
1425 852 1720 921 civitatis
1750 866 1937 921 extra
1989 874 2268 921 murum
2304 852 2505 938 quasi
2536 852 2751 920 stadio
2963 887 2965 915 ι

412 963 617 1011 carus
667 952 731 1009 et
774 940 1030 1031 dignus
1080 945 1234 1020 De0,
1302 954 1366 1009 et
1423 941 1939 1041 pretiosissimis
1978 941 2444 1009 odoramentis
2482 939 2776 1030 sepultus
2806 952 2903 1015 est*
2963 999 2966 1005 Α

413 1029 745 1120 angelicis
792 1030 1198 1099 canentibus
1246 1028 1498 1109 choris,
1554 1042 1757 1116 atque
1790 1031 1977 1099 hunc
2010 1030 2349 1115 hymnum
2402 1027 2905 1098 alternantibus-t
2964 1050 2965 1057 ¹

411 1125 655 1188 Beatus
711 1142 905 1209 quem
953 1120 1218 1208 eleqistt‘
1264 1129 1325 1187 et
1373 1141 1599 1188 assum
1647 1121 1818 1200 sisti,
1883 1120 2157 1188 Domine
2201 1118 2340 1207 (Ps.
2380 1118 2521 1207 64).
2578 1122 2685 1187 Est
2728 1128 2890 1184 aute
2964 1144 2965 1181 ι

414 1207 790 1298 gloriosum
841 1208 990 1296 ejus
1039 1206 1485 1296 sepulcrum:
1541 1230 1588 1275 u
1643 1208 1662 1275 i
1714 1230 1835 1297 pro
1868 1207 2250 1277 sanctitatis
2283 1206 2436 1292 ejus
2490 1203 2896 1294 magnitudin
2963 1228 2966 1270 ι

415 1296 796 1366 tumulatus
844 1308 943 1365 est
985 1297 1049 1362 in
1089 1296 1500 1365 monasterio
1554 1310 1919 1385 perpetuae
1962 1296 2249 1385 virginis
2282 1299 2538 1364 Mariae
2575 1292 2787 1363 Matris
2833 1303 2878 1352 t.
2963 1318 2965 1359 j

415 1386 587 1454 mini
638 1385 850 1454 nostri
887 1391 1052 1453 Jesu
1101 1384 1369 1466 Christi,
1408 1385 1592 1471 quod
1630 1386 1998 1475 magnifico
2031 1395 2299 1454 constat
2335 1384 2587 1453 decore
2617 1394 2880 1479 ornatu13
2963 1404 2965 1447 ι

414 1475 518 1543 Ibi
564 1475 820 1564 quippe
868 1473 1016 1562 ejus
1075 1472 1331 1562 inclyta
1395 1474 1636 1543 merita
1683 1495 1763 1543 ex
1824 1488 2034 1554 tunc,
2090 1486 2154 1541 et
2206 1495 2438 1553 nunc,
2494 1485 2565 1541 et
2630 1468 2881 1558 quamdi
2963 1494 2966 1537 ι

412 1562 681 1633 coelum
719 1562 1044 1642 volvetur,
1081 1562 1477 1632 coelestium
1515 1563 2005 1632 beneficiorum
2055 1561 2576 1632 evidentissima
2615 1559 2892 1657 declara
2964 1620 2965 1623 ,

414 1651 691 1720 indicia.
749 1652 914 1729 Quia
963 1664 1038 1719 ut
1087 1672 1319 1720 verum
1359 1651 1591 1732 fatear,
1648 1652 1879 1720 omnia
1934 1650 2394 1720 humanorum
2444 1669 2809 1736 corporum
2840 1666 2887 1715 m
2963 1674 2966 1716 ι

413 1740 775 1809 commoda
824 1740 915 1809 ibi
967 1739 1354 1826 frequenter
1405 1740 1761 1809 inveniunt
1807 1752 2074 1829 optatae
2122 1739 2363 1809 salutis
2403 1738 2882 1809 certissimam
2964 1762 2965 1803 3

415 1829 828 1898 dicamenta.
883 1829 1079 1918 Aegri
1126 1829 1372 1897 diversi
1429 1829 1849 1897 infirmitatis
1907 1829 2265 1917 pristinam
2316 1827 2801 1915 adipiscuntur
2871 1851 2878 1880 =
2964 1864 2965 1875 ι

414 1919 728 2007 spitatem
767 1973 781 1998 ‚
843 1918 1025 1987 caeci
1091 1916 1578 1988 illuminantur
1615 1972 1629 1997 ‚
1694 1917 2048 2007 paralytici
2115 1915 2702 2007 agglutinantur,
2769 1938 2799 1982 s
2875 1941 2964 1980 ’με

415 2007 755 2088 auditum,
813 2006 980 2075 muti
1033 2028 1105 2075 se
1153 2005 1456 2095 gaudent
1507 2007 1854 2096 percipere
1887 2005 2253 2093 loquelam,
2298 2004 2644 2092 arreptitii
2678 2015 2741 2072 et
2768 2023 2858 2071 en

413 2096 695 2196 gumeni
731 2108 1204 2185 promerentur
1233 2118 1271 2163 a
1302 2095 1603 2185 maligno
1646 2117 1964 2164 mansore
2006 2094 2302 2175 liberari,
2345 2091 2727 2179 nullusque
2761 2091 2918 2189 mi·

414 2184 782 2263 invenitur,
839 2206 1043 2271 quem
1081 2183 1164 2252 de
1199 2205 1322 2253 suo
1362 2184 1710 2253 mausoleo
1762 2196 2094 2252 moestum
2133 2183 2354 2252 redire
2392 2181 2720 2270 patiatur.
2757 2188 2914 2267 Lup-

414 2295 538 2342 nos
590 2273 906 2361 precibus
937 2272 1252 2361 gloriosis
1288 2272 1593 2342 Christus
1631 2277 1805 2341 Deus
1854 2295 1932 2341 ac
1987 2272 2312 2340 Dominus
2352 2283 2613 2350 noster,
2654 2269 2769 2356 qui
2798 2290 2867 2337 eu

412 2363 638 2452 elegit,
695 2362 1095 2452 assumpsit,
1131 2374 1194 2430 et
1244 2361 1311 2430 in
1349 2362 1660 2451 perpetui
1713 2361 2014 2451 paradisi
2062 2360 2329 2431 deliciis
2377 2381 2540 2428 curn
2594 2357 2918 2446 coeligen

412 2451 812 2531 collocavit,
868 2451 1257 2520 corroboret
1307 2471 1429 2519 nos
1480 2452 1545 2519 in
1601 2473 1795 2519 verae
1847 2451 2004 2519 fidei
2044 2450 2407 2527 soliditate,
2446 2469 2664 2533 quam
2718 2446 2821 2516 ille
2866 2460 2920 2505 -·.·“--

413 2539 753 2626 liquidum
807 2540 1157 2618 intellexit,
1212 2539 1769 2609 constantissima
1818 2539 2193 2609 assertione
2241 2537 2507 2616 docuit,
2554 2550 2623 2605 et
2661 2558 2777 2625 pro
2817 2555 2850 2619 q
2911 2564 2918 2589 ’-

411 2628 497 2697 ad
535 2642 815 2698 mortem
855 2651 1071 2715 usque
1104 2628 1404 2707 certavit,
1448 2641 1520 2697 ut
1558 2650 1947 2697 mereamur
1976 2628 2355 2717 praemium
2406 2626 2746 2712 consequi
2776 2617 2913 2709 quod

418 2718 770 2806 promisit:
827 2719 956 2798 Qui
1005 2740 1164 2786 cum
1200 2723 1331 2786 Deo
1380 2722 1573 2787 Patre
1618 2729 1682 2786 et
1732 2718 1991 2807 Spiritu
2027 2723 2270 2787 Sancto
2305 2716 2485 2794 vivit,
2527 2727 2596 2783 et
2635 2713 2917 2804 gloriatur

413 2810 612 2885 DeuS‚
657 2827 775 2894 per
817 2806 1045 2874 omnia
1089 2806 1318 2875 secula
1353 2806 1768 2886 seculorum,
1810 2812 2041 2875 Amen.

910 3133 1146 3232 VITA
1212 3133 1293 3232 S.
1367 3131 1711 3233 DlDACI
1782 3130 2462 3233 CONFESSORlS

707 3387 794 3432 Ex
843 3387 1077 3432 BULLA
1127 3387 1327 3432 SleI
1377 3387 1480 3431 Pr.
1538 3387 1609 3444 V,
1664 3385 1862 3432 ANNO
1912 3385 2361 3432 MDLxxxvtlt
2410 3385 2659 3430 EDITA.

1104 3577 1456 3645 Hispanus
1504 3605 1568 3614 «-
1622 3575 1808 3630 Obiit:
1851 3590 2027 3630 anno
2072 3577 2253 3630 1463.

499 3781 899 3844 Pnoossmnn.
960 3781 1093 3845 Rex
1147 3797 1382 3865 regum
1435 3787 1591 3844 ante
1640 3774 1873 3843 omnia
1922 3773 2154 3843 secula
2210 3773 2521 3845 Christus
2573 3772 2906 3867 Dominus,

407 3865 548 3950 qui,
610 3876 881 3954 propter
933 3863 1172 3953 perditi
1249 3863 1537 3934 salutem
1606 3863 1931 3944 hominis,
2004 3861 2223 3930 forma
2271 3863 2447 3931 servi
2511 3863 2813 3949 accepta,
2858 3877 2907 3954 ιιι

459 3954 834 4022 lenitudine
881 3955 1206 4043 temporis
1243 3953 1460 4023 sactus
1495 3964 1597 4021 est
1647 3954 1872 4033 h01n0,
1928 3950 2298 4020 Ecclesiam
2344 3973 2542 4020 suam
2597 3950 2789 4020 unice
2828 3944 2908 4012 dt-

435 4057 676 4122 emam,
733 4065 993 4129 suoque
1044 4043 1336 4132 pretioso
1372 4042 1712 4132 sanguine
1751 4040 2186 4128 acquisitam,
2220 4062 2432 4129 supra
2476 4038 2904 4110 beatissimum

459 4225 486 4248 ‘⁸
507 4225 728 4272 Ejusdem
751 4225 856 4263 anni
879 4225 969 4264 655.
991 4205 1162 4263 Verum
1184 4223 1238 4262 de
1260 4222 1335 4262 dte
1355 4223 1396 4264 S.
1422 4219 1612 4263 Martini
1632 4224 1779 4264 natali
1797 4221 2010 4263 diversae
2030 4221 2143 4262 suut
2166 4221 2698 4268 sententtm,varueque
2712 4211 2903 4258 lectione·

411 4276 458 4314 et
478 4276 682 4316 incertae
704 4278 1019 4324 reperiuntur,
1040 4279 1105 4317 ait
1125 4274 1366 4316 Batonius.

461 4327 515 4352 *⁴¹
546 4331 668 4368 Haec
698 4332 825 4373 urbs,
856 4328 904 4368 in
923 4341 1016 4379 qua
1037 4332 1082 4370 S.
1107 4330 1337 4370 Martinus
1360 4331 1561 4370 animam
1581 4339 1715 4370 suam
1739 4331 1949 4369 Creatori
1968 4328 2185 4374 reddidit.
2207 4331 2255 4369 et
2276 4329 2531 4378 nup-torta
2548 4328 2653 4369 olim
2672 4319 2902 4365 voozbstssh

413 4388 537 4470 {2:220
554 4391 678 4472 ἐφιῇ-ο
708 4383 896 4422 Kazlow
925 4384 1110 4424 dicitur.
1141 4383 1282 4422 Sacra
1298 4394 1411 4423 vero
1432 4386 1533 4432 ejus
1558 4393 1667 4424 ossa
1690 4381 2144 4433 Constantinopolim
2173 4381 2380 4433 primum
2398 4412 2408 4428 ‚
2437 4381 2545 4423 dein
2577 4383 2752 4422 Bonum
2780 4374 2901 4411 trans·

528 4443 549 4471 s
644 4461 652 4472 .
