2993 4837
532 272 656 334 700
1155 287 1228 331 DE
1278 288 1332 332 s.
1388 287 1710 333 srssramo
1760 287 2026 334 sumone
2077 288 2271 333 mar.
2658 269 2808 362 Not}
2849 271 2909 334 ³28

440 372 882 442 facultatibus
912 371 1195 439 minime
1218 385 1551 452 carerent,
1576 393 1707 440 non
1742 386 1968 441 tamen
2003 391 2235 460 parem
2266 370 2352 439 iis
2372 371 2723 440 dumtaxat
2749 374 2912 440 animi

442 460 906 529 inductionem
957 481 1034 528 ac
1086 458 1503 528 voluntatem
1559 460 1922 540 habebant,
1965 459 2079 530 sed
2137 459 2340 560 longe
2373 461 2701 548 majorem
2739 481 2806 528 ac
2833 482 2914 528 co·

440 550 829 639 piosiorem.
868 552 1008 617 Hoc
1057 561 1284 617 autem
1339 548 1600 635 liquido
1651 548 2075 618 demonstrat
2126 548 2431 638 benigna
2482 561 2683 635 atque
2731 549 2916 639 ingens

438 660 600 727 erga
648 649 923 726 egentes
973 637 1368 717 liberalitas,
1414 660 1493 707 ac
1529 659 1804 707 summa
1840 638 1908 706 in
1941 637 2171 706 danda
2205 637 2507 706 eleemos
2561 660 2645 706 na
2679 637 2920 706 hilaritas

439 749 517 796 ac
577 725 1072 795 munificentia.
1137 731 1282 807 Quo
1350 727 1554 795 etiam
1629 726 1803 795 illud
1875 726 2287 805 accedebat,
2341 747 2486 812 quo
2600 726 2682 795 ad
2744 727 2917 794 divina

442 814 693 903 templa
730 814 877 883 sine
904 814 1045 883 ulla
1072 815 1579 884 intermissione
1612 837 1903 885 munera
1931 816 2328 884 offerebant.
2357 821 2553 898 Quae
2578 818 2770 883 etiam
2796 816 2918 902 ipsa,

441 905 663 992 magis
702 925 910 988 quam
968 903 1338 988 quicquam
1393 903 1609 982 aliud,
1670 903 1868 972 illum
1919 926 2071 972 vere
2123 904 2587 992 Stephanum,
2637 903 2825 976 illam.
2857 905 2921 970 in-

438 1013 675 1079 quam,
716 993 1059 1080 ingentem
1103 993 1369 1081 pietatis
1415 1014 1651 1061 eorum
1708 1015 1784 1062 ac
1820 993 2089 1062 virtutis
2140 993 2562 1073 mercedem,
2605 994 2763 1080 ipsis
2804 1007 2921 1058 attu-

441 1080 691 1150 lerunt.
753 1086 915 1150 Nam
969 1103 1124 1149 cum
1172 1082 1393 1168 primo
1452 1080 1753 1149 duarum
1819 1081 2120 1150 filiarum
2200 1095 2527 1168 parentes
2590 1081 2914 1151 extitissent

442 1169 751 1239 mascula
801 1183 1022 1237 tamen
1064 1169 1251 1256 prole
1297 1170 1645 1238 carebant.
1682 1175 1893 1257 Atque
1943 1170 2069 1239 hoc
2127 1169 2592 1240 infortunium
2651 1171 2771 1257 piis
2812 1171 2911 1235 viri÷

440 1281 576 1327 non
622 1280 904 1347 parvum
958 1256 1337 1326 videbatur.
1394 1258 1490 1326 Ob
1526 1280 1675 1326 eam
1719 1281 2000 1328 causam
2038 1270 2102 1327 et
2152 1258 2217 1325 in
2270 1259 2539 1328 divinis
2583 1257 2830 1348 templis
2853 1279 2913 1323 as-

441 1348 638 1415 sidue
680 1345 1149 1425 versabantur,
1188 1351 1255 1415 'et
1307 1369 1345 1415 a
1402 1351 1530 1415 Deo
1578 1347 1849 1415 obnixis
1901 1347 2218 1435 precibus
2257 1362 2604 1436 perpetuo
2636 1347 2912 1417 contende

440 1435 629 1514 bant,
669 1448 743 1502 ut
793 1434 924 1503 sibi
980 1436 1105 1502 hoc
1150 1456 1275 1503 suo
1328 1448 1474 1503 voto
1533 1435 1662 1503 frui
1723 1435 2024 1504 daretur.
2065 1436 2280 1519 quue
2337 1451 2492 1506 tum
2561 1437 2912 1524 potissimum

440 1523 801 1600 faciebant,
838 1545 995 1592 cum
1030 1523 1115 1592 ad
1159 1524 1479 1613 Deiparae
1512 1524 1872 1613 templum,
1911 1524 2092 1611 quod
2145 1525 2558 1594 Blachernis
2610 1526 2801 1596 situm
2839 1539 2909 1590 esi.

443 1634 589 1680 sese
630 1611 1038 1680 conferrent.

528 1705 562 1788 ξ
615 1707 701 1772 2.
755 1706 841 1768 Ac
874 1699 1171 1786 quodam
1230 1713 1530 1790 tempore
1578 1723 1736 1769 cum
1790 1723 1928 1770 uno
1966 1723 2363 1790 parasceves
2398 1703 2520 1771 die
2563 1699 2912 1791 pervigilium

440 1788 523 1856 de
558 1811 743 1858 more
776 1789 1258 1869 celebraretur,
1306 1794 1493 1857 Anna
1548 1791 1768 1878 ipsius
1826 1804 2039 1859 mater
2070 1791 2260 1878 (nam
2317 1791 2450 1859 hoc
2497 1791 2659 1889 ipsi,
2710 1804 2776 1858 ut
2812 1788 2912 1855 olim

442 1877 780 1946 Samuelis
825 1877 1022 1946 matri
1067 1898 1315 1945 nornen
1351 1879 1526 1965 erat)
1558 1901 1743 1958 cum,
1791 1892 1866 1947 ut
1915 1881 2305 1968 Scripturae
2349 1880 2588 1949 verbis
2619 1891 2780 1956 utar,
2821 1876 2914 1965 plu·

446 1966 702 2034 rimum
766 1987 1149 2035 sermonem
1213 1966 1611 2046 effudisset,
1675 1980 1876 2054 atque
1941 1968 2316 2037 orationem
2370 1969 2442 2036 in
2512 1969 2780 2056 longum
2825 1985 2914 2052 pro-

441 2054 770 2134 duxisset,
802 2069 1046 2123 etcum
1088 2054 1201 2122 Dei
1230 2055 1592 2125 Genitricis
1621 2055 1943 2145 imagine,
1987 2070 2332 2142 tamquam
2368 2081 2540 2126 cum
2588 2059 2724 2125 viva
2762 2053 2908 2123 diss?-
2951 2107 2952 2120 ,

442 2144 714 2222 ruisset,
774 2165 1003 2229 seque,
1077 2142 1134 2212 si
1188 2143 1367 2228 quod
1428 2144 1727 2233 optabat,
1786 2159 2340 2231 consequeretur,
2404 2146 2637 2235 ipsius
2692 2145 2828 2216 filio,
2876 2139 2908 2234 ijl

442 2232 621 2318 quod
686 2233 1105 2321 peperisset,
1160 2246 1711 2301 consecraturam
1776 2254 1923 2301 esse
1982 2235 2397 2334 recepisset,
2472 2235 2610 2304 suh
2666 2231 2910 2322 orationis¹

441 2321 647 2389 linem
687 2342 928 2389 somno
962 2333 1294 2420 correpta,
1349 2321 1716 2388 foeminam
1769 2321 2159 2391 incredibili
2197 2322 2535 2409 quadam,
2574 2338 2760 2408 atque
2781 2337 2909 2413 cmm

443 2432 758 2478 sermone
807 2422 1344 2499 praestantiore,
1406 2410 1624 2479 forma
1690 2410 2061 2499 praeditam
2113 2412 2375 2489 cernit;
2432 2434 2618 2499 quae
2663 2426 2721 2479 et
2757 2410 2912 2497 ipsius

442 2499 683 2588 pedem
739 2498 1096 2567 vellicans:
1136 2522 1169 2563 «
1207 2499 1349 2577 Abi,
1393 2499 1638 2586 inquit,
1676 2499 1744 2566 in
1791 2522 1977 2588 pace,
2022 2499 2459 2569 muliercula.
2501 2507 2618 2569 Est
2649 2500 2803 2569 enim
2830 2496 2906 2561 tibi
2949 2546 2950 2557 i

444 2594 507 2654 in
548 2601 737 2656 utero
771 2587 978 2667 silius,
1026 2588 1612 2672 quemadmodum
1654 2586 2034 2675 postulasti.
2073 2612 2107 2654 »
2159 2594 2338 2658 Haec
2383 2589 2616 2658 locuta
2665 2611 2753 2661 ea,
2794 2602 2907 2669 quar>
2949 2590 2950 2621 ³

441 2689 904 2765 apparuerat,
958 2675 1295 2744 discessit.
1355 2681 1510 2765 Ipsa
1571 2690 1800 2746 autem
1859 2699 1989 2746 non
2050 2679 2198 2746 sine
2243 2700 2498 2769 magna
2544 2674 2904 2746 admiratione

439 2786 887 2853 consurgenS,
928 2765 1015 2833 ob
1048 2786 1121 2832 ea
1159 2785 1334 2850 quae
1366 2764 1700 2845 audierat,
1741 2766 1984 2833 intima
2027 2768 2371 2854 voluptate
2465 2765 2898 2836 erfundebatur.

438 2858 525 2920 Ac
562 2868 790 2941 postea
834 2866 1097 2921 mature
1131 2853 1200 2920 in
1239 2853 1456 2923 lucem
1506 2854 1687 2922 edito
1724 2854 1887 2934 silio,
1932 2854 2287 2923 confestim
2329 2877 2405 2923 ve
2441 2869 2520 2925 ut
2556 2850 2899 2944 praeludium
2947 2866 2948 2895 ¹

440 2955 794 3029 pactorum
834 2941 1081 3030 iniens,
1121 2940 1202 3009 ad
1240 2941 1738 3011 Blachernense
1790 2944 2121 3033 templum
2158 2965 2296 3011 una
2342 2966 2508 3013 cum
2557 2943 2780 3012 marito
2806 2956 2900 3026 pra

439 3028 792 3111 ficiscitur,
833 3044 1128 3117 eumque
1160 3030 1244 3110 ei,
1284 3053 1324 3099 a
1364 3053 1499 3118 qua
1537 3042 1910 3121 acceperat,
1957 3031 2152 3101 offert
2186 3055 2200 3098 :
2257 3054 2294 3097 «
2327 3034 2599 3122 Accipe,
2640 3027 2893 3117 inquiens

446 3121 549 3187 Dei
610 3124 838 3202 Mater,
886 3119 1072 3187 hunc
1112 3118 1548 3187 carissimum
1611 3120 1857 3200 silium,
1919 3141 2125 3206 quem
2177 3121 2516 3191 beneficio
2561 3136 2674 3190 tuo
2718 3133 2896 3208 pepen-

438 3208 681 3298 Accipe
728 3230 913 3287 eum,
951 3229 1153 3294 quem
1199 3208 1317 3276 tibi
1369 3220 1433 3276 et
1481 3209 1844 3298 Unigenito
1893 3208 2058 3277 Filio
2116 3222 2251 3287 tuo,
2296 3210 2504 3278 etiam
2547 3224 2698 3278 ante
2738 3220 2900 3293 conce

442 3299 740 3384 ptionem
784 3297 1030 3366 dicavi.
1074 3320 1108 3362 »
1157 3300 1360 3377 Haec,
1405 3308 1470 3365 et
1524 3297 1593 3364 in
1635 3297 1948 3366 eamdem
2001 3298 2409 3368 sententiam
2461 3299 2622 3376 alia,
2673 3315 2804 3365 cum
2838 3289 2898 3379 d¹f

438 3386 666 3464 xisset,
714 3385 1221 3474 conjugemque
1266 3407 1478 3454 manu
1529 3386 2023 3486 prehendisset,
2087 3387 2387 3476 Virginis
2427 3388 2777 3477 imaginem
2816 3379 2895 3464 ip&³

438 3474 845 3544 ostendens:
883 3498 918 3539 «
952 3478 1154 3553 Haec,
1201 3474 1445 3560 inquit,
1489 3497 1590 3542 vir
1624 3476 2055 3554 suavissime,
2095 3487 2170 3544 ut
2209 3475 2666 3545 desideratum
2700 3467 2896 3556 stepha·

440 3584 605 3631 num
645 3566 977 3651 parerem,
1025 3562 1194 3630 mihi
1232 3563 1588 3652 praestitit.
1623 3565 1798 3632 Huic
1831 3565 2220 3652 petitionem
2259 3586 2480 3633 meam
2525 3560 2891 3633 committens.

439 3651 572 3720 voti
600 3673 882 3741 compos
914 3651 1185 3720 extiti.»
1217 3653 1431 3720 Ambo
1468 3652 1679 3741 igitur
1704 3652 1942 3742 gratiis
1976 3652 2087 3721 Dei
2118 3654 2442 3722 Genitrici
2473 3654 2660 3731 actiS,
2689 3649 2889 3717 domum

440 3741 688 3808 reversi
717 3754 899 3810 sunt.
940 3739 1061 3809 Sed
1102 3740 1268 3808 haec
1314 3753 1541 3829 postea
1576 3742 2032 3829 contigerunt.
2071 3742 2352 3809 Interim
2387 3754 2613 3810 autem
2645 3736 2755 3807 sub
2777 3722 2887 3799 illud

445 3841 737 3917 tempuS,
786 3851 923 3916 quo
978 3828 1364 3929 Stephanus
1418 3842 1790 3918 conceptus
1837 3841 1959 3909 est,
2009 3829 2197 3898 aliud
2239 3830 2443 3899 etiam
2489 3827 2780 3921 quiddam
2813 3838 2886 3915 3⁶·

438 3917 627 3993 cidit,
665 3918 845 4004 quod
885 3916 1154 3986 silentio
1192 3917 1383 3986 nullo
1420 3918 1621 3986 modo
1659 3919 2023 4008 praeterire
2053 3918 2264 3987 decet.
2299 3923 2463 3987 Nam
2497 3940 2648 3987 cum
2676 3920 2884 3981 eximius

440 4006 542 4074 vir
575 4012 956 4076 Germanus
1005 4006 1072 4073 in
1111 4005 1647 4076 Patriarchicum
1696 4007 2016 4076 thronum
2053 4029 2471 4078 ascensurus
2513 4016 2718 4100 esset..
2755 3991 2878 4085 plebs

438 4095 699 4184 ingenti
752 4094 1132 4180 frequentia
1181 4095 1265 4163 ad
1311 4095 1688 4164 maximum
1742 4099 1805 4164 S.
1864 4095 2154 4184 Sophiae
2191 4096 2557 4185 templum,
2609 4094 2786 4180 ipsius
2821 4101 2876 4140 ἢ·
2941 4110 2942 4151 1

440 4184 644 4253 dendi
683 4184 1055 4272 cupiditate
1080 4185 1554 4253 concurrebat.
1594 4188 1749 4253 Erat
1775 4184 1958 4252 enim
1999 4183 2112 4253 ille
2143 4185 2414 4254 virtutis
2447 4182 2696 4251 nomine
2718 4173 2871 4243 elatu.-

440 4285 504 4337 et
554 4271 864 4349 illustris
904 4285 1105 4357 atque
1146 4273 1214 4340 in
1263 4274 1575 4342 omnium
1624 4272 1884 4362 linguis
1923 4295 2057 4342 non
2103 4273 2252 4343 sine
2296 4272 2622 4363 voluptate
2653 4257 2869 4345 versabat

444 4370 576 4425 tur.
621 4364 756 4427 Una
787 4371 1013 4428 autem
1049 4382 1205 4429 cuin
1238 4361 1562 4431 omnibus
1593 4361 2023 4450 praeclarum
2059 4361 2231 4431 illud
2267 4375 2609 4453 parentum
2635 4348 2865 4441 sepham
