<?xml version="1.0" encoding="UTF-8"?>
<!DOCTYPE html PUBLIC "-//W3C//DTD XHTML 1.0 Transitional//EN"
    "http://www.w3.org/TR/xhtml1/DTD/xhtml1-transitional.dtd">
<html xmlns="http://www.w3.org/1999/xhtml" xml:lang="en" lang="en">
 <head>
  <title>
</title>
<meta http-equiv="Content-Type" content="text/html;charset=utf-8" />
  <meta name='ocr-system' content='tesseract 3.04.00' />
  <meta name='ocr-capabilities' content='ocr_page ocr_carea ocr_par ocr_line ocrx_word'/>
</head>
<body>
  <div class='ocr_page' id='page_1' title='image "./historiaeseuvit05lippgoog_0600.png"; bbox 0 0 2993 4837; ppageno 0'>
   <div class='ocr_carea' id='block_1_1' title="bbox 557 280 2938 389">
    <p class='ocr_par' dir='ltr' id='par_1_1' title="bbox 557 280 2938 389">
     <span class='ocr_line' id='line_1_1' title="bbox 557 280 2938 389; baseline -0.003 0"><span class='ocrx_word' id='word_1_1' title='bbox 557 325 685 389; x_wconf 77' lang='lat'><strong>562</strong></span> <span class='ocrx_word' id='word_1_2' title='bbox 1201 339 1281 384; x_wconf 73' lang='lat' dir='ltr'><strong>nn</strong></span> <span class='ocrx_word' id='word_1_3' title='bbox 1329 339 1383 385; x_wconf 91' lang='lat' dir='ltr'><strong>s.</strong></span> <span class='ocrx_word' id='word_1_4' title='bbox 1439 336 1753 385; x_wconf 69' lang='lat' dir='ltr'><strong>onssoomo</strong></span> <span class='ocrx_word' id='word_1_5' title='bbox 1798 336 2267 385; x_wconf 70' lang='lat' dir='ltr'><strong>‘rmumwuco</strong></span> <span class='ocrx_word' id='word_1_6' title='bbox 2663 313 2808 380; x_wconf 69' lang='lat' dir='ltr'><strong>NOV.</strong></span> <span class='ocrx_word' id='word_1_7' title='bbox 2844 318 2895 382; x_wconf 86' lang='lat' dir='ltr'><strong>l&#39;l</strong></span> <span class='ocrx_word' id='word_1_8' title='bbox 2937 280 2938 361; x_wconf 71' lang='lat'><em>}</em></span> 
     </span>
    </p>
   </div>
   <div class='ocr_carea' id='block_1_2' title="bbox 450 421 2938 4417">
    <p class='ocr_par' dir='ltr' id='par_1_2' title="bbox 452 421 2938 3707">
     <span class='ocr_line' id='line_1_2' title="bbox 467 421 2938 511; baseline -0.004 -14"><span class='ocrx_word' id='word_1_9' title='bbox 467 440 544 497; x_wconf 91' lang='lat' dir='ltr'><strong>ut</strong></span> <span class='ocrx_word' id='word_1_10' title='bbox 590 425 674 495; x_wconf 91' lang='lat' dir='ltr'><strong>ad</strong></span> <span class='ocrx_word' id='word_1_11' title='bbox 724 445 838 492; x_wconf 85' lang='lat' dir='ltr'><strong>eos</strong></span> <span class='ocrx_word' id='word_1_12' title='bbox 883 422 1162 503; x_wconf 89' lang='lat' dir='ltr'><strong>veniret,</strong></span> <span class='ocrx_word' id='word_1_13' title='bbox 1197 434 1262 491; x_wconf 90' lang='lat' dir='ltr'><strong>et</strong></span> <span class='ocrx_word' id='word_1_14' title='bbox 1312 444 1433 511; x_wconf 88' lang='lat' dir='ltr'><strong>per</strong></span> <span class='ocrx_word' id='word_1_15' title='bbox 1482 421 2006 492; x_wconf 77' lang='lat' dir='ltr'><strong>sacerdotium*</strong></span> <span class='ocrx_word' id='word_1_16' title='bbox 2051 422 2422 491; x_wconf 80' lang='lat' dir='ltr'><strong>Ecclesiam</strong></span> <span class='ocrx_word' id='word_1_17' title='bbox 2457 442 2681 490; x_wconf 89' lang='lat' dir='ltr'><strong>eorum</strong></span> <span class='ocrx_word' id='word_1_18' title='bbox 2728 421 2938 487; x_wconf 48' lang='lat' dir='ltr'><strong>consti-¹</strong></span> 
     </span>
     <span class='ocr_line' id='line_1_3' title="bbox 466 510 2938 597; baseline -0.003 -12"><span class='ocrx_word' id='word_1_19' title='bbox 466 526 707 585; x_wconf 85' lang='lat' dir='ltr'><strong>tueret.</strong></span> <span class='ocrx_word' id='word_1_20' title='bbox 745 518 857 580; x_wconf 88' lang='lat' dir='ltr'><strong>Est</strong></span> <span class='ocrx_word' id='word_1_21' title='bbox 905 525 1132 580; x_wconf 88' lang='lat' dir='ltr'><strong>autem</strong></span> <span class='ocrx_word' id='word_1_22' title='bbox 1183 510 1438 579; x_wconf 88' lang='lat' dir='ltr'><strong>civitati</strong></span> <span class='ocrx_word' id='word_1_23' title='bbox 1495 532 1741 580; x_wconf 90' lang='lat' dir='ltr'><strong>nomen</strong></span> <span class='ocrx_word' id='word_1_24' title='bbox 1793 516 2111 590; x_wconf 88' lang='lat' dir='ltr'><strong>Comana,</strong></span> <span class='ocrx_word' id='word_1_25' title='bbox 2152 510 2219 578; x_wconf 91' lang='lat' dir='ltr'><strong>in</strong></span> <span class='ocrx_word' id='word_1_26' title='bbox 2274 533 2410 597; x_wconf 88' lang='lat' dir='ltr'><strong>qua</strong></span> <span class='ocrx_word' id='word_1_27' title='bbox 2459 530 2765 597; x_wconf 85' lang='lat' dir='ltr'><strong>magnum</strong></span> <span class='ocrx_word' id='word_1_28' title='bbox 2800 512 2938 578; x_wconf 50' lang='lat' dir='ltr'><strong>Gre-¹</strong></span> 
     </span>
     <span class='ocr_line' id='line_1_4' title="bbox 464 599 2906 693; baseline -0.003 -21"><span class='ocrx_word' id='word_1_29' title='bbox 464 603 732 693; x_wconf 89' lang='lat' dir='ltr'><strong>gorium</strong></span> <span class='ocrx_word' id='word_1_30' title='bbox 773 600 1086 670; x_wconf 85' lang='lat' dir='ltr'><strong>volebant</strong></span> <span class='ocrx_word' id='word_1_31' title='bbox 1117 600 1413 689; x_wconf 91' lang='lat' dir='ltr'><strong>hospitio</strong></span> <span class='ocrx_word' id='word_1_32' title='bbox 1446 601 1692 689; x_wconf 84' lang='lat' dir='ltr'>excipi,</span> <span class='ocrx_word' id='word_1_33' title='bbox 1725 600 1998 689; x_wconf 90' lang='lat' dir='ltr'><strong>publice</strong></span> <span class='ocrx_word' id='word_1_34' title='bbox 2032 600 2320 691; x_wconf 89' lang='lat' dir='ltr'><strong>gratiam</strong></span> <span class='ocrx_word' id='word_1_35' title='bbox 2364 599 2780 689; x_wconf 83' lang='lat' dir='ltr'><strong>postulantes.</strong></span> <span class='ocrx_word' id='word_1_36' title='bbox 2799 602 2906 665; x_wconf 81' lang='lat' dir='ltr'><strong>Cum</strong></span> 
     </span>
     <span class='ocr_line' id='line_1_5' title="bbox 461 685 2910 849; baseline -0.003 -88"><span class='ocrx_word' id='word_1_37' title='bbox 461 713 622 849; x_wconf 59' lang='lat' dir='ltr'><strong>ergo</strong></span> <span class='ocrx_word' id='word_1_38' title='bbox 656 690 841 780; x_wconf 92' lang='lat' dir='ltr'><strong>apud</strong></span> <span class='ocrx_word' id='word_1_39' title='bbox 891 712 1007 760; x_wconf 91' lang='lat' dir='ltr'><strong>eos</strong></span> <span class='ocrx_word' id='word_1_40' title='bbox 1055 689 1317 769; x_wconf 86' lang='lat' dir='ltr'><strong>fuisset,</strong></span> <span class='ocrx_word' id='word_1_41' title='bbox 1356 702 1421 757; x_wconf 89' lang='lat' dir='ltr'><strong>et</strong></span> <span class='ocrx_word' id='word_1_42' title='bbox 1453 688 1714 775; x_wconf 77' lang='lat' dir='ltr'>aliquot</span> <span class='ocrx_word' id='word_1_43' title='bbox 1745 689 1893 758; x_wconf 90' lang='lat' dir='ltr'><strong>dies</strong></span> <span class='ocrx_word' id='word_1_44' title='bbox 1926 688 2247 778; x_wconf 77' lang='lat' dir='ltr'><strong>degisset,</strong></span> <span class='ocrx_word' id='word_1_45' title='bbox 2285 702 2352 757; x_wconf 90' lang='lat' dir='ltr'><strong>et</strong></span> <span class='ocrx_word' id='word_1_46' title='bbox 2391 689 2474 756; x_wconf 89' lang='lat' dir='ltr'><strong>iis</strong></span> <span class='ocrx_word' id='word_1_47' title='bbox 2507 709 2679 774; x_wconf 87' lang='lat' dir='ltr'><strong>quae</strong></span> <span class='ocrx_word' id='word_1_48' title='bbox 2706 685 2910 754; x_wconf 75' lang='lat' dir='ltr'><strong>faciebat</strong></span> 
     </span>
     <span class='ocr_line' id='line_1_6' title="bbox 460 776 2914 867; baseline -0.004 -17"><span class='ocrx_word' id='word_1_49' title='bbox 460 794 525 850; x_wconf 90' lang='lat' dir='ltr'><strong>et</strong></span> <span class='ocrx_word' id='word_1_50' title='bbox 582 780 985 864; x_wconf 84' lang='lat' dir='ltr'><strong>oquebatur,</strong></span> <span class='ocrx_word' id='word_1_51' title='bbox 1026 799 1263 846; x_wconf 92' lang='lat' dir='ltr'><strong>eorum</strong></span> <span class='ocrx_word' id='word_1_52' title='bbox 1316 778 1400 846; x_wconf 89' lang='lat' dir='ltr'><strong>ad</strong></span> <span class='ocrx_word' id='word_1_53' title='bbox 1432 778 1859 866; x_wconf 82' lang='lat' dir='ltr'><strong>mysterium</strong></span> <span class='ocrx_word' id='word_1_54' title='bbox 1897 778 2344 867; x_wconf 79' lang='lat' dir='ltr'><strong>cupiditatem</strong></span> <span class='ocrx_word' id='word_1_55' title='bbox 2378 776 2818 845; x_wconf 86' lang='lat' dir='ltr'><strong>vehementius</strong></span> <span class='ocrx_word' id='word_1_56' title='bbox 2841 798 2914 841; x_wconf 69' lang='lat' dir='ltr'><strong>at:-</strong></span> 
     </span>
     <span class='ocr_line' id='line_1_7' title="bbox 462 865 2938 956; baseline -0.003 -18"><span class='ocrx_word' id='word_1_57' title='bbox 462 868 827 949; x_wconf 86' lang='lat' dir='ltr'><strong>cendisset‚</strong></span> <span class='ocrx_word' id='word_1_58' title='bbox 881 888 1038 935; x_wconf 90' lang='lat' dir='ltr'><strong>cum</strong></span> <span class='ocrx_word' id='word_1_59' title='bbox 1093 880 1365 953; x_wconf 90' lang='lat' dir='ltr'><strong>tempus</strong></span> <span class='ocrx_word' id='word_1_60' title='bbox 1411 878 1612 945; x_wconf 90' lang='lat' dir='ltr'><strong>esset,</strong></span> <span class='ocrx_word' id='word_1_61' title='bbox 1668 879 1744 934; x_wconf 90' lang='lat' dir='ltr'><strong>ut</strong></span> <span class='ocrx_word' id='word_1_62' title='bbox 1789 888 2023 935; x_wconf 86' lang='lat' dir='ltr'><strong>eorum</strong></span> <span class='ocrx_word' id='word_1_63' title='bbox 2072 866 2317 956; x_wconf 87' lang='lat' dir='ltr'><strong>legatio</strong></span> <span class='ocrx_word' id='word_1_64' title='bbox 2368 865 2453 933; x_wconf 90' lang='lat' dir='ltr'><strong>ad</strong></span> <span class='ocrx_word' id='word_1_65' title='bbox 2506 866 2707 934; x_wconf 80' lang='lat' dir='ltr'><strong>linem</strong></span> <span class='ocrx_word' id='word_1_66' title='bbox 2758 885 2938 955; x_wconf 42' lang='lat' dir='ltr'><strong>perve-i</strong></span> 
     </span>
     <span class='ocr_line' id='line_1_8' title="bbox 462 952 2938 1044; baseline -0.004 -17"><span class='ocrx_word' id='word_1_67' title='bbox 462 958 662 1038; x_wconf 88' lang='lat' dir='ltr'><strong>niret,</strong></span> <span class='ocrx_word' id='word_1_68' title='bbox 706 969 771 1025; x_wconf 92' lang='lat' dir='ltr'><strong>et</strong></span> <span class='ocrx_word' id='word_1_69' title='bbox 817 969 1164 1025; x_wconf 87' lang='lat' dir='ltr'><strong>crearetur</strong></span> <span class='ocrx_word' id='word_1_70' title='bbox 1211 955 1465 1041; x_wconf 88' lang='lat' dir='ltr'><strong>aliquis</strong></span> <span class='ocrx_word' id='word_1_71' title='bbox 1507 955 1802 1044; x_wconf 78' lang='lat' dir='ltr'><strong>pontifex</strong></span> <span class='ocrx_word' id='word_1_72' title='bbox 1838 977 2075 1023; x_wconf 89' lang='lat' dir='ltr'><strong>eorum</strong></span> <span class='ocrx_word' id='word_1_73' title='bbox 2126 955 2479 1033; x_wconf 86' lang='lat' dir='ltr'><strong>ecclesiae,</strong></span> <span class='ocrx_word' id='word_1_74' title='bbox 2522 969 2681 1024; x_wconf 89' lang='lat' dir='ltr'><strong>tunc</strong></span> <span class='ocrx_word' id='word_1_75' title='bbox 2718 952 2938 1039; x_wconf 72' lang='lat' dir='ltr'><strong>quidem:</strong></span> 
     </span>
     <span class='ocr_line' id='line_1_9' title="bbox 461 1041 2921 1135; baseline -0.004 -18"><span class='ocrx_word' id='word_1_76' title='bbox 461 1069 540 1117; x_wconf 82' lang='lat' dir='ltr'><strong>ex</strong></span> <span class='ocrx_word' id='word_1_77' title='bbox 579 1047 684 1126; x_wconf 81' lang='lat' dir='ltr'><strong>iis,</strong></span> <span class='ocrx_word' id='word_1_78' title='bbox 723 1045 838 1132; x_wconf 89' lang='lat' dir='ltr'><strong>qui</strong></span> <span class='ocrx_word' id='word_1_79' title='bbox 876 1044 1317 1135; x_wconf 77' lang='lat' dir='ltr'><strong>magistratus</strong></span> <span class='ocrx_word' id='word_1_80' title='bbox 1366 1045 1716 1133; x_wconf 77' lang='lat' dir='ltr'><strong>gerebant,</strong></span> <span class='ocrx_word' id='word_1_81' title='bbox 1753 1066 1926 1130; x_wconf 90' lang='lat' dir='ltr'><strong>quos</strong></span> <span class='ocrx_word' id='word_1_82' title='bbox 1968 1055 2316 1123; x_wconf 84' lang='lat' dir='ltr'><strong>noverant,</strong></span> <span class='ocrx_word' id='word_1_83' title='bbox 2355 1066 2472 1113; x_wconf 89' lang='lat' dir='ltr'><strong>eos</strong></span> <span class='ocrx_word' id='word_1_84' title='bbox 2504 1043 2762 1112; x_wconf 88' lang='lat' dir='ltr'><strong>curiose</strong></span> <span class='ocrx_word' id='word_1_85' title='bbox 2792 1041 2921 1109; x_wconf 77' lang='lat' dir='ltr'><strong>inda-</strong></span> 
     </span>
     <span class='ocr_line' id='line_1_10' title="bbox 464 1130 2918 1227; baseline -0.003 -22"><span class='ocrx_word' id='word_1_86' title='bbox 464 1136 741 1227; x_wconf 86' lang='lat' dir='ltr'><strong>gabant,</strong></span> <span class='ocrx_word' id='word_1_87' title='bbox 786 1133 903 1220; x_wconf 89' lang='lat' dir='ltr'><strong>qui</strong></span> <span class='ocrx_word' id='word_1_88' title='bbox 967 1132 1244 1201; x_wconf 90' lang='lat' dir='ltr'><strong>dicendi</strong></span> <span class='ocrx_word' id='word_1_89' title='bbox 1312 1131 1658 1213; x_wconf 79' lang='lat' dir='ltr'><strong>facultate,</strong></span> <span class='ocrx_word' id='word_1_90' title='bbox 1714 1146 1778 1202; x_wconf 88' lang='lat' dir='ltr'><strong>et</strong></span> <span class='ocrx_word' id='word_1_91' title='bbox 1826 1154 2095 1222; x_wconf 80' lang='lat' dir='ltr'><strong>genere,</strong></span> <span class='ocrx_word' id='word_1_92' title='bbox 2148 1146 2210 1202; x_wconf 91' lang='lat' dir='ltr'><strong>et</strong></span> <span class='ocrx_word' id='word_1_93' title='bbox 2261 1132 2550 1219; x_wconf 89' lang='lat' dir='ltr'><strong>reliquis</strong></span> <span class='ocrx_word' id='word_1_94' title='bbox 2614 1130 2918 1220; x_wconf 55' lang='lat' dir='ltr'><strong>insignibat</strong></span> 
     </span>
     <span class='ocr_line' id='line_1_11' title="bbox 463 1220 2914 1306; baseline -0.004 -13"><span class='ocrx_word' id='word_1_95' title='bbox 463 1223 888 1294; x_wconf 86' lang='lat' dir='ltr'><strong>ornamentis</strong></span> <span class='ocrx_word' id='word_1_96' title='bbox 936 1221 1344 1289; x_wconf 89' lang='lat' dir='ltr'><strong>videbantur</strong></span> <span class='ocrx_word' id='word_1_97' title='bbox 1410 1221 1759 1290; x_wconf 86' lang='lat' dir='ltr'><strong>excellere.</strong></span> <span class='ocrx_word' id='word_1_98' title='bbox 1816 1222 2311 1290; x_wconf 78' lang='lat' dir='ltr'><strong>Existimabam</strong></span> <span class='ocrx_word' id='word_1_99' title='bbox 2379 1222 2615 1299; x_wconf 89' lang='lat' dir='ltr'><strong>enim,</strong></span> <span class='ocrx_word' id='word_1_100' title='bbox 2671 1220 2914 1306; x_wconf 77' lang='lat' dir='ltr'><strong>quoniam</strong></span> 
     </span>
     <span class='ocr_line' id='line_1_12' title="bbox 464 1309 2914 1401; baseline -0.005 -18"><span class='ocrx_word' id='word_1_101' title='bbox 464 1313 633 1383; x_wconf 89' lang='lat' dir='ltr'><strong>haec</strong></span> <span class='ocrx_word' id='word_1_102' title='bbox 687 1312 750 1380; x_wconf 91' lang='lat' dir='ltr'><strong>in</strong></span> <span class='ocrx_word' id='word_1_103' title='bbox 806 1332 1056 1401; x_wconf 90' lang='lat' dir='ltr'><strong>magno</strong></span> <span class='ocrx_word' id='word_1_104' title='bbox 1102 1331 1375 1395; x_wconf 85' lang='lat' dir='ltr'><strong>quoque</strong></span> <span class='ocrx_word' id='word_1_105' title='bbox 1418 1311 1742 1398; x_wconf 88' lang='lat' dir='ltr'><strong>Gregorio</strong></span> <span class='ocrx_word' id='word_1_106' title='bbox 1778 1310 2070 1390; x_wconf 88' lang='lat' dir='ltr'><strong>inerant,</strong></span> <span class='ocrx_word' id='word_1_107' title='bbox 2111 1333 2234 1378; x_wconf 86' lang='lat' dir='ltr'><strong>nec</strong></span> <span class='ocrx_word' id='word_1_108' title='bbox 2266 1331 2504 1379; x_wconf 90' lang='lat' dir='ltr'><strong>eorum</strong></span> <span class='ocrx_word' id='word_1_109' title='bbox 2558 1309 2795 1377; x_wconf 88' lang='lat' dir='ltr'><strong>debere</strong></span> <span class='ocrx_word' id='word_1_110' title='bbox 2834 1328 2914 1374; x_wconf 57' lang='lat' dir='ltr'><strong>ese</strong></span> 
     </span>
     <span class='ocr_line' id='line_1_13' title="bbox 465 1392 2915 1490; baseline -0.005 -19"><span class='ocrx_word' id='word_1_111' title='bbox 465 1413 806 1490; x_wconf 86' lang='lat' dir='ltr'><strong>expertem</strong></span> <span class='ocrx_word' id='word_1_112' title='bbox 863 1421 1048 1480; x_wconf 88' lang='lat' dir='ltr'><strong>eum,</strong></span> <span class='ocrx_word' id='word_1_113' title='bbox 1086 1398 1206 1484; x_wconf 89' lang='lat' dir='ltr'><strong>qui</strong></span> <span class='ocrx_word' id='word_1_114' title='bbox 1237 1397 1322 1466; x_wconf 91' lang='lat' dir='ltr'><strong>ad</strong></span> <span class='ocrx_word' id='word_1_115' title='bbox 1362 1399 1539 1467; x_wconf 85' lang='lat' dir='ltr'><strong>hanc</strong></span> <span class='ocrx_word' id='word_1_116' title='bbox 1584 1399 1961 1487; x_wconf 87' lang='lat' dir='ltr'><strong>perveniret</strong></span> <span class='ocrx_word' id='word_1_117' title='bbox 2046 1400 2308 1467; x_wconf 88' lang='lat' dir='ltr'><strong>ratiam.</strong></span> <span class='ocrx_word' id='word_1_118' title='bbox 2347 1403 2513 1467; x_wconf 88' lang='lat' dir='ltr'><strong>Cum</strong></span> <span class='ocrx_word' id='word_1_119' title='bbox 2560 1413 2781 1467; x_wconf 88' lang='lat' dir='ltr'><strong>autem</strong></span> <span class='ocrx_word' id='word_1_120' title='bbox 2813 1392 2915 1461; x_wconf 87' lang='lat' dir='ltr'><strong>mul·</strong></span> 
     </span>
     <span class='ocr_line' id='line_1_14' title="bbox 466 1487 2916 1579; baseline -0.004 -19"><span class='ocrx_word' id='word_1_121' title='bbox 466 1490 725 1579; x_wconf 84' lang='lat' dir='ltr'><strong>tiplicia</strong></span> <span class='ocrx_word' id='word_1_122' title='bbox 760 1501 986 1558; x_wconf 88' lang='lat' dir='ltr'><strong>essent</strong></span> <span class='ocrx_word' id='word_1_123' title='bbox 1017 1509 1253 1557; x_wconf 90' lang='lat' dir='ltr'><strong>eorum</strong></span> <span class='ocrx_word' id='word_1_124' title='bbox 1305 1487 1657 1577; x_wconf 79' lang='lat' dir='ltr'><strong>suffragia,</strong></span> <span class='ocrx_word' id='word_1_125' title='bbox 1698 1500 1762 1556; x_wconf 93' lang='lat' dir='ltr'><strong>et</strong></span> <span class='ocrx_word' id='word_1_126' title='bbox 1800 1487 1918 1556; x_wconf 88' lang='lat' dir='ltr'><strong>alii</strong></span> <span class='ocrx_word' id='word_1_127' title='bbox 1958 1511 1993 1555; x_wconf 93' lang='lat' dir='ltr'><strong>a</strong></span> <span class='ocrx_word' id='word_1_128' title='bbox 2033 1489 2171 1556; x_wconf 89' lang='lat' dir='ltr'><strong>ium</strong></span> <span class='ocrx_word' id='word_1_129' title='bbox 2211 1499 2731 1577; x_wconf 85' lang='lat' dir='ltr'><strong>praeponerent,</strong></span> <span class='ocrx_word' id='word_1_130' title='bbox 2765 1502 2916 1570; x_wconf 66' lang='lat' dir='ltr'><strong>exspe-</strong></span> 
     </span>
     <span class='ocr_line' id='line_1_15' title="bbox 467 1568 2917 1667; baseline -0.005 -19"><span class='ocrx_word' id='word_1_131' title='bbox 467 1579 692 1648; x_wconf 90' lang='lat' dir='ltr'><strong>ctabat</strong></span> <span class='ocrx_word' id='word_1_132' title='bbox 742 1598 1037 1667; x_wconf 89' lang='lat' dir='ltr'><strong>magnus</strong></span> <span class='ocrx_word' id='word_1_133' title='bbox 1085 1576 1447 1664; x_wconf 87' lang='lat' dir='ltr'><strong>Gregorius</strong></span> <span class='ocrx_word' id='word_1_134' title='bbox 1478 1630 1493 1656; x_wconf 92' lang='lat'><strong>,</strong></span> <span class='ocrx_word' id='word_1_135' title='bbox 1547 1576 1763 1645; x_wconf 89' lang='lat' dir='ltr'><strong>donec</strong></span> <span class='ocrx_word' id='word_1_136' title='bbox 1817 1576 1949 1645; x_wconf 86' lang='lat' dir='ltr'><strong>sibi</strong></span> <span class='ocrx_word' id='word_1_137' title='bbox 1999 1576 2333 1644; x_wconf 90' lang='lat' dir='ltr'><strong>divinitus</strong></span> <span class='ocrx_word' id='word_1_138' title='bbox 2394 1576 2681 1645; x_wconf 88' lang='lat' dir='ltr'><strong>daretur</strong></span> <span class='ocrx_word' id='word_1_139' title='bbox 2726 1568 2917 1658; x_wconf 68' lang='lat' dir='ltr'><strong>aliquod</strong></span> 
     </span>
     <span class='ocr_line' id='line_1_16' title="bbox 467 1663 2921 1754; baseline -0.005 -17"><span class='ocrx_word' id='word_1_140' title='bbox 467 1666 833 1737; x_wconf 89' lang='lat' dir='ltr'><strong>consilium</strong></span> <span class='ocrx_word' id='word_1_141' title='bbox 886 1665 969 1734; x_wconf 88' lang='lat' dir='ltr'><strong>ad</strong></span> <span class='ocrx_word' id='word_1_142' title='bbox 1023 1663 1114 1739; x_wconf 85' lang='lat' dir='ltr'><strong>id,</strong></span> <span class='ocrx_word' id='word_1_143' title='bbox 1168 1665 1348 1750; x_wconf 88' lang='lat' dir='ltr'><strong>quod</strong></span> <span class='ocrx_word' id='word_1_144' title='bbox 1399 1677 1545 1733; x_wconf 89' lang='lat' dir='ltr'><strong>erat</strong></span> <span class='ocrx_word' id='word_1_145' title='bbox 1595 1666 2047 1754; x_wconf 90' lang='lat' dir='ltr'><strong>propositum.</strong></span> <span class='ocrx_word' id='word_1_146' title='bbox 2092 1670 2170 1734; x_wconf 92' lang='lat' dir='ltr'><strong>Et</strong></span> <span class='ocrx_word' id='word_1_147' title='bbox 2222 1664 2572 1751; x_wconf 89' lang='lat' dir='ltr'><strong>quomodo</strong></span> <span class='ocrx_word' id='word_1_148' title='bbox 2629 1664 2826 1732; x_wconf 84' lang='lat' dir='ltr'><strong>fertur</strong></span> <span class='ocrx_word' id='word_1_149' title='bbox 2856 1677 2921 1725; x_wconf 71' lang='lat' dir='ltr'><strong>:a-</strong></span> 
     </span>
     <span class='ocr_line' id='line_1_17' title="bbox 468 1751 2922 1844; baseline -0.005 -18"><span class='ocrx_word' id='word_1_150' title='bbox 468 1754 653 1825; x_wconf 84' lang='lat' dir='ltr'><strong>muel</strong></span> <span class='ocrx_word' id='word_1_151' title='bbox 706 1776 840 1822; x_wconf 88' lang='lat' dir='ltr'><strong>non</strong></span> <span class='ocrx_word' id='word_1_152' title='bbox 890 1775 1038 1825; x_wconf 88' lang='lat' dir='ltr'><strong>esse</strong></span> <span class='ocrx_word' id='word_1_153' title='bbox 1085 1751 1468 1823; x_wconf 88' lang='lat' dir='ltr'><strong>admiratus</strong></span> <span class='ocrx_word' id='word_1_154' title='bbox 1531 1753 2069 1843; x_wconf 85' lang='lat' dir='ltr'><strong>pulcritudinem</strong></span> <span class='ocrx_word' id='word_1_155' title='bbox 2119 1765 2185 1822; x_wconf 87' lang='lat' dir='ltr'><strong>et</strong></span> <span class='ocrx_word' id='word_1_156' title='bbox 2235 1752 2781 1844; x_wconf 79' lang='lat' dir='ltr'><strong>magnitudinem</strong></span> <span class='ocrx_word' id='word_1_157' title='bbox 2837 1770 2922 1841; x_wconf 31' lang='lat' dir='ltr'><strong>cor·</strong></span> 
     </span>
     <span class='ocr_line' id='line_1_18' title="bbox 468 1840 2921 1934; baseline -0.004 -21"><span class='ocrx_word' id='word_1_158' title='bbox 468 1866 710 1934; x_wconf 87' lang='lat' dir='ltr'><strong>porum</strong></span> <span class='ocrx_word' id='word_1_159' title='bbox 766 1845 831 1911; x_wconf 91' lang='lat' dir='ltr'><strong>in</strong></span> <span class='ocrx_word' id='word_1_160' title='bbox 871 1843 1051 1933; x_wconf 87' lang='lat' dir='ltr'><strong>regis</strong></span> <span class='ocrx_word' id='word_1_161' title='bbox 1090 1841 1382 1929; x_wconf 86' lang='lat' dir='ltr'><strong>judicio,</strong></span> <span class='ocrx_word' id='word_1_162' title='bbox 1422 1841 1537 1910; x_wconf 90' lang='lat' dir='ltr'><strong>sed</strong></span> <span class='ocrx_word' id='word_1_163' title='bbox 1581 1844 1892 1911; x_wconf 89' lang='lat' dir='ltr'><strong>animum</strong></span> <span class='ocrx_word' id='word_1_164' title='bbox 1949 1842 2372 1928; x_wconf 86' lang='lat' dir='ltr'><strong>requisiisset</strong></span> <span class='ocrx_word' id='word_1_165' title='bbox 2411 1844 2710 1932; x_wconf 80' lang='lat' dir='ltr'><strong>regium,</strong></span> <span class='ocrx_word' id='word_1_166' title='bbox 2737 1840 2921 1909; x_wconf 70' lang='lat' dir='ltr'><strong>etiamst</strong></span> 
     </span>
     <span class='ocr_line' id='line_1_19' title="bbox 466 1926 2922 2020; baseline -0.006 -17"><span class='ocrx_word' id='word_1_167' title='bbox 466 1934 555 2003; x_wconf 90' lang='lat' dir='ltr'><strong>sit</strong></span> <span class='ocrx_word' id='word_1_168' title='bbox 602 1933 669 2001; x_wconf 89' lang='lat' dir='ltr'><strong>in</strong></span> <span class='ocrx_word' id='word_1_169' title='bbox 715 1931 831 2000; x_wconf 88' lang='lat' dir='ltr'><strong>vili</strong></span> <span class='ocrx_word' id='word_1_170' title='bbox 878 1945 943 2000; x_wconf 84' lang='lat' dir='ltr'><strong>et</strong></span> <span class='ocrx_word' id='word_1_171' title='bbox 988 1943 1378 2020; x_wconf 90' lang='lat' dir='ltr'><strong>contempto</strong></span> <span class='ocrx_word' id='word_1_172' title='bbox 1425 1952 1745 2020; x_wconf 86' lang='lat' dir='ltr'><strong>corpore:</strong></span> <span class='ocrx_word' id='word_1_173' title='bbox 1784 1932 1872 2000; x_wconf 90' lang='lat' dir='ltr'><strong>ita</strong></span> <span class='ocrx_word' id='word_1_174' title='bbox 1905 1931 2018 1999; x_wconf 92' lang='lat' dir='ltr'><strong>ille</strong></span> <span class='ocrx_word' id='word_1_175' title='bbox 2050 1952 2324 2019; x_wconf 83' lang='lat' dir='ltr'><strong>quoque</strong></span> <span class='ocrx_word' id='word_1_176' title='bbox 2353 1931 2744 2020; x_wconf 91' lang='lat' dir='ltr'><strong>despiciens</strong></span> <span class='ocrx_word' id='word_1_177' title='bbox 2774 1926 2922 1997; x_wconf 71' lang='lat' dir='ltr'><strong>studia</strong></span> 
     </span>
     <span class='ocr_line' id='line_1_20' title="bbox 464 2016 2919 2110; baseline -0.004 -18"><span class='ocrx_word' id='word_1_178' title='bbox 464 2044 728 2102; x_wconf 89' lang='lat' dir='ltr'><strong>eorum,</strong></span> <span class='ocrx_word' id='word_1_179' title='bbox 780 2021 899 2107; x_wconf 85' lang='lat' dir='ltr'><strong>qui</strong></span> <span class='ocrx_word' id='word_1_180' title='bbox 950 2018 1254 2089; x_wconf 84' lang='lat' dir='ltr'><strong>ferebant</strong></span> <span class='ocrx_word' id='word_1_181' title='bbox 1302 2019 1656 2109; x_wconf 84' lang='lat' dir='ltr'><strong>suffragia,</strong></span> <span class='ocrx_word' id='word_1_182' title='bbox 1696 2020 1822 2088; x_wconf 88' lang='lat' dir='ltr'><strong>hoc</strong></span> <span class='ocrx_word' id='word_1_183' title='bbox 1862 2042 2084 2089; x_wconf 88' lang='lat' dir='ltr'><strong>unum</strong></span> <span class='ocrx_word' id='word_1_184' title='bbox 2136 2020 2578 2089; x_wconf 87' lang='lat' dir='ltr'><strong>solummodo</strong></span> <span class='ocrx_word' id='word_1_185' title='bbox 2626 2016 2919 2110; x_wconf 74' lang='lat' dir='ltr'><strong>spectabat</strong></span> 
     </span>
     <span class='ocr_line' id='line_1_21' title="bbox 465 2102 2919 2198; baseline -0.006 -18"><span class='ocrx_word' id='word_1_186' title='bbox 465 2132 630 2180; x_wconf 88' lang='lat' dir='ltr'><strong>num</strong></span> <span class='ocrx_word' id='word_1_187' title='bbox 677 2110 834 2196; x_wconf 85' lang='lat' dir='ltr'><strong>quis</strong></span> <span class='ocrx_word' id='word_1_188' title='bbox 870 2109 966 2177; x_wconf 85' lang='lat' dir='ltr'><strong>vel</strong></span> <span class='ocrx_word' id='word_1_189' title='bbox 1018 2120 1384 2194; x_wconf 79' lang='lat' dir='ltr'><strong>antequam</strong></span> <span class='ocrx_word' id='word_1_190' title='bbox 1440 2109 1904 2188; x_wconf 87' lang='lat' dir='ltr'><strong>renuncietur,</strong></span> <span class='ocrx_word' id='word_1_191' title='bbox 1937 2110 2109 2177; x_wconf 89' lang='lat' dir='ltr'><strong>vitae</strong></span> <span class='ocrx_word' id='word_1_192' title='bbox 2157 2122 2223 2177; x_wconf 91' lang='lat' dir='ltr'><strong>et</strong></span> <span class='ocrx_word' id='word_1_193' title='bbox 2271 2109 2541 2177; x_wconf 90' lang='lat' dir='ltr'><strong>virtutis</strong></span> <span class='ocrx_word' id='word_1_194' title='bbox 2585 2102 2919 2198; x_wconf 66' lang='lat' dir='ltr'><strong>exercendae</strong></span> 
     </span>
     <span class='ocr_line' id='line_1_22' title="bbox 464 2196 2920 2277; baseline -0.002 -8"><span class='ocrx_word' id='word_1_195' title='bbox 464 2199 806 2269; x_wconf 89' lang='lat' dir='ltr'><strong>industria</strong></span> <span class='ocrx_word' id='word_1_196' title='bbox 838 2197 905 2266; x_wconf 92' lang='lat' dir='ltr'><strong>in</strong></span> <span class='ocrx_word' id='word_1_197' title='bbox 952 2196 1261 2266; x_wconf 89' lang='lat' dir='ltr'><strong>moribus</strong></span> <span class='ocrx_word' id='word_1_198' title='bbox 1297 2196 1463 2265; x_wconf 85' lang='lat' dir='ltr'><strong>ferat</strong></span> <span class='ocrx_word' id='word_1_199' title='bbox 1502 2196 1988 2267; x_wconf 87' lang='lat' dir='ltr'><strong>sacerdotium.</strong></span> <span class='ocrx_word' id='word_1_200' title='bbox 2027 2201 2190 2265; x_wconf 89' lang='lat' dir='ltr'><strong>Cum</strong></span> <span class='ocrx_word' id='word_1_201' title='bbox 2242 2212 2469 2266; x_wconf 92' lang='lat' dir='ltr'><strong>autem</strong></span> <span class='ocrx_word' id='word_1_202' title='bbox 2522 2197 2622 2265; x_wconf 88' lang='lat' dir='ltr'><strong>illi</strong></span> <span class='ocrx_word' id='word_1_203' title='bbox 2680 2212 2920 2277; x_wconf 78' lang='lat' dir='ltr'><strong>eos,qu¹·</strong></span> 
     </span>
     <span class='ocr_line' id='line_1_23' title="bbox 463 2284 2919 2365; baseline -0.004 -7"><span class='ocrx_word' id='word_1_204' title='bbox 463 2288 597 2358; x_wconf 85' lang='lat' dir='ltr'><strong>bus</strong></span> <span class='ocrx_word' id='word_1_205' title='bbox 631 2311 754 2357; x_wconf 90' lang='lat' dir='ltr'><strong>sua</strong></span> <span class='ocrx_word' id='word_1_206' title='bbox 787 2286 1116 2355; x_wconf 88' lang='lat' dir='ltr'><strong>dederant</strong></span> <span class='ocrx_word' id='word_1_207' title='bbox 1163 2286 1370 2354; x_wconf 80' lang='lat' dir='ltr'><strong>suffra</strong></span> <span class='ocrx_word' id='word_1_208' title='bbox 1432 2285 1514 2365; x_wconf 92' lang='lat' dir='ltr'><strong>ia,</strong></span> <span class='ocrx_word' id='word_1_209' title='bbox 1555 2286 1975 2355; x_wconf 88' lang='lat' dir='ltr'><strong>adducerent</strong></span> <span class='ocrx_word' id='word_1_210' title='bbox 2011 2308 2170 2355; x_wconf 90' lang='lat' dir='ltr'><strong>cum</strong></span> <span class='ocrx_word' id='word_1_211' title='bbox 2209 2284 2749 2363; x_wconf 88' lang='lat' dir='ltr'><strong>laudationibus,</strong></span> <span class='ocrx_word' id='word_1_212' title='bbox 2783 2300 2919 2352; x_wconf 74' lang='lat' dir='ltr'><strong>unus·</strong></span> 
     </span>
     <span class='ocr_line' id='line_1_24' title="bbox 463 2368 2919 2468; baseline -0.002 -21"><span class='ocrx_word' id='word_1_213' title='bbox 463 2377 757 2465; x_wconf 85' lang='lat' dir='ltr'><strong>quisque</strong></span> <span class='ocrx_word' id='word_1_214' title='bbox 804 2397 987 2455; x_wconf 91' lang='lat' dir='ltr'><strong>eum,</strong></span> <span class='ocrx_word' id='word_1_215' title='bbox 1024 2374 1139 2462; x_wconf 90' lang='lat' dir='ltr'><strong>qui</strong></span> <span class='ocrx_word' id='word_1_216' title='bbox 1182 2396 1219 2442; x_wconf 92' lang='lat' dir='ltr'><strong>a</strong></span> <span class='ocrx_word' id='word_1_217' title='bbox 1259 2396 1329 2443; x_wconf 89' lang='lat' dir='ltr'><strong>se</strong></span> <span class='ocrx_word' id='word_1_218' title='bbox 1360 2397 1395 2444; x_wconf 88' lang='lat' dir='ltr'><strong>e</strong></span> <span class='ocrx_word' id='word_1_219' title='bbox 1431 2376 1764 2464; x_wconf 87' lang='lat' dir='ltr'><strong>igebatur,</strong></span> <span class='ocrx_word' id='word_1_220' title='bbox 1808 2396 2235 2465; x_wconf 85' lang='lat' dir='ltr'><strong>proponens:</strong></span> <span class='ocrx_word' id='word_1_221' title='bbox 2277 2373 2389 2444; x_wconf 91' lang='lat' dir='ltr'><strong>ille</strong></span> <span class='ocrx_word' id='word_1_222' title='bbox 2440 2397 2596 2445; x_wconf 88' lang='lat' dir='ltr'><strong>vero</strong></span> <span class='ocrx_word' id='word_1_223' title='bbox 2647 2377 2830 2444; x_wconf 87' lang='lat' dir='ltr'><strong>etiarn</strong></span> <span class='ocrx_word' id='word_1_224' title='bbox 2868 2368 2919 2468; x_wconf 49' lang='grc' dir='ltr'><strong>ΥΡ</strong></span> 
     </span>
     <span class='ocr_line' id='line_1_25' title="bbox 464 2463 2919 2552; baseline -0.005 -16"><span class='ocrx_word' id='word_1_225' title='bbox 464 2466 711 2547; x_wconf 93' lang='lat' dir='ltr'><strong>liores,</strong></span> <span class='ocrx_word' id='word_1_226' title='bbox 770 2465 1050 2552; x_wconf 83' lang='lat' dir='ltr'><strong>jubebat</strong></span> <span class='ocrx_word' id='word_1_227' title='bbox 1104 2464 1477 2551; x_wconf 86' lang='lat' dir='ltr'><strong>respicere,</strong></span> <span class='ocrx_word' id='word_1_228' title='bbox 1532 2486 1670 2550; x_wconf 89' lang='lat' dir='ltr'><strong>quo</strong></span> <span class='ocrx_word' id='word_1_229' title='bbox 1716 2464 1800 2533; x_wconf 88' lang='lat' dir='ltr'><strong>ad</strong></span> <span class='ocrx_word' id='word_1_230' title='bbox 1867 2464 2040 2532; x_wconf 89' lang='lat' dir='ltr'><strong>vitae</strong></span> <span class='ocrx_word' id='word_1_231' title='bbox 2089 2463 2552 2534; x_wconf 86' lang='lat' dir='ltr'><strong>honestatem:</strong></span> <span class='ocrx_word' id='word_1_232' title='bbox 2620 2464 2760 2534; x_wconf 79' lang='lat' dir='ltr'><strong>lieri</strong></span> <span class='ocrx_word' id='word_1_233' title='bbox 2802 2475 2919 2527; x_wconf 79' lang='lat' dir='ltr'><strong>enim</strong></span> 
     </span>
     <span class='ocr_line' id='line_1_26' title="bbox 465 2552 2917 2645; baseline -0.002 -20"><span class='ocrx_word' id='word_1_234' title='bbox 465 2577 689 2645; x_wconf 89' lang='lat' dir='ltr'><strong>posse,</strong></span> <span class='ocrx_word' id='word_1_235' title='bbox 720 2567 793 2622; x_wconf 91' lang='lat' dir='ltr'><strong>ut</strong></span> <span class='ocrx_word' id='word_1_236' title='bbox 823 2554 1025 2623; x_wconf 91' lang='lat' dir='ltr'><strong>etiam</strong></span> <span class='ocrx_word' id='word_1_237' title='bbox 1071 2552 1138 2620; x_wconf 90' lang='lat' dir='ltr'><strong>in</strong></span> <span class='ocrx_word' id='word_1_238' title='bbox 1199 2552 1306 2620; x_wconf 89' lang='lat' dir='ltr'><strong>his</strong></span> <span class='ocrx_word' id='word_1_239' title='bbox 1353 2552 1743 2621; x_wconf 87' lang='lat' dir='ltr'><strong>inveniatur</strong></span> <span class='ocrx_word' id='word_1_240' title='bbox 1772 2552 2050 2640; x_wconf 88' lang='lat' dir='ltr'><strong>aliquis,</strong></span> <span class='ocrx_word' id='word_1_241' title='bbox 2093 2553 2177 2621; x_wconf 89' lang='lat' dir='ltr'><strong>iis</strong></span> <span class='ocrx_word' id='word_1_242' title='bbox 2216 2554 2336 2639; x_wconf 89' lang='lat' dir='ltr'><strong>qui</strong></span> <span class='ocrx_word' id='word_1_243' title='bbox 2371 2567 2534 2622; x_wconf 91' lang='lat' dir='ltr'><strong>sunt</strong></span> <span class='ocrx_word' id='word_1_244' title='bbox 2567 2552 2917 2623; x_wconf 56' lang='lat' dir='ltr'><strong>illustriores</strong></span> 
     </span>
     <span class='ocr_line' id='line_1_27' title="bbox 464 2637 2918 2732; baseline -0.002 -19"><span class='ocrx_word' id='word_1_245' title='bbox 464 2644 737 2713; x_wconf 85' lang='lat' dir='ltr'><strong>animae</strong></span> <span class='ocrx_word' id='word_1_246' title='bbox 785 2641 1040 2710; x_wconf 85' lang='lat' dir='ltr'><strong>divitiis</strong></span> <span class='ocrx_word' id='word_1_247' title='bbox 1088 2640 1436 2710; x_wconf 86' lang='lat' dir='ltr'><strong>excelsior:</strong></span> <span class='ocrx_word' id='word_1_248' title='bbox 1489 2642 1771 2727; x_wconf 89' lang='lat' dir='ltr'><strong>quidam</strong></span> <span class='ocrx_word' id='word_1_249' title='bbox 1806 2664 1882 2710; x_wconf 85' lang='lat' dir='ltr'><strong>ex</strong></span> <span class='ocrx_word' id='word_1_250' title='bbox 1927 2642 2034 2720; x_wconf 90' lang='lat' dir='ltr'><strong>iis,</strong></span> <span class='ocrx_word' id='word_1_251' title='bbox 2071 2642 2190 2727; x_wconf 87' lang='lat' dir='ltr'><strong>qui</strong></span> <span class='ocrx_word' id='word_1_252' title='bbox 2230 2655 2586 2732; x_wconf 90' lang='lat' dir='ltr'><strong>praeerant</strong></span> <span class='ocrx_word' id='word_1_253' title='bbox 2623 2637 2918 2728; x_wconf 63' lang='lat' dir='ltr'><strong>suffragii-⁴3</strong></span> 
     </span>
     <span class='ocr_line' id='line_1_28' title="bbox 463 2730 2921 2820; baseline 0.001 -18"><span class='ocrx_word' id='word_1_254' title='bbox 463 2732 642 2802; x_wconf 90' lang='lat' dir='ltr'><strong>hanc</strong></span> <span class='ocrx_word' id='word_1_255' title='bbox 696 2731 928 2820; x_wconf 81' lang='lat' dir='ltr'><strong>magni</strong></span> <span class='ocrx_word' id='word_1_256' title='bbox 978 2735 1104 2799; x_wconf 89' lang='lat' dir='ltr'><strong>Gre</strong></span> <span class='ocrx_word' id='word_1_257' title='bbox 1156 2730 1282 2797; x_wconf 91' lang='lat' dir='ltr'><strong>orii</strong></span> <span class='ocrx_word' id='word_1_258' title='bbox 1333 2731 1737 2799; x_wconf 88' lang='lat' dir='ltr'><strong>sententiam</strong></span> <span class='ocrx_word' id='word_1_259' title='bbox 1797 2730 2209 2799; x_wconf 84' lang='lat' dir='ltr'><strong>existimavit</strong></span> <span class='ocrx_word' id='word_1_260' title='bbox 2249 2753 2399 2799; x_wconf 89' lang='lat' dir='ltr'><strong>esse</strong></span> <span class='ocrx_word' id='word_1_261' title='bbox 2453 2731 2921 2819; x_wconf 49' lang='lat' dir='ltr'><strong>derisionem„Sl</strong></span> 
     </span>
     <span class='ocr_line' id='line_1_29' title="bbox 462 2818 2920 2906; baseline -0.002 -17"><span class='ocrx_word' id='word_1_262' title='bbox 462 2843 539 2890; x_wconf 84' lang='lat' dir='ltr'><strong>ex</strong></span> <span class='ocrx_word' id='word_1_263' title='bbox 589 2821 697 2900; x_wconf 81' lang='lat' dir='ltr'><strong>iis,</strong></span> <span class='ocrx_word' id='word_1_264' title='bbox 737 2821 854 2906; x_wconf 89' lang='lat' dir='ltr'><strong>qui</strong></span> <span class='ocrx_word' id='word_1_265' title='bbox 890 2818 1085 2887; x_wconf 87' lang='lat' dir='ltr'><strong>dicen</strong></span> <span class='ocrx_word' id='word_1_266' title='bbox 1149 2820 1163 2886; x_wconf 92' lang='lat' dir='ltr'><strong>i</strong></span> <span class='ocrx_word' id='word_1_267' title='bbox 1202 2818 1543 2898; x_wconf 79' lang='lat' dir='ltr'><strong>facultate,</strong></span> <span class='ocrx_word' id='word_1_268' title='bbox 1578 2832 1641 2887; x_wconf 91' lang='lat' dir='ltr'><strong>et</strong></span> <span class='ocrx_word' id='word_1_269' title='bbox 1688 2818 1754 2885; x_wconf 86' lang='lat' dir='ltr'><strong>di</strong></span> <span class='ocrx_word' id='word_1_270' title='bbox 1815 2820 2045 2899; x_wconf 88' lang='lat' dir='ltr'><strong>nitate,</strong></span> <span class='ocrx_word' id='word_1_271' title='bbox 2078 2832 2143 2887; x_wconf 89' lang='lat' dir='ltr'><strong>et</strong></span> <span class='ocrx_word' id='word_1_272' title='bbox 2179 2818 2540 2888; x_wconf 87' lang='lat' dir='ltr'><strong>manifesto</strong></span> <span class='ocrx_word' id='word_1_273' title='bbox 2591 2821 2759 2889; x_wconf 91' lang='lat' dir='ltr'><strong>vitae</strong></span> <span class='ocrx_word' id='word_1_274' title='bbox 2801 2825 2920 2906; x_wconf 70' lang='lat' dir='ltr'><strong>testi·</strong></span> 
     </span>
     <span class='ocr_line' id='line_1_30' title="bbox 463 2901 2921 2998; baseline -0.006 -19"><span class='ocrx_word' id='word_1_275' title='bbox 463 2909 696 2979; x_wconf 89' lang='lat' dir='ltr'><strong>monio</strong></span> <span class='ocrx_word' id='word_1_276' title='bbox 747 2906 1026 2998; x_wconf 89' lang='lat' dir='ltr'><strong>praelati</strong></span> <span class='ocrx_word' id='word_1_277' title='bbox 1062 2922 1221 2976; x_wconf 90' lang='lat' dir='ltr'><strong>sunt</strong></span> <span class='ocrx_word' id='word_1_278' title='bbox 1269 2907 1448 2987; x_wconf 90' lang='lat' dir='ltr'><strong>aliis,</strong></span> <span class='ocrx_word' id='word_1_279' title='bbox 1503 2907 1690 2976; x_wconf 88' lang='lat' dir='ltr'><strong>nullo</strong></span> <span class='ocrx_word' id='word_1_280' title='bbox 1723 2930 1756 2976; x_wconf 87' lang='lat' dir='ltr'><strong>a</strong></span> <span class='ocrx_word' id='word_1_281' title='bbox 1819 2909 2028 2979; x_wconf 91' lang='lat' dir='ltr'><strong>misso</strong></span> <span class='ocrx_word' id='word_1_282' title='bbox 2075 2906 2157 2975; x_wconf 94' lang='lat' dir='ltr'><strong>ad</strong></span> <span class='ocrx_word' id='word_1_283' title='bbox 2213 2908 2697 2988; x_wconf 87' lang='lat' dir='ltr'><strong>sacerdotium,</strong></span> <span class='ocrx_word' id='word_1_284' title='bbox 2734 2929 2801 2976; x_wconf 79' lang='lat' dir='ltr'><strong>ex</strong></span> <span class='ocrx_word' id='word_1_285' title='bbox 2840 2901 2921 2994; x_wconf 66' lang='lat' dir='ltr'><strong>illi·</strong></span> 
     </span>
     <span class='ocr_line' id='line_1_31' title="bbox 460 2988 2922 3086; baseline -0.004 -19"><span class='ocrx_word' id='word_1_286' title='bbox 460 2997 814 3067; x_wconf 85' lang='lat' dir='ltr'><strong>heralibus</strong></span> <span class='ocrx_word' id='word_1_287' title='bbox 859 3008 922 3065; x_wconf 91' lang='lat' dir='ltr'><strong>et</strong></span> <span class='ocrx_word' id='word_1_288' title='bbox 953 2996 1251 3065; x_wconf 88' lang='lat' dir='ltr'><strong>sordidis</strong></span> <span class='ocrx_word' id='word_1_289' title='bbox 1283 2996 1667 3066; x_wconf 84' lang='lat' dir='ltr'><strong>artificibus</strong></span> <span class='ocrx_word' id='word_1_290' title='bbox 1715 2996 1798 3064; x_wconf 87' lang='lat' dir='ltr'><strong>ad</strong></span> <span class='ocrx_word' id='word_1_291' title='bbox 1849 3017 1998 3064; x_wconf 90' lang='lat' dir='ltr'><strong>eam</strong></span> <span class='ocrx_word' id='word_1_292' title='bbox 2037 2996 2324 3086; x_wconf 88' lang='lat' dir='ltr'><strong>gratiam</strong></span> <span class='ocrx_word' id='word_1_293' title='bbox 2368 2988 2922 3066; x_wconf 82' lang='lat' dir='ltr'><strong>existimenturalt·</strong></span> 
     </span>
     <span class='ocr_line' id='line_1_32' title="bbox 460 3081 2922 3173; baseline -0.004 -18"><span class='ocrx_word' id='word_1_294' title='bbox 460 3087 580 3173; x_wconf 86' lang='lat' dir='ltr'><strong>qui</strong></span> <span class='ocrx_word' id='word_1_295' title='bbox 631 3086 1025 3173; x_wconf 82' lang='lat' dir='ltr'><strong>digniores:</strong></span> <span class='ocrx_word' id='word_1_296' title='bbox 1086 3097 1151 3154; x_wconf 89' lang='lat' dir='ltr'><strong>et</strong></span> <span class='ocrx_word' id='word_1_297' title='bbox 1205 3085 1411 3153; x_wconf 90' lang='lat' dir='ltr'><strong>simul</strong></span> <span class='ocrx_word' id='word_1_298' title='bbox 1473 3085 1729 3154; x_wconf 87' lang='lat' dir='ltr'><strong>ironice</strong></span> <span class='ocrx_word' id='word_1_299' title='bbox 1778 3084 2090 3171; x_wconf 81' lang='lat' dir='ltr'><strong>loquenS,</strong></span> <span class='ocrx_word' id='word_1_300' title='bbox 2142 3085 2201 3154; x_wconf 91' lang='lat' dir='ltr'><strong>ei</strong></span> <span class='ocrx_word' id='word_1_301' title='bbox 2247 3086 2333 3155; x_wconf 91' lang='lat' dir='ltr'><strong>ita</strong></span> <span class='ocrx_word' id='word_1_302' title='bbox 2379 3086 2585 3154; x_wconf 90' lang='lat' dir='ltr'><strong>dicit:</strong></span> <span class='ocrx_word' id='word_1_303' title='bbox 2625 3109 2661 3152; x_wconf 89' lang='lat'>«</span> <span class='ocrx_word' id='word_1_304' title='bbox 2710 3087 2771 3154; x_wconf 90' lang='lat' dir='ltr'><strong>Si</strong></span> <span class='ocrx_word' id='word_1_305' title='bbox 2815 3081 2922 3172; x_wconf 64' lang='lat' dir='ltr'><strong>haec</strong></span> 
     </span>
     <span class='ocr_line' id='line_1_33' title="bbox 452 3172 2922 3266; baseline -0.003 -21"><span class='ocrx_word' id='word_1_306' title='bbox 452 3176 684 3266; x_wconf 89' lang='lat' dir='ltr'><strong>jubes,</strong></span> <span class='ocrx_word' id='word_1_307' title='bbox 724 3187 799 3244; x_wconf 89' lang='lat' dir='ltr'><strong>ut</strong></span> <span class='ocrx_word' id='word_1_308' title='bbox 847 3175 916 3254; x_wconf 90' lang='lat' dir='ltr'><strong>ii,</strong></span> <span class='ocrx_word' id='word_1_309' title='bbox 970 3173 1088 3260; x_wconf 89' lang='lat' dir='ltr'><strong>qui</strong></span> <span class='ocrx_word' id='word_1_310' title='bbox 1137 3185 1299 3242; x_wconf 91' lang='lat' dir='ltr'><strong>sunt</strong></span> <span class='ocrx_word' id='word_1_311' title='bbox 1331 3173 1759 3258; x_wconf 87' lang='lat' dir='ltr'><strong>hujusmodi,</strong></span> <span class='ocrx_word' id='word_1_312' title='bbox 1798 3186 1862 3242; x_wconf 90' lang='lat' dir='ltr'><strong>et</strong></span> <span class='ocrx_word' id='word_1_313' title='bbox 1910 3197 1948 3243; x_wconf 92' lang='lat' dir='ltr'><strong>a</strong></span> <span class='ocrx_word' id='word_1_314' title='bbox 2000 3187 2132 3243; x_wconf 92' lang='lat' dir='ltr'><strong>tota</strong></span> <span class='ocrx_word' id='word_1_315' title='bbox 2163 3175 2431 3243; x_wconf 89' lang='lat' dir='ltr'><strong>civitate</strong></span> <span class='ocrx_word' id='word_1_316' title='bbox 2463 3174 2728 3252; x_wconf 83' lang='lat' dir='ltr'><strong>delecti,</strong></span> <span class='ocrx_word' id='word_1_317' title='bbox 2761 3172 2922 3255; x_wconf 67' lang='lat' dir='ltr'><strong>despi-</strong></span> 
     </span>
     <span class='ocr_line' id='line_1_34' title="bbox 461 3261 2920 3343; baseline -0.003 -9"><span class='ocrx_word' id='word_1_318' title='bbox 461 3265 757 3343; x_wconf 88' lang='lat' dir='ltr'><strong>ciantur,</strong></span> <span class='ocrx_word' id='word_1_319' title='bbox 815 3261 1272 3332; x_wconf 84' lang='lat' dir='ltr'><strong>Alexandrum</strong></span> <span class='ocrx_word' id='word_1_320' title='bbox 1335 3263 1820 3331; x_wconf 88' lang='lat' dir='ltr'><strong>carbonarium</strong></span> <span class='ocrx_word' id='word_1_321' title='bbox 1874 3283 2070 3332; x_wconf 89' lang='lat' dir='ltr'><strong>voces</strong></span> <span class='ocrx_word' id='word_1_322' title='bbox 2132 3262 2289 3333; x_wconf 90' lang='lat' dir='ltr'><strong>licet</strong></span> <span class='ocrx_word' id='word_1_323' title='bbox 2333 3262 2417 3331; x_wconf 93' lang='lat' dir='ltr'><strong>ad</strong></span> <span class='ocrx_word' id='word_1_324' title='bbox 2487 3262 2920 3334; x_wconf 71' lang='lat' dir='ltr'><strong>sacerdotium}</strong></span> 
     </span>
     <span class='ocr_line' id='line_1_35' title="bbox 462 3343 2924 3440; baseline -0.002 -17"><span class='ocrx_word' id='word_1_325' title='bbox 462 3367 665 3440; x_wconf 84' lang='lat' dir='ltr'><strong>atque</strong></span> <span class='ocrx_word' id='word_1_326' title='bbox 696 3352 887 3433; x_wconf 87' lang='lat' dir='ltr'><strong>adeo,</strong></span> <span class='ocrx_word' id='word_1_327' title='bbox 927 3353 984 3420; x_wconf 91' lang='lat' dir='ltr'><strong>si</strong></span> <span class='ocrx_word' id='word_1_328' title='bbox 1022 3351 1310 3431; x_wconf 89' lang='lat' dir='ltr'><strong>videtur,</strong></span> <span class='ocrx_word' id='word_1_329' title='bbox 1352 3351 1418 3418; x_wconf 90' lang='lat' dir='ltr'><strong>in</strong></span> <span class='ocrx_word' id='word_1_330' title='bbox 1468 3373 1626 3420; x_wconf 92' lang='lat' dir='ltr'><strong>eum</strong></span> <span class='ocrx_word' id='word_1_331' title='bbox 1671 3365 2125 3431; x_wconf 88' lang='lat' dir='ltr'><strong>transeuntes,</strong></span> <span class='ocrx_word' id='word_1_332' title='bbox 2165 3353 2249 3421; x_wconf 87' lang='lat' dir='ltr'><strong>ad</strong></span> <span class='ocrx_word' id='word_1_333' title='bbox 2294 3352 2352 3422; x_wconf 91' lang='lat' dir='ltr'><strong>ei</strong></span> <span class='ocrx_word' id='word_1_334' title='bbox 2389 3351 2622 3422; x_wconf 89' lang='lat' dir='ltr'><strong>danda</strong></span> <span class='ocrx_word' id='word_1_335' title='bbox 2668 3343 2924 3432; x_wconf 69' lang='lat' dir='ltr'><strong>suffragia</strong></span> 
     </span>
     <span class='ocr_line' id='line_1_36' title="bbox 461 3440 2920 3527; baseline -0.002 -13"><span class='ocrx_word' id='word_1_336' title='bbox 461 3443 955 3514; x_wconf 88' lang='lat' dir='ltr'><strong>conveniamus</strong></span> <span class='ocrx_word' id='word_1_337' title='bbox 1005 3462 1127 3508; x_wconf 89' lang='lat' dir='ltr'><strong>nos</strong></span> <span class='ocrx_word' id='word_1_338' title='bbox 1174 3452 1238 3508; x_wconf 93' lang='lat' dir='ltr'><strong>et</strong></span> <span class='ocrx_word' id='word_1_339' title='bbox 1287 3452 1420 3509; x_wconf 89' lang='lat' dir='ltr'><strong>tota</strong></span> <span class='ocrx_word' id='word_1_340' title='bbox 1468 3441 1731 3509; x_wconf 88' lang='lat' dir='ltr'><strong>civitas.</strong></span> <span class='ocrx_word' id='word_1_341' title='bbox 1787 3463 1822 3506; x_wconf 79' lang='lat'>»</span> <span class='ocrx_word' id='word_1_342' title='bbox 1882 3446 1946 3509; x_wconf 91' lang='lat' dir='ltr'><strong>Is</strong></span> <span class='ocrx_word' id='word_1_343' title='bbox 1992 3440 2270 3527; x_wconf 84' lang='lat' dir='ltr'><strong>quidem</strong></span> <span class='ocrx_word' id='word_1_344' title='bbox 2327 3441 2494 3510; x_wconf 83' lang='lat' dir='ltr'><strong>haec</strong></span> <span class='ocrx_word' id='word_1_345' title='bbox 2544 3440 2797 3510; x_wconf 86' lang='lat' dir='ltr'><strong>locutus</strong></span> <span class='ocrx_word' id='word_1_346' title='bbox 2839 3442 2920 3502; x_wconf 49' lang='lat' dir='ltr'><strong>eil,</strong></span> 
     </span>
     <span class='ocr_line' id='line_1_37' title="bbox 460 3527 2891 3620; baseline -0.001 -19"><span class='ocrx_word' id='word_1_347' title='bbox 460 3531 545 3601; x_wconf 91' lang='lat' dir='ltr'><strong>de</strong></span> <span class='ocrx_word' id='word_1_348' title='bbox 577 3531 731 3618; x_wconf 85' lang='lat' dir='ltr'><strong>ejus</strong></span> <span class='ocrx_word' id='word_1_349' title='bbox 765 3529 1100 3599; x_wconf 89' lang='lat' dir='ltr'><strong>sententia</strong></span> <span class='ocrx_word' id='word_1_350' title='bbox 1130 3527 1518 3609; x_wconf 81' lang='lat' dir='ltr'><strong>detrahenS,</strong></span> <span class='ocrx_word' id='word_1_351' title='bbox 1559 3542 1623 3596; x_wconf 90' lang='lat' dir='ltr'><strong>et</strong></span> <span class='ocrx_word' id='word_1_352' title='bbox 1660 3552 1777 3617; x_wconf 88' lang='lat' dir='ltr'><strong>per</strong></span> <span class='ocrx_word' id='word_1_353' title='bbox 1807 3529 1935 3597; x_wconf 88' lang='lat' dir='ltr'><strong>hoc</strong></span> <span class='ocrx_word' id='word_1_354' title='bbox 1969 3530 2304 3598; x_wconf 90' lang='lat' dir='ltr'><strong>ironicum</strong></span> <span class='ocrx_word' id='word_1_355' title='bbox 2340 3531 2770 3620; x_wconf 84' lang='lat' dir='ltr'><strong>suffragium,</strong></span> <span class='ocrx_word' id='word_1_356' title='bbox 2795 3541 2891 3611; x_wconf 74' lang='lat' dir='ltr'><strong>quo</strong></span> 
     </span>
     <span class='ocr_line' id='line_1_38' title="bbox 460 3618 2938 3707; baseline -0.002 -17"><span class='ocrx_word' id='word_1_357' title='bbox 460 3621 700 3690; x_wconf 90' lang='lat' dir='ltr'><strong>nullus</strong></span> <span class='ocrx_word' id='word_1_358' title='bbox 732 3633 907 3688; x_wconf 88' lang='lat' dir='ltr'><strong>esset</strong></span> <span class='ocrx_word' id='word_1_359' title='bbox 939 3618 1023 3686; x_wconf 90' lang='lat' dir='ltr'><strong>de</strong></span> <span class='ocrx_word' id='word_1_360' title='bbox 1057 3618 1401 3707; x_wconf 84' lang='lat' dir='ltr'><strong>prioribus</strong></span> <span class='ocrx_word' id='word_1_361' title='bbox 1431 3618 1805 3706; x_wconf 87' lang='lat' dir='ltr'><strong>judicium,</strong></span> <span class='ocrx_word' id='word_1_362' title='bbox 1845 3618 2376 3707; x_wconf 81' lang='lat' dir='ltr'><strong>reprehendens,</strong></span> <span class='ocrx_word' id='word_1_363' title='bbox 2878 3697 2886 3706; x_wconf 46' lang='lat'>‚</span> <span class='ocrx_word' id='word_1_364' title='bbox 2937 3619 2938 3706; x_wconf 76' lang='lat' dir='ltr'><strong>j</strong></span> 
     </span>
    </p>

    <p class='ocr_par' dir='ltr' id='par_1_3' title="bbox 450 3707 2938 4417">
     <span class='ocr_line' id='line_1_39' title="bbox 548 3707 2938 3797; baseline -0.005 -16"><span class='ocrx_word' id='word_1_365' title='bbox 548 3712 585 3797; x_wconf 65' lang='grc' dir='ltr'>ἓ</span> <span class='ocrx_word' id='word_1_366' title='bbox 633 3715 775 3781; x_wconf 70' lang='grc'><strong>15.</strong></span> <span class='ocrx_word' id='word_1_367' title='bbox 832 3714 954 3777; x_wconf 90' lang='lat' dir='ltr'><strong>Per</strong></span> <span class='ocrx_word' id='word_1_368' title='bbox 1010 3707 1176 3775; x_wconf 85' lang='lat' dir='ltr'><strong>haec</strong></span> <span class='ocrx_word' id='word_1_369' title='bbox 1232 3719 1499 3788; x_wconf 89' lang='lat' dir='ltr'><strong>autem,</strong></span> <span class='ocrx_word' id='word_1_370' title='bbox 1552 3729 1728 3793; x_wconf 88' lang='lat' dir='ltr'><strong>quae</strong></span> <span class='ocrx_word' id='word_1_371' title='bbox 1775 3707 1956 3776; x_wconf 84' lang='lat' dir='ltr'><strong>dicta</strong></span> <span class='ocrx_word' id='word_1_372' title='bbox 2004 3721 2188 3787; x_wconf 85' lang='lat' dir='ltr'><strong>sunt,</strong></span> <span class='ocrx_word' id='word_1_373' title='bbox 2245 3709 2422 3776; x_wconf 88' lang='lat' dir='ltr'><strong>venit</strong></span> <span class='ocrx_word' id='word_1_374' title='bbox 2472 3708 2569 3777; x_wconf 90' lang='lat' dir='ltr'><strong>illi</strong></span> <span class='ocrx_word' id='word_1_375' title='bbox 2636 3713 2842 3795; x_wconf 80' lang='lat' dir='ltr'><strong>Magno</strong></span> <span class='ocrx_word' id='word_1_376' title='bbox 2875 3714 2938 3789; x_wconf 48' lang='lat' dir='ltr'><strong>tt}¹</strong></span> 
     </span>
     <span class='ocr_line' id='line_1_40' title="bbox 458 3785 2916 3885; baseline -0.004 -19"><span class='ocrx_word' id='word_1_377' title='bbox 458 3811 783 3878; x_wconf 88' lang='lat' dir='ltr'><strong>mentem,</strong></span> <span class='ocrx_word' id='word_1_378' title='bbox 823 3810 897 3866; x_wconf 88' lang='lat' dir='ltr'><strong>ut</strong></span> <span class='ocrx_word' id='word_1_379' title='bbox 928 3796 1275 3885; x_wconf 85' lang='lat' dir='ltr'><strong>cogitaret,</strong></span> <span class='ocrx_word' id='word_1_380' title='bbox 1318 3817 1482 3864; x_wconf 89' lang='lat' dir='ltr'><strong>num</strong></span> <span class='ocrx_word' id='word_1_381' title='bbox 1517 3819 1647 3864; x_wconf 86' lang='lat' dir='ltr'><strong>non</strong></span> <span class='ocrx_word' id='word_1_382' title='bbox 1686 3797 1831 3864; x_wconf 87' lang='lat' dir='ltr'><strong>sine</strong></span> <span class='ocrx_word' id='word_1_383' title='bbox 1863 3797 1976 3863; x_wconf 85' lang='lat' dir='ltr'><strong>Dei</strong></span> <span class='ocrx_word' id='word_1_384' title='bbox 2013 3797 2295 3866; x_wconf 89' lang='lat' dir='ltr'><strong>numine</strong></span> <span class='ocrx_word' id='word_1_385' title='bbox 2323 3796 2497 3865; x_wconf 90' lang='lat' dir='ltr'><strong>sacta</strong></span> <span class='ocrx_word' id='word_1_386' title='bbox 2524 3798 2608 3867; x_wconf 92' lang='lat' dir='ltr'><strong>sit</strong></span> <span class='ocrx_word' id='word_1_387' title='bbox 2636 3785 2916 3880; x_wconf 64' lang='lat' dir='ltr'><strong>Alexandn</strong></span> 
     </span>
     <span class='ocr_line' id='line_1_41' title="bbox 456 3876 2913 3973; baseline -0.002 -18"><span class='ocrx_word' id='word_1_388' title='bbox 456 3887 712 3955; x_wconf 86' lang='lat' dir='ltr'><strong>mentio</strong></span> <span class='ocrx_word' id='word_1_389' title='bbox 760 3887 847 3955; x_wconf 90' lang='lat' dir='ltr'><strong>ab</strong></span> <span class='ocrx_word' id='word_1_390' title='bbox 902 3885 1149 3970; x_wconf 69' lang='lat' dir='ltr'><strong>iis‘qui</strong></span> <span class='ocrx_word' id='word_1_391' title='bbox 1198 3883 1502 3953; x_wconf 86' lang='lat' dir='ltr'><strong>ferebant</strong></span> <span class='ocrx_word' id='word_1_392' title='bbox 1548 3885 1922 3973; x_wconf 80' lang='lat' dir='ltr'><strong>suffragia:</strong></span> <span class='ocrx_word' id='word_1_393' title='bbox 1978 3908 2013 3950; x_wconf 84' lang='lat'>«</span> <span class='ocrx_word' id='word_1_394' title='bbox 2049 3891 2125 3953; x_wconf 87' lang='lat' dir='ltr'><strong>Et</strong></span> <span class='ocrx_word' id='word_1_395' title='bbox 2170 3886 2326 3972; x_wconf 88' lang='lat' dir='ltr'><strong>quis</strong></span> <span class='ocrx_word' id='word_1_396' title='bbox 2380 3899 2505 3967; x_wconf 87' lang='lat' dir='ltr'><strong>est,</strong></span> <span class='ocrx_word' id='word_1_397' title='bbox 2563 3885 2802 3971; x_wconf 84' lang='lat' dir='ltr'><strong>inquit,</strong></span> <span class='ocrx_word' id='word_1_398' title='bbox 2845 3876 2913 3942; x_wconf 72' lang='lat' dir='ltr'><strong>btv</strong></span> 
     </span>
     <span class='ocr_line' id='line_1_42' title="bbox 452 3972 2912 4063; baseline -0.003 -19"><span class='ocrx_word' id='word_1_399' title='bbox 452 3974 829 4045; x_wconf 79' lang='lat' dir='ltr'><strong>Alexander</strong></span> <span class='ocrx_word' id='word_1_400' title='bbox 861 4030 875 4054; x_wconf 93' lang='lat'><strong>,</strong></span> <span class='ocrx_word' id='word_1_401' title='bbox 934 3974 1136 4063; x_wconf 88' lang='lat' dir='ltr'><strong>cujus</strong></span> <span class='ocrx_word' id='word_1_402' title='bbox 1187 3972 1441 4042; x_wconf 88' lang='lat' dir='ltr'><strong>fecistis</strong></span> <span class='ocrx_word' id='word_1_403' title='bbox 1492 3974 1956 4058; x_wconf 67' lang='lat' dir='ltr'><strong>mentionem?</strong></span> <span class='ocrx_word' id='word_1_404' title='bbox 1989 3997 2024 4040; x_wconf 85' lang='lat'>»</span> <span class='ocrx_word' id='word_1_405' title='bbox 2077 3974 2525 4044; x_wconf 87' lang='lat' dir='ltr'><strong>Deindecum</strong></span> <span class='ocrx_word' id='word_1_406' title='bbox 2583 3972 2828 4060; x_wconf 86' lang='lat' dir='ltr'><strong>quidam</strong></span> <span class='ocrx_word' id='word_1_407' title='bbox 2864 3979 2912 4027; x_wconf 66' lang='grc' dir='ltr'><strong>εἰ</strong></span> 
     </span>
     <span class='ocr_line' id='line_1_43' title="bbox 450 4049 2909 4152; baseline -0.002 -20"><span class='ocrx_word' id='word_1_408' title='bbox 450 4063 561 4145; x_wconf 76' lang='lat' dir='ltr'><strong>iis,</strong></span> <span class='ocrx_word' id='word_1_409' title='bbox 617 4064 736 4151; x_wconf 89' lang='lat' dir='ltr'><strong>qui</strong></span> <span class='ocrx_word' id='word_1_410' title='bbox 786 4064 1091 4140; x_wconf 90' lang='lat' dir='ltr'><strong>aderant,</strong></span> <span class='ocrx_word' id='word_1_411' title='bbox 1147 4083 1332 4141; x_wconf 89' lang='lat' dir='ltr'><strong>eum,</strong></span> <span class='ocrx_word' id='word_1_412' title='bbox 1387 4062 1470 4129; x_wconf 87' lang='lat' dir='ltr'><strong>de</strong></span> <span class='ocrx_word' id='word_1_413' title='bbox 1501 4084 1636 4148; x_wconf 88' lang='lat' dir='ltr'><strong>quo</strong></span> <span class='ocrx_word' id='word_1_414' title='bbox 1686 4061 1859 4130; x_wconf 85' lang='lat' dir='ltr'><strong>sacta</strong></span> <span class='ocrx_word' id='word_1_415' title='bbox 1908 4076 2052 4131; x_wconf 89' lang='lat' dir='ltr'><strong>erat</strong></span> <span class='ocrx_word' id='word_1_416' title='bbox 2103 4063 2379 4145; x_wconf 82' lang='lat' dir='ltr'><strong>menti0,</strong></span> <span class='ocrx_word' id='word_1_417' title='bbox 2436 4086 2555 4152; x_wconf 90' lang='lat' dir='ltr'><strong>per</strong></span> <span class='ocrx_word' id='word_1_418' title='bbox 2603 4064 2790 4130; x_wconf 80' lang='lat' dir='ltr'><strong>risum</strong></span> <span class='ocrx_word' id='word_1_419' title='bbox 2829 4049 2909 4120; x_wconf 82' lang='lat' dir='ltr'><strong>ad-</strong></span> 
     </span>
     <span class='ocr_line' id='line_1_44' title="bbox 451 4150 2906 4241; baseline -0.002 -21"><span class='ocrx_word' id='word_1_420' title='bbox 451 4151 829 4232; x_wconf 88' lang='lat' dir='ltr'><strong>duxissent,</strong></span> <span class='ocrx_word' id='word_1_421' title='bbox 884 4151 1181 4221; x_wconf 91' lang='lat' dir='ltr'><strong>sordidis</strong></span> <span class='ocrx_word' id='word_1_422' title='bbox 1231 4150 1609 4236; x_wconf 85' lang='lat' dir='ltr'><strong>lacerisque</strong></span> <span class='ocrx_word' id='word_1_423' title='bbox 1659 4152 1906 4239; x_wconf 89' lang='lat' dir='ltr'><strong>pannis</strong></span> <span class='ocrx_word' id='word_1_424' title='bbox 1958 4151 2272 4221; x_wconf 89' lang='lat' dir='ltr'><strong>indutum</strong></span> <span class='ocrx_word' id='word_1_425' title='bbox 2313 4207 2327 4231; x_wconf 93' lang='lat'>‚</span> <span class='ocrx_word' id='word_1_426' title='bbox 2386 4175 2507 4221; x_wconf 91' lang='lat' dir='ltr'><strong>nec</strong></span> <span class='ocrx_word' id='word_1_427' title='bbox 2549 4152 2611 4220; x_wconf 89' lang='lat' dir='ltr'><strong>id</strong></span> <span class='ocrx_word' id='word_1_428' title='bbox 2654 4163 2768 4218; x_wconf 91' lang='lat' dir='ltr'><strong>toto</strong></span> <span class='ocrx_word' id='word_1_429' title='bbox 2805 4159 2906 4241; x_wconf 65' lang='grc' dir='ltr'><strong>ςῡΓ·</strong></span> 
     </span>
     <span class='ocr_line' id='line_1_45' title="bbox 454 4240 2905 4330; baseline -0.002 -20"><span class='ocrx_word' id='word_1_430' title='bbox 454 4263 654 4330; x_wconf 84' lang='lat' dir='ltr'><strong>pore,</strong></span> <span class='ocrx_word' id='word_1_431' title='bbox 707 4255 771 4309; x_wconf 90' lang='lat' dir='ltr'><strong>et</strong></span> <span class='ocrx_word' id='word_1_432' title='bbox 819 4241 1026 4310; x_wconf 91' lang='lat' dir='ltr'><strong>simul</strong></span> <span class='ocrx_word' id='word_1_433' title='bbox 1096 4240 1242 4326; x_wconf 84' lang='lat' dir='ltr'><strong>ipsa</strong></span> <span class='ocrx_word' id='word_1_434' title='bbox 1293 4240 1518 4329; x_wconf 89' lang='lat' dir='ltr'><strong>specie</strong></span> <span class='ocrx_word' id='word_1_435' title='bbox 1566 4262 1743 4328; x_wconf 90' lang='lat' dir='ltr'><strong>opus</strong></span> <span class='ocrx_word' id='word_1_436' title='bbox 1792 4263 1997 4310; x_wconf 89' lang='lat' dir='ltr'><strong>suum</strong></span> <span class='ocrx_word' id='word_1_437' title='bbox 2051 4241 2519 4311; x_wconf 88' lang='lat' dir='ltr'><strong>ostendentem</strong></span> <span class='ocrx_word' id='word_1_438' title='bbox 2550 4296 2565 4321; x_wconf 92' lang='lat'><strong>,</strong></span> <span class='ocrx_word' id='word_1_439' title='bbox 2619 4252 2685 4308; x_wconf 94' lang='lat' dir='ltr'><strong>ut</strong></span> <span class='ocrx_word' id='word_1_440' title='bbox 2726 4253 2818 4328; x_wconf 64' lang='lat' dir='ltr'><strong>qu}</strong></span> <span class='ocrx_word' id='word_1_441' title='bbox 2851 4244 2905 4290; x_wconf 68' lang='grc' dir='ltr'><strong>ΕΙ</strong></span> 
     </span>
     <span class='ocr_line' id='line_1_46' title="bbox 458 4325 2901 4417; baseline 0.002 -20"><span class='ocrx_word' id='word_1_442' title='bbox 458 4330 835 4397; x_wconf 89' lang='lat' dir='ltr'><strong>carbonum</strong></span> <span class='ocrx_word' id='word_1_443' title='bbox 900 4329 1337 4417; x_wconf 88' lang='lat' dir='ltr'><strong>operatione,</strong></span> <span class='ocrx_word' id='word_1_444' title='bbox 1405 4343 1470 4397; x_wconf 90' lang='lat' dir='ltr'><strong>et</strong></span> <span class='ocrx_word' id='word_1_445' title='bbox 1529 4330 1899 4410; x_wconf 78' lang='lat' dir='ltr'><strong>manibus,</strong></span> <span class='ocrx_word' id='word_1_446' title='bbox 1970 4341 2035 4399; x_wconf 87' lang='lat' dir='ltr'><strong>et</strong></span> <span class='ocrx_word' id='word_1_447' title='bbox 2101 4329 2317 4414; x_wconf 78' lang='lat' dir='ltr'><strong>facie,</strong></span> <span class='ocrx_word' id='word_1_448' title='bbox 2381 4344 2446 4401; x_wconf 89' lang='lat' dir='ltr'><strong>et</strong></span> <span class='ocrx_word' id='word_1_449' title='bbox 2508 4342 2632 4399; x_wconf 91' lang='lat' dir='ltr'><strong>toto</strong></span> <span class='ocrx_word' id='word_1_450' title='bbox 2681 4325 2901 4401; x_wconf 60' lang='lat' dir='ltr'><strong>deustiue</strong></span> 
     </span>
    </p>
   </div>
   <div class='ocr_carea' id='block_1_3' title="bbox 510 4451 1837 4506">
    <p class='ocr_par' dir='ltr' id='par_1_4' title="bbox 510 4451 1837 4506">
     <span class='ocr_line' id='line_1_47' title="bbox 510 4451 1837 4506; baseline 0.002 -13"><span class='ocrx_word' id='word_1_451' title='bbox 510 4454 536 4480; x_wconf 75' lang='lat'>⁸</span> <span class='ocrx_word' id='word_1_452' title='bbox 564 4453 626 4493; x_wconf 78' lang='lat' dir='ltr'><strong>Ut</strong></span> <span class='ocrx_word' id='word_1_453' title='bbox 644 4451 827 4495; x_wconf 73' lang='lat' dir='ltr'><strong>scilicet</strong></span> <span class='ocrx_word' id='word_1_454' title='bbox 846 4453 912 4495; x_wconf 78' lang='lat' dir='ltr'><strong>ibt</strong></span> <span class='ocrx_word' id='word_1_455' title='bbox 929 4451 1122 4503; x_wconf 69' lang='lat' dir='ltr'><strong>eligeret</strong></span> <span class='ocrx_word' id='word_1_456' title='bbox 1142 4459 1532 4505; x_wconf 72' lang='lat' dir='ltr'><strong>consecraretque</strong></span> <span class='ocrx_word' id='word_1_457' title='bbox 1553 4456 1837 4506; x_wconf 73' lang='lat' dir='ltr'><strong>episcopum.</strong></span> 
     </span>
    </p>
   </div>
   <div class='ocr_carea' id='block_1_4' title="bbox 2933 864 2943 3746">
    <p class='ocr_par' dir='ltr' id='par_1_5' title="bbox 2933 864 2943 3746">
     <span class='ocr_line' id='line_1_48' title="bbox 2933 864 2943 3746; baseline 0 0"><span class='ocrx_word' id='word_1_458' title='bbox 2933 864 2943 3746; x_wconf 95' lang='lat' dir='ltr'><strong> </strong></span> 
     </span>
    </p>
   </div>
  </div>
 </body>
</html>
