<?xml version="1.0" encoding="UTF-8"?>
<!DOCTYPE html PUBLIC "-//W3C//DTD XHTML 1.0 Transitional//EN"
    "http://www.w3.org/TR/xhtml1/DTD/xhtml1-transitional.dtd">
<html xmlns="http://www.w3.org/1999/xhtml" xml:lang="en" lang="en">
 <head>
  <title>
</title>
<meta http-equiv="Content-Type" content="text/html;charset=utf-8" />
  <meta name='ocr-system' content='tesseract 3.04.00' />
  <meta name='ocr-capabilities' content='ocr_page ocr_carea ocr_par ocr_line ocrx_word'/>
</head>
<body>
  <div class='ocr_page' id='page_1' title='image "./historiaeseuvit05lippgoog_0796.png"; bbox 0 0 2993 4837; ppageno 0'>
   <div class='ocr_carea' id='block_1_1' title="bbox 517 306 2865 375">
    <p class='ocr_par' dir='ltr' id='par_1_1' title="bbox 517 306 2865 375">
     <span class='ocr_line' id='line_1_1' title="bbox 517 306 2865 375; baseline -0.003 0"><span class='ocrx_word' id='word_1_1' title='bbox 517 312 643 375; x_wconf 83' lang='lat'>738</span> <span class='ocrx_word' id='word_1_2' title='bbox 1134 328 1210 371; x_wconf 71' lang='lat' dir='ltr'>ns</span> <span class='ocrx_word' id='word_1_3' title='bbox 1257 327 1312 373; x_wconf 87' lang='lat' dir='ltr'>s.</span> <span class='ocrx_word' id='word_1_4' title='bbox 1368 326 1690 375; x_wconf 64' lang='lat' dir='ltr'>summo</span> <span class='ocrx_word' id='word_1_5' title='bbox 1736 327 2003 374; x_wconf 63' lang='lat' dir='ltr'>summus</span> <span class='ocrx_word' id='word_1_6' title='bbox 2051 323 2241 372; x_wconf 68' lang='lat' dir='ltr'>mar.</span> <span class='ocrx_word' id='word_1_7' title='bbox 2622 306 2772 370; x_wconf 58' lang='lat' dir='ltr'>Nox:</span> <span class='ocrx_word' id='word_1_8' title='bbox 2805 307 2865 369; x_wconf 66' lang='lat'>28</span> 
     </span>
    </p>
   </div>
   <div class='ocr_carea' id='block_1_2' title="bbox 426 407 2871 591">
    <p class='ocr_par' dir='ltr' id='par_1_2' title="bbox 426 407 2871 591">
     <span class='ocr_line' id='line_1_2' title="bbox 426 407 2871 498; baseline -0.002 -16"><span class='ocrx_word' id='word_1_9' title='bbox 426 413 573 482; x_wconf 87' lang='lat' dir='ltr'>fieri</span> <span class='ocrx_word' id='word_1_10' title='bbox 608 412 888 480; x_wconf 89' lang='lat' dir='ltr'>omnino</span> <span class='ocrx_word' id='word_1_11' title='bbox 940 432 1071 478; x_wconf 91' lang='lat' dir='ltr'>non</span> <span class='ocrx_word' id='word_1_12' title='bbox 1126 422 1407 498; x_wconf 89' lang='lat' dir='ltr'>poterat,</span> <span class='ocrx_word' id='word_1_13' title='bbox 1446 422 1521 480; x_wconf 91' lang='lat' dir='ltr'>ut</span> <span class='ocrx_word' id='word_1_14' title='bbox 1559 432 1734 496; x_wconf 85' lang='lat' dir='ltr'>quae</span> <span class='ocrx_word' id='word_1_15' title='bbox 1784 411 1853 478; x_wconf 91' lang='lat' dir='ltr'>in</span> <span class='ocrx_word' id='word_1_16' title='bbox 1895 432 2167 480; x_wconf 90' lang='lat' dir='ltr'>carcere</span> <span class='ocrx_word' id='word_1_17' title='bbox 2213 420 2363 478; x_wconf 87' lang='lat' dir='ltr'>acta</span> <span class='ocrx_word' id='word_1_18' title='bbox 2395 407 2674 485; x_wconf 86' lang='lat' dir='ltr'>fuerant,</span> <span class='ocrx_word' id='word_1_19' title='bbox 2703 420 2756 477; x_wconf 88' lang='lat' dir='ltr'>et</span> <span class='ocrx_word' id='word_1_20' title='bbox 2776 428 2871 495; x_wconf 77' lang='lat' dir='ltr'>quo</span> 
     </span>
     <span class='ocr_line' id='line_1_3' title="bbox 430 496 2864 591; baseline -0.002 -22"><span class='ocrx_word' id='word_1_21' title='bbox 430 514 621 591; x_wconf 88' lang='lat' dir='ltr'>pacto</span> <span class='ocrx_word' id='word_1_22' title='bbox 657 499 793 569; x_wconf 91' lang='lat' dir='ltr'>duo</span> <span class='ocrx_word' id='word_1_23' title='bbox 825 498 924 567; x_wconf 92' lang='lat' dir='ltr'>illi</span> <span class='ocrx_word' id='word_1_24' title='bbox 957 499 1049 587; x_wconf 92' lang='lat' dir='ltr'>pii</span> <span class='ocrx_word' id='word_1_25' title='bbox 1078 503 1340 568; x_wconf 80' lang='lat' dir='ltr'><strong>Fratres</strong></span> <span class='ocrx_word' id='word_1_26' title='bbox 1361 499 1736 569; x_wconf 82' lang='lat' dir='ltr'>admodum</span> <span class='ocrx_word' id='word_1_27' title='bbox 1773 499 2067 588; x_wconf 87' lang='lat' dir='ltr'>benigne</span> <span class='ocrx_word' id='word_1_28' title='bbox 2096 512 2301 585; x_wconf 89' lang='lat' dir='ltr'>atque</span> <span class='ocrx_word' id='word_1_29' title='bbox 2333 496 2864 586; x_wconf 82' lang='lat' dir='ltr'>indulgentercum</span> 
     </span>
    </p>
   </div>
   <div class='ocr_carea' id='block_1_3' title="bbox 427 584 2946 677">
    <p class='ocr_par' dir='ltr' id='par_1_3' title="bbox 427 584 2946 677">
     <span class='ocr_line' id='line_1_4' title="bbox 427 584 2946 677; baseline -0.002 -20"><span class='ocrx_word' id='word_1_30' title='bbox 427 602 660 658; x_wconf 84' lang='lat' dir='ltr'>sancto</span> <span class='ocrx_word' id='word_1_31' title='bbox 709 587 1050 676; x_wconf 89' lang='lat' dir='ltr'>Stephano</span> <span class='ocrx_word' id='word_1_32' title='bbox 1098 587 1419 676; x_wconf 80' lang='lat' dir='ltr'>egissent,</span> <span class='ocrx_word' id='word_1_33' title='bbox 1464 600 1800 676; x_wconf 77' lang='lat' dir='ltr'>tyrannus</span> <span class='ocrx_word' id='word_1_34' title='bbox 1849 589 2214 677; x_wconf 81' lang='lat' dir='ltr'>ignoraret.</span> <span class='ocrx_word' id='word_1_35' title='bbox 2266 591 2492 669; x_wconf 83' lang='lat' dir='ltr'>Quare</span> <span class='ocrx_word' id='word_1_36' title='bbox 2537 607 2688 655; x_wconf 85' lang='lat' dir='ltr'>curn</span> <span class='ocrx_word' id='word_1_37' title='bbox 2715 584 2775 653; x_wconf 81' lang='lat' dir='ltr'>de</span> <span class='ocrx_word' id='word_1_38' title='bbox 2795 584 2864 653; x_wconf 75' lang='lat' dir='ltr'>liis</span> <span class='ocrx_word' id='word_1_39' title='bbox 2945 656 2946 663; x_wconf 7' lang='grc' dir='ltr'>χ</span> 
     </span>
    </p>
   </div>
   <div class='ocr_carea' id='block_1_4' title="bbox 374 674 2888 4485">
    <p class='ocr_par' dir='ltr' id='par_1_4' title="bbox 422 674 2884 1718">
     <span class='ocr_line' id='line_1_5' title="bbox 425 674 2862 763; baseline -0.002 -18"><span class='ocrx_word' id='word_1_40' title='bbox 425 676 750 745; x_wconf 90' lang='lat' dir='ltr'>omnibus</span> <span class='ocrx_word' id='word_1_41' title='bbox 798 699 837 744; x_wconf 92' lang='lat' dir='ltr'>a</span> <span class='ocrx_word' id='word_1_42' title='bbox 883 676 1213 745; x_wconf 91' lang='lat' dir='ltr'>daemone</span> <span class='ocrx_word' id='word_1_43' title='bbox 1273 675 1547 763; x_wconf 84' lang='lat' dir='ltr'>aliquo,</span> <span class='ocrx_word' id='word_1_44' title='bbox 1606 689 1683 745; x_wconf 89' lang='lat' dir='ltr'>ut</span> <span class='ocrx_word' id='word_1_45' title='bbox 1746 698 1901 745; x_wconf 90' lang='lat' dir='ltr'>vero</span> <span class='ocrx_word' id='word_1_46' title='bbox 1946 688 2486 746; x_wconf 87' lang='lat' dir='ltr'>consentaneum</span> <span class='ocrx_word' id='word_1_47' title='bbox 2536 688 2658 754; x_wconf 86' lang='lat' dir='ltr'>est,</span> <span class='ocrx_word' id='word_1_48' title='bbox 2702 674 2862 742; x_wconf 73' lang='lat' dir='ltr'>certior</span> 
     </span>
     <span class='ocr_line' id='line_1_6' title="bbox 424 762 2863 854; baseline -0.002 -22"><span class='ocrx_word' id='word_1_49' title='bbox 424 764 644 835; x_wconf 84' lang='lat' dir='ltr'>sactus</span> <span class='ocrx_word' id='word_1_50' title='bbox 690 764 952 845; x_wconf 85' lang='lat' dir='ltr'>suisset,</span> <span class='ocrx_word' id='word_1_51' title='bbox 1006 764 1173 834; x_wconf 88' lang='lat' dir='ltr'>hora</span> <span class='ocrx_word' id='word_1_52' title='bbox 1223 764 1358 832; x_wconf 90' lang='lat' dir='ltr'>diei</span> <span class='ocrx_word' id='word_1_53' title='bbox 1407 764 1709 835; x_wconf 84' lang='lat' dir='ltr'>secunda</span> <span class='ocrx_word' id='word_1_54' title='bbox 1737 786 1775 833; x_wconf 92' lang='lat' dir='ltr'>e</span> <span class='ocrx_word' id='word_1_55' title='bbox 1814 786 2057 834; x_wconf 91' lang='lat' dir='ltr'>somno</span> <span class='ocrx_word' id='word_1_56' title='bbox 2102 775 2566 854; x_wconf 74' lang='lat' dir='ltr'>experrectus„</span> <span class='ocrx_word' id='word_1_57' title='bbox 2604 762 2863 830; x_wconf 84' lang='lat' dir='ltr'>leoninum</span> 
     </span>
     <span class='ocr_line' id='line_1_7' title="bbox 423 851 2870 942; baseline -0.002 -19"><span class='ocrx_word' id='word_1_58' title='bbox 423 854 753 940; x_wconf 81' lang='lat' dir='ltr'>quiddam</span> <span class='ocrx_word' id='word_1_59' title='bbox 807 854 1106 942; x_wconf 81' lang='lat' dir='ltr'>rugiens,</span> <span class='ocrx_word' id='word_1_60' title='bbox 1161 867 1365 939; x_wconf 91' lang='lat' dir='ltr'>atque</span> <span class='ocrx_word' id='word_1_61' title='bbox 1396 854 1477 922; x_wconf 92' lang='lat' dir='ltr'>ad</span> <span class='ocrx_word' id='word_1_62' title='bbox 1531 852 1730 922; x_wconf 89' lang='lat' dir='ltr'>aulae</span> <span class='ocrx_word' id='word_1_63' title='bbox 1779 853 2192 924; x_wconf 89' lang='lat' dir='ltr'>vestibulum</span> <span class='ocrx_word' id='word_1_64' title='bbox 2235 852 2639 922; x_wconf 79' lang='lat' dir='ltr'><strong>festinanter</strong></span> <span class='ocrx_word' id='word_1_65' title='bbox 2685 851 2870 940; x_wconf 77' lang='lat' dir='ltr'>protici-</span> 
     </span>
     <span class='ocr_line' id='line_1_8' title="bbox 426 940 2881 1030; baseline -0.002 -19"><span class='ocrx_word' id='word_1_66' title='bbox 426 964 655 1012; x_wconf 89' lang='lat' dir='ltr'>scens:</span> <span class='ocrx_word' id='word_1_67' title='bbox 712 963 748 1008; x_wconf 85' lang='lat'>«</span> <span class='ocrx_word' id='word_1_68' title='bbox 799 945 849 1010; x_wconf 91' lang='grc' dir='ltr'><strong>Ο</strong></span> <span class='ocrx_word' id='word_1_69' title='bbox 891 942 1026 1010; x_wconf 89' lang='lat' dir='ltr'>vim</span> <span class='ocrx_word' id='word_1_70' title='bbox 1078 941 1247 1009; x_wconf 91' lang='lat' dir='ltr'>mihi</span> <span class='ocrx_word' id='word_1_71' title='bbox 1299 941 1595 1011; x_wconf 91' lang='lat' dir='ltr'>illataml</span> <span class='ocrx_word' id='word_1_72' title='bbox 1635 941 2057 1011; x_wconf 84' lang='lat' dir='ltr'>exclamavit.</span> <span class='ocrx_word' id='word_1_73' title='bbox 2111 945 2160 1011; x_wconf 95' lang='grc' dir='ltr'><strong>Ο</strong></span> <span class='ocrx_word' id='word_1_74' title='bbox 2213 941 2564 1030; x_wconf 82' lang='lat' dir='ltr'>insignem</span> <span class='ocrx_word' id='word_1_75' title='bbox 2615 940 2735 1008; x_wconf 89' lang='lat' dir='ltr'>mei</span> <span class='ocrx_word' id='word_1_76' title='bbox 2771 960 2881 1006; x_wconf 84' lang='lat' dir='ltr'>eon·</span> 
     </span>
     <span class='ocr_line' id='line_1_9' title="bbox 427 1026 2883 1119; baseline -0.003 -19"><span class='ocrx_word' id='word_1_77' title='bbox 427 1033 808 1119; x_wconf 79' lang='lat' dir='ltr'>temptum!</span> <span class='ocrx_word' id='word_1_78' title='bbox 863 1036 1069 1099; x_wconf 89' lang='lat' dir='ltr'>Nemo</span> <span class='ocrx_word' id='word_1_79' title='bbox 1116 1042 1217 1099; x_wconf 90' lang='lat' dir='ltr'>est</span> <span class='ocrx_word' id='word_1_80' title='bbox 1265 1031 1386 1116; x_wconf 89' lang='lat' dir='ltr'>qui</span> <span class='ocrx_word' id='word_1_81' title='bbox 1435 1031 1607 1099; x_wconf 87' lang='lat' dir='ltr'>mihi</span> <span class='ocrx_word' id='word_1_82' title='bbox 1653 1030 2073 1119; x_wconf 84' lang='lat' dir='ltr'><strong>opituletur:</strong></span> <span class='ocrx_word' id='word_1_83' title='bbox 2129 1051 2331 1098; x_wconf 87' lang='lat' dir='ltr'>nemo</span> <span class='ocrx_word' id='word_1_84' title='bbox 2378 1030 2505 1115; x_wconf 90' lang='lat' dir='ltr'>qui</span> <span class='ocrx_word' id='word_1_85' title='bbox 2571 1026 2883 1098; x_wconf 85' lang='lat' dir='ltr'>subsidium</span> 
     </span>
     <span class='ocr_line' id='line_1_10' title="bbox 424 1116 2884 1201; baseline -0.002 -15"><span class='ocrx_word' id='word_1_86' title='bbox 424 1118 615 1188; x_wconf 84' lang='lat' dir='ltr'>serat.</span> <span class='ocrx_word' id='word_1_87' title='bbox 655 1118 827 1201; x_wconf 87' lang='lat' dir='ltr'>Quid</span> <span class='ocrx_word' id='word_1_88' title='bbox 882 1117 1052 1187; x_wconf 87' lang='lat' dir='ltr'>mihi</span> <span class='ocrx_word' id='word_1_89' title='bbox 1098 1141 1253 1187; x_wconf 90' lang='lat' dir='ltr'>cum</span> <span class='ocrx_word' id='word_1_90' title='bbox 1300 1119 1767 1188; x_wconf 69' lang='lat' dir='ltr'>&#39;tenebricosis</span> <span class='ocrx_word' id='word_1_91' title='bbox 1821 1132 1886 1188; x_wconf 93' lang='lat' dir='ltr'>et</span> <span class='ocrx_word' id='word_1_92' title='bbox 1932 1118 2517 1187; x_wconf 87' lang='lat' dir='ltr'>Immemorandis</span> <span class='ocrx_word' id='word_1_93' title='bbox 2551 1117 2727 1186; x_wconf 70' lang='lat' dir='ltr'>istis?</span> <span class='ocrx_word' id='word_1_94' title='bbox 2763 1116 2884 1183; x_wconf 70' lang='lat' dir='ltr'>»Sic</span> 
     </span>
     <span class='ocr_line' id='line_1_11' title="bbox 424 1205 2883 1296; baseline -0.002 -20"><span class='ocrx_word' id='word_1_95' title='bbox 424 1209 608 1277; x_wconf 86' lang='lat' dir='ltr'>enim</span> <span class='ocrx_word' id='word_1_96' title='bbox 661 1207 791 1296; x_wconf 91' lang='lat' dir='ltr'>ipsi</span> <span class='ocrx_word' id='word_1_97' title='bbox 841 1207 1170 1275; x_wconf 90' lang='lat' dir='ltr'>usitatum</span> <span class='ocrx_word' id='word_1_98' title='bbox 1225 1229 1303 1275; x_wconf 90' lang='lat' dir='ltr'>ac</span> <span class='ocrx_word' id='word_1_99' title='bbox 1350 1207 1689 1277; x_wconf 80' lang='lat' dir='ltr'>familiare</span> <span class='ocrx_word' id='word_1_100' title='bbox 1740 1221 1884 1277; x_wconf 91' lang='lat' dir='ltr'>erat</span> <span class='ocrx_word' id='word_1_101' title='bbox 1940 1206 2312 1275; x_wconf 88' lang='lat' dir='ltr'>monachos</span> <span class='ocrx_word' id='word_1_102' title='bbox 2360 1205 2726 1296; x_wconf 89' lang='lat' dir='ltr'>appellare.</span> <span class='ocrx_word' id='word_1_103' title='bbox 2770 1210 2883 1273; x_wconf 80' lang='lat' dir='ltr'>Cum</span> 
     </span>
     <span class='ocr_line' id='line_1_12' title="bbox 426 1292 2884 1384; baseline -0.003 -19"><span class='ocrx_word' id='word_1_104' title='bbox 426 1312 650 1367; x_wconf 87' lang='lat' dir='ltr'>autem</span> <span class='ocrx_word' id='word_1_105' title='bbox 716 1296 787 1375; x_wconf 90' lang='lat' dir='ltr'>ii,</span> <span class='ocrx_word' id='word_1_106' title='bbox 824 1296 946 1381; x_wconf 91' lang='lat' dir='ltr'>qui</span> <span class='ocrx_word' id='word_1_107' title='bbox 999 1293 1462 1384; x_wconf 88' lang='lat' dir='ltr'>voluptatibus</span> <span class='ocrx_word' id='word_1_108' title='bbox 1517 1318 1595 1364; x_wconf 90' lang='lat' dir='ltr'>ac</span> <span class='ocrx_word' id='word_1_109' title='bbox 1641 1295 1907 1364; x_wconf 89' lang='lat' dir='ltr'>deliciis</span> <span class='ocrx_word' id='word_1_110' title='bbox 1954 1295 2166 1365; x_wconf 89' lang='lat' dir='ltr'>dediti</span> <span class='ocrx_word' id='word_1_111' title='bbox 2212 1308 2436 1375; x_wconf 90' lang='lat' dir='ltr'>erant,</span> <span class='ocrx_word' id='word_1_112' title='bbox 2485 1295 2663 1364; x_wconf 91' lang='lat' dir='ltr'>ultro</span> <span class='ocrx_word' id='word_1_113' title='bbox 2704 1292 2776 1361; x_wconf 90' lang='lat' dir='ltr'>ad</span> <span class='ocrx_word' id='word_1_114' title='bbox 2819 1294 2884 1359; x_wconf 86' lang='lat' dir='ltr'>in·</span> 
     </span>
     <span class='ocr_line' id='line_1_13' title="bbox 430 1380 2883 1473; baseline -0.003 -19"><span class='ocrx_word' id='word_1_115' title='bbox 430 1397 914 1473; x_wconf 80' lang='lat' dir='ltr'>temperantem</span> <span class='ocrx_word' id='word_1_116' title='bbox 954 1381 1139 1452; x_wconf 89' lang='lat' dir='ltr'>illam</span> <span class='ocrx_word' id='word_1_117' title='bbox 1173 1405 1478 1454; x_wconf 87' lang='lat' dir='ltr'>mensam</span> <span class='ocrx_word' id='word_1_118' title='bbox 1503 1397 1879 1464; x_wconf 90' lang='lat' dir='ltr'>currerent,</span> <span class='ocrx_word' id='word_1_119' title='bbox 1950 1383 2509 1454; x_wconf 86' lang='lat' dir='ltr'>erturbatissimo</span> <span class='ocrx_word' id='word_1_120' title='bbox 2535 1380 2883 1469; x_wconf 76' lang='lat' dir='ltr'>animoipsis</span> 
     </span>
     <span class='ocr_line' id='line_1_14' title="bbox 425 1472 2882 1561; baseline -0.004 -18"><span class='ocrx_word' id='word_1_121' title='bbox 425 1494 815 1553; x_wconf 78' lang='lat' dir='ltr'>occurrenS,</span> <span class='ocrx_word' id='word_1_122' title='bbox 856 1493 1104 1559; x_wconf 87' lang='lat' dir='ltr'>magno</span> <span class='ocrx_word' id='word_1_123' title='bbox 1131 1494 1289 1541; x_wconf 89' lang='lat' dir='ltr'>cum</span> <span class='ocrx_word' id='word_1_124' title='bbox 1325 1472 1622 1541; x_wconf 89' lang='lat' dir='ltr'>clamore</span> <span class='ocrx_word' id='word_1_125' title='bbox 1650 1494 1899 1558; x_wconf 89' lang='lat' dir='ltr'>quaere</span> <span class='ocrx_word' id='word_1_126' title='bbox 1952 1486 2040 1542; x_wconf 91' lang='lat' dir='ltr'>at:</span> <span class='ocrx_word' id='word_1_127' title='bbox 2084 1499 2108 1535; x_wconf 68' lang='grc' dir='ltr'>ε</span> <span class='ocrx_word' id='word_1_128' title='bbox 2147 1478 2290 1554; x_wconf 87' lang='lat' dir='ltr'>Quo</span> <span class='ocrx_word' id='word_1_129' title='bbox 2328 1472 2639 1561; x_wconf 84' lang='lat' dir='ltr'>pergitis,</span> <span class='ocrx_word' id='word_1_130' title='bbox 2667 1485 2726 1539; x_wconf 89' lang='lat' dir='ltr'>et</span> <span class='ocrx_word' id='word_1_131' title='bbox 2744 1491 2882 1556; x_wconf 74' lang='lat' dir='ltr'>quem</span> 
     </span>
     <span class='ocr_line' id='line_1_15' title="bbox 422 1560 2882 1718; baseline -0.002 -87"><span class='ocrx_word' id='word_1_132' title='bbox 422 1562 789 1718; x_wconf 62' lang='lat' dir='ltr'>guaeritis?</span> <span class='ocrx_word' id='word_1_133' title='bbox 823 1582 857 1627; x_wconf 90' lang='lat'>»</span> <span class='ocrx_word' id='word_1_134' title='bbox 888 1560 1010 1630; x_wconf 90' lang='lat' dir='ltr'>His</span> <span class='ocrx_word' id='word_1_135' title='bbox 1041 1573 1268 1630; x_wconf 88' lang='lat' dir='ltr'>autem</span> <span class='ocrx_word' id='word_1_136' title='bbox 1307 1561 1900 1648; x_wconf 80' lang='lat' dir='ltr'>respondentibus:</span> <span class='ocrx_word' id='word_1_137' title='bbox 1937 1584 1972 1627; x_wconf 86' lang='lat'>«</span> <span class='ocrx_word' id='word_1_138' title='bbox 2006 1560 2098 1630; x_wconf 84' lang='lat' dir='ltr'>Ad</span> <span class='ocrx_word' id='word_1_139' title='bbox 2135 1576 2193 1630; x_wconf 90' lang='lat' dir='ltr'>te</span> <span class='ocrx_word' id='word_1_140' title='bbox 2227 1560 2617 1649; x_wconf 87' lang='lat' dir='ltr'>benignum</span> <span class='ocrx_word' id='word_1_141' title='bbox 2649 1573 2882 1628; x_wconf 85' lang='lat' dir='ltr'>nostrum</span> 
     </span>
    </p>

    <p class='ocr_par' dir='ltr' id='par_1_5' title="bbox 421 1646 2888 2448">
     <span class='ocr_line' id='line_1_16' title="bbox 471 1646 2882 1735; baseline -0.002 -17"><span class='ocrx_word' id='word_1_142' title='bbox 471 1651 784 1718; x_wconf 90' lang='lat' dir='ltr'>ominum</span> <span class='ocrx_word' id='word_1_143' title='bbox 836 1650 1052 1718; x_wconf 89' lang='lat' dir='ltr'>imus:</span> <span class='ocrx_word' id='word_1_144' title='bbox 1111 1661 1325 1717; x_wconf 86' lang='lat' dir='ltr'>»tum</span> <span class='ocrx_word' id='word_1_145' title='bbox 1377 1649 1491 1718; x_wconf 92' lang='lat' dir='ltr'>ille</span> <span class='ocrx_word' id='word_1_146' title='bbox 1523 1649 1760 1719; x_wconf 86' lang='lat' dir='ltr'>altiore</span> <span class='ocrx_word' id='word_1_147' title='bbox 1811 1672 2008 1718; x_wconf 89' lang='lat' dir='ltr'>voce:</span> <span class='ocrx_word' id='word_1_148' title='bbox 2046 1672 2081 1715; x_wconf 89' lang='lat'>«</span> <span class='ocrx_word' id='word_1_149' title='bbox 2123 1654 2267 1721; x_wconf 90' lang='lat' dir='ltr'>Non</span> <span class='ocrx_word' id='word_1_150' title='bbox 2310 1672 2505 1729; x_wconf 89' lang='lat' dir='ltr'>sum,</span> <span class='ocrx_word' id='word_1_151' title='bbox 2559 1649 2782 1735; x_wconf 88' lang='lat' dir='ltr'>inquit,</span> <span class='ocrx_word' id='word_1_152' title='bbox 2809 1646 2882 1712; x_wconf 60' lang='lat' dir='ltr'>de</span> 
     </span>
     <span class='ocr_line' id='line_1_17' title="bbox 424 1734 2887 1826; baseline -0.003 -19"><span class='ocrx_word' id='word_1_153' title='bbox 424 1738 658 1808; x_wconf 88' lang='lat' dir='ltr'>minus</span> <span class='ocrx_word' id='word_1_154' title='bbox 695 1750 928 1817; x_wconf 89' lang='lat' dir='ltr'>vester,</span> <span class='ocrx_word' id='word_1_155' title='bbox 977 1759 1109 1807; x_wconf 89' lang='lat' dir='ltr'>non</span> <span class='ocrx_word' id='word_1_156' title='bbox 1142 1759 1295 1806; x_wconf 90' lang='lat' dir='ltr'>sum</span> <span class='ocrx_word' id='word_1_157' title='bbox 1344 1742 1742 1826; x_wconf 87' lang='lat' dir='ltr'>Imperator.</span> <span class='ocrx_word' id='word_1_158' title='bbox 1775 1738 1961 1807; x_wconf 76' lang='lat' dir='ltr'>Alius</span> <span class='ocrx_word' id='word_1_159' title='bbox 1993 1737 2324 1806; x_wconf 81' lang='lat' dir='ltr'>dominus</span> <span class='ocrx_word' id='word_1_160' title='bbox 2362 1751 2592 1808; x_wconf 89' lang='lat' dir='ltr'>vester</span> <span class='ocrx_word' id='word_1_161' title='bbox 2626 1749 2737 1811; x_wconf 83' lang='lat' dir='ltr'>est,</span> <span class='ocrx_word' id='word_1_162' title='bbox 2765 1734 2887 1803; x_wconf 79' lang='lat' dir='ltr'>alius</span> 
     </span>
     <span class='ocr_line' id='line_1_18' title="bbox 421 1822 2886 1916; baseline -0.003 -22"><span class='ocrx_word' id='word_1_163' title='bbox 421 1831 819 1914; x_wconf 88' lang='lat' dir='ltr'>Imperator:</span> <span class='ocrx_word' id='word_1_164' title='bbox 851 1825 937 1894; x_wconf 93' lang='lat' dir='ltr'>ad</span> <span class='ocrx_word' id='word_1_165' title='bbox 967 1826 1167 1914; x_wconf 85' lang='lat' dir='ltr'>cujus</span> <span class='ocrx_word' id='word_1_166' title='bbox 1202 1825 1404 1915; x_wconf 90' lang='lat' dir='ltr'>pedes</span> <span class='ocrx_word' id='word_1_167' title='bbox 1437 1848 1551 1896; x_wconf 91' lang='lat' dir='ltr'>vos</span> <span class='ocrx_word' id='word_1_168' title='bbox 1584 1826 1769 1916; x_wconf 90' lang='lat' dir='ltr'>ipsos</span> <span class='ocrx_word' id='word_1_169' title='bbox 1803 1826 2215 1915; x_wconf 79' lang='lat' dir='ltr'>provolvitiS,</span> <span class='ocrx_word' id='word_1_170' title='bbox 2239 1827 2709 1913; x_wconf 87' lang='lat' dir='ltr'>contactisque</span> <span class='ocrx_word' id='word_1_171' title='bbox 2730 1822 2886 1913; x_wconf 79' lang='lat' dir='ltr'>ipsius</span> 
     </span>
     <span class='ocr_line' id='line_1_19' title="bbox 424 1914 2888 2005; baseline -0.003 -23"><span class='ocrx_word' id='word_1_172' title='bbox 424 1916 723 2005; x_wconf 86' lang='lat' dir='ltr'>vestigiis</span> <span class='ocrx_word' id='word_1_173' title='bbox 771 1916 858 1985; x_wconf 90' lang='lat' dir='ltr'>ab</span> <span class='ocrx_word' id='word_1_174' title='bbox 916 1936 994 1983; x_wconf 90' lang='lat' dir='ltr'>eo</span> <span class='ocrx_word' id='word_1_175' title='bbox 1053 1928 1201 1984; x_wconf 91' lang='lat' dir='ltr'>vota</span> <span class='ocrx_word' id='word_1_176' title='bbox 1301 1936 1621 2002; x_wconf 88' lang='lat' dir='ltr'>recesque</span> <span class='ocrx_word' id='word_1_177' title='bbox 1697 1915 2047 2004; x_wconf 89' lang='lat' dir='ltr'>supplices</span> <span class='ocrx_word' id='word_1_178' title='bbox 2117 1915 2367 2004; x_wconf 89' lang='lat' dir='ltr'>petitis.</span> <span class='ocrx_word' id='word_1_179' title='bbox 2427 1921 2638 1984; x_wconf 81' lang='lat' dir='ltr'>Nemo</span> <span class='ocrx_word' id='word_1_180' title='bbox 2702 1914 2760 1979; x_wconf 93' lang='lat' dir='ltr'>in</span> <span class='ocrx_word' id='word_1_181' title='bbox 2819 1930 2888 1976; x_wconf 80' lang='lat' dir='ltr'>me</span> 
     </span>
     <span class='ocr_line' id='line_1_20' title="bbox 422 1999 2888 2090; baseline -0.004 -17"><span class='ocrx_word' id='word_1_182' title='bbox 422 2004 873 2090; x_wconf 88' lang='lat' dir='ltr'>obsequiosus</span> <span class='ocrx_word' id='word_1_183' title='bbox 919 2015 1042 2082; x_wconf 87' lang='lat' dir='ltr'>est,</span> <span class='ocrx_word' id='word_1_184' title='bbox 1086 2015 1158 2072; x_wconf 84' lang='lat' dir='ltr'>ut</span> <span class='ocrx_word' id='word_1_185' title='bbox 1208 2001 1321 2072; x_wconf 92' lang='lat' dir='ltr'>ilo</span> <span class='ocrx_word' id='word_1_186' title='bbox 1370 2003 1452 2073; x_wconf 92' lang='lat' dir='ltr'>de</span> <span class='ocrx_word' id='word_1_187' title='bbox 1488 2003 1713 2073; x_wconf 90' lang='lat' dir='ltr'>medio</span> <span class='ocrx_word' id='word_1_188' title='bbox 1762 2004 2032 2073; x_wconf 88' lang='lat' dir='ltr'>sublato</span> <span class='ocrx_word' id='word_1_189' title='bbox 2065 2004 2380 2072; x_wconf 89' lang='lat' dir='ltr'>animum</span> <span class='ocrx_word' id='word_1_190' title='bbox 2427 2026 2658 2073; x_wconf 88' lang='lat' dir='ltr'>meum</span> <span class='ocrx_word' id='word_1_191' title='bbox 2699 1999 2888 2070; x_wconf 74' lang='lat' dir='ltr'>reficiat</span> 
     </span>
     <span class='ocr_line' id='line_1_21' title="bbox 421 2091 2884 2177; baseline -0.004 -16"><span class='ocrx_word' id='word_1_192' title='bbox 421 2115 498 2162; x_wconf 90' lang='lat' dir='ltr'>ac</span> <span class='ocrx_word' id='word_1_193' title='bbox 535 2107 805 2162; x_wconf 88' lang='lat' dir='ltr'>recreet.</span> <span class='ocrx_word' id='word_1_194' title='bbox 849 2115 883 2158; x_wconf 88' lang='lat'>»</span> <span class='ocrx_word' id='word_1_195' title='bbox 924 2091 1044 2159; x_wconf 88' lang='lat' dir='ltr'>His</span> <span class='ocrx_word' id='word_1_196' title='bbox 1096 2113 1248 2160; x_wconf 90' lang='lat' dir='ltr'>vero</span> <span class='ocrx_word' id='word_1_197' title='bbox 1282 2092 1499 2160; x_wconf 90' lang='lat' dir='ltr'>animi</span> <span class='ocrx_word' id='word_1_198' title='bbox 1547 2091 1881 2161; x_wconf 82' lang='lat' dir='ltr'>anxietate</span> <span class='ocrx_word' id='word_1_199' title='bbox 1922 2091 2401 2161; x_wconf 88' lang='lat' dir='ltr'>laborantibus</span> <span class='ocrx_word' id='word_1_200' title='bbox 2436 2147 2453 2173; x_wconf 92' lang='lat'>,</span> <span class='ocrx_word' id='word_1_201' title='bbox 2508 2116 2588 2161; x_wconf 89' lang='lat' dir='ltr'>ac</span> <span class='ocrx_word' id='word_1_202' title='bbox 2635 2091 2884 2177; x_wconf 82' lang='lat' dir='ltr'>quisnam</span> 
     </span>
     <span class='ocr_line' id='line_1_22' title="bbox 422 2179 2884 2270; baseline -0.004 -21"><span class='ocrx_word' id='word_1_203' title='bbox 422 2180 538 2250; x_wconf 90' lang='lat' dir='ltr'>ille</span> <span class='ocrx_word' id='word_1_204' title='bbox 584 2194 761 2251; x_wconf 89' lang='lat' dir='ltr'>esset</span> <span class='ocrx_word' id='word_1_205' title='bbox 792 2179 1323 2260; x_wconf 79' lang='lat' dir='ltr'>sciscitantibus,</span> <span class='ocrx_word' id='word_1_206' title='bbox 1359 2181 1652 2267; x_wconf 88' lang='lat' dir='ltr'>quisque</span> <span class='ocrx_word' id='word_1_207' title='bbox 1688 2179 1802 2250; x_wconf 92' lang='lat' dir='ltr'>ille</span> <span class='ocrx_word' id='word_1_208' title='bbox 1830 2202 2034 2267; x_wconf 90' lang='lat' dir='ltr'>quem</span> <span class='ocrx_word' id='word_1_209' title='bbox 2077 2180 2210 2270; x_wconf 91' lang='lat' dir='ltr'>ipsi</span> <span class='ocrx_word' id='word_1_210' title='bbox 2258 2179 2322 2250; x_wconf 90' lang='lat' dir='ltr'>ei</span> <span class='ocrx_word' id='word_1_211' title='bbox 2363 2180 2780 2253; x_wconf 84' lang='lat' dir='ltr'>anteferrent,</span> <span class='ocrx_word' id='word_1_212' title='bbox 2808 2186 2884 2243; x_wconf 83' lang='lat' dir='ltr'>aut</span> 
     </span>
     <span class='ocr_line' id='line_1_23' title="bbox 422 2268 2886 2359; baseline -0.004 -21"><span class='ocrx_word' id='word_1_213' title='bbox 422 2292 789 2357; x_wconf 90' lang='lat' dir='ltr'>quemnam</span> <span class='ocrx_word' id='word_1_214' title='bbox 820 2268 1033 2338; x_wconf 91' lang='lat' dir='ltr'>alium</span> <span class='ocrx_word' id='word_1_215' title='bbox 1061 2272 1551 2358; x_wconf 89' lang='lat' dir='ltr'>Imperatorem</span> <span class='ocrx_word' id='word_1_216' title='bbox 1593 2282 2070 2359; x_wconf 81' lang='lat' dir='ltr'>agnoscerent:</span> <span class='ocrx_word' id='word_1_217' title='bbox 2111 2281 2254 2338; x_wconf 90' lang='lat' dir='ltr'>tum</span> <span class='ocrx_word' id='word_1_218' title='bbox 2292 2269 2449 2358; x_wconf 87' lang='lat' dir='ltr'>ipse</span> <span class='ocrx_word' id='word_1_219' title='bbox 2479 2282 2763 2343; x_wconf 63' lang='lat' dir='ltr'>contra«</span> <span class='ocrx_word' id='word_1_220' title='bbox 2790 2268 2886 2332; x_wconf 64' lang='lat' dir='ltr'>Ste-</span> 
     </span>
     <span class='ocr_line' id='line_1_24' title="bbox 425 2357 1758 2448; baseline -0.002 -21"><span class='ocrx_word' id='word_1_221' title='bbox 425 2359 697 2448; x_wconf 85' lang='lat' dir='ltr'>phanus</span> <span class='ocrx_word' id='word_1_222' title='bbox 745 2357 1209 2427; x_wconf 79' lang='lat' dir='ltr'>Auxentianus</span> <span class='ocrx_word' id='word_1_223' title='bbox 1257 2371 1378 2439; x_wconf 89' lang='lat' dir='ltr'>est,</span> <span class='ocrx_word' id='word_1_224' title='bbox 1428 2381 1462 2425; x_wconf 88' lang='lat'>»</span> <span class='ocrx_word' id='word_1_225' title='bbox 1517 2358 1758 2444; x_wconf 89' lang='lat' dir='ltr'>inquit.</span> 
     </span>
    </p>

    <p class='ocr_par' dir='ltr' id='par_1_6' title="bbox 374 2447 2877 4485">
     <span class='ocr_line' id='line_1_25' title="bbox 509 2447 2872 2534; baseline -0.003 -14"><span class='ocrx_word' id='word_1_226' title='bbox 509 2451 542 2532; x_wconf 69' lang='grc' dir='ltr'>ξ</span> <span class='ocrx_word' id='word_1_227' title='bbox 591 2454 739 2520; x_wconf 69' lang='grc'>45.</span> <span class='ocrx_word' id='word_1_228' title='bbox 794 2447 1105 2518; x_wconf 89' lang='lat' dir='ltr'>Nondum</span> <span class='ocrx_word' id='word_1_229' title='bbox 1158 2447 1501 2534; x_wconf 83' lang='lat' dir='ltr'>integrum</span> <span class='ocrx_word' id='word_1_230' title='bbox 1565 2469 1813 2516; x_wconf 89' lang='lat' dir='ltr'>nomen</span> <span class='ocrx_word' id='word_1_231' title='bbox 1872 2447 1940 2514; x_wconf 92' lang='lat' dir='ltr'>in</span> <span class='ocrx_word' id='word_1_232' title='bbox 1990 2467 2226 2516; x_wconf 90' lang='lat' dir='ltr'>eorum</span> <span class='ocrx_word' id='word_1_233' title='bbox 2293 2469 2508 2517; x_wconf 84' lang='lat' dir='ltr'>aures</span> <span class='ocrx_word' id='word_1_234' title='bbox 2552 2448 2872 2516; x_wconf 73' lang='lat' dir='ltr'>influxerat,</span> 
     </span>
     <span class='ocr_line' id='line_1_26' title="bbox 420 2535 2877 2623; baseline -0.002 -20"><span class='ocrx_word' id='word_1_235' title='bbox 420 2558 575 2604; x_wconf 80' lang='lat' dir='ltr'>cuin</span> <span class='ocrx_word' id='word_1_236' title='bbox 619 2536 845 2606; x_wconf 88' lang='lat' dir='ltr'>subito</span> <span class='ocrx_word' id='word_1_237' title='bbox 894 2536 1189 2623; x_wconf 89' lang='lat' dir='ltr'>impetus</span> <span class='ocrx_word' id='word_1_238' title='bbox 1222 2535 1530 2621; x_wconf 90' lang='lat' dir='ltr'>quidam,</span> <span class='ocrx_word' id='word_1_239' title='bbox 1565 2550 1629 2606; x_wconf 89' lang='lat' dir='ltr'>et</span> <span class='ocrx_word' id='word_1_240' title='bbox 1681 2535 1941 2605; x_wconf 88' lang='lat' dir='ltr'>clamor</span> <span class='ocrx_word' id='word_1_241' title='bbox 1976 2535 2419 2623; x_wconf 89' lang='lat' dir='ltr'>promiscuus</span> <span class='ocrx_word' id='word_1_242' title='bbox 2486 2551 2553 2606; x_wconf 90' lang='lat' dir='ltr'>et</span> <span class='ocrx_word' id='word_1_243' title='bbox 2591 2557 2698 2604; x_wconf 80' lang='lat' dir='ltr'>vox</span> <span class='ocrx_word' id='word_1_244' title='bbox 2730 2547 2877 2617; x_wconf 80' lang='lat' dir='ltr'>quae·</span> 
     </span>
     <span class='ocr_line' id='line_1_27' title="bbox 419 2619 2876 2711; baseline -0.003 -20"><span class='ocrx_word' id='word_1_245' title='bbox 419 2623 575 2692; x_wconf 90' lang='lat' dir='ltr'>dam</span> <span class='ocrx_word' id='word_1_246' title='bbox 631 2624 975 2693; x_wconf 86' lang='lat' dir='ltr'>incondita</span> <span class='ocrx_word' id='word_1_247' title='bbox 1044 2626 1491 2711; x_wconf 89' lang='lat' dir='ltr'>personabat:</span> <span class='ocrx_word' id='word_1_248' title='bbox 1547 2624 1894 2703; x_wconf 73' lang='lat' dir='ltr'>omnibuS,</span> <span class='ocrx_word' id='word_1_249' title='bbox 1971 2637 2047 2693; x_wconf 91' lang='lat' dir='ltr'>ut</span> <span class='ocrx_word' id='word_1_250' title='bbox 2107 2636 2326 2702; x_wconf 89' lang='lat' dir='ltr'>erant,</span> <span class='ocrx_word' id='word_1_251' title='bbox 2380 2624 2472 2692; x_wconf 86' lang='lat' dir='ltr'>ad</span> <span class='ocrx_word' id='word_1_252' title='bbox 2541 2619 2876 2710; x_wconf 73' lang='lat' dir='ltr'>Praetorium</span> 
     </span>
     <span class='ocr_line' id='line_1_28' title="bbox 418 2707 2876 2782; baseline -0.004 -2"><span class='ocrx_word' id='word_1_253' title='bbox 418 2713 878 2781; x_wconf 87' lang='lat' dir='ltr'>currentibus.</span> <span class='ocrx_word' id='word_1_254' title='bbox 934 2717 1079 2780; x_wconf 79' lang='lat' dir='ltr'>Mox</span> <span class='ocrx_word' id='word_1_255' title='bbox 1130 2712 1673 2782; x_wconf 80' lang='lat' dir='ltr'>truculentorum</span> <span class='ocrx_word' id='word_1_256' title='bbox 1718 2712 1990 2781; x_wconf 90' lang='lat' dir='ltr'>leonum</span> <span class='ocrx_word' id='word_1_257' title='bbox 2035 2712 2253 2781; x_wconf 90' lang='lat' dir='ltr'>instar</span> <span class='ocrx_word' id='word_1_258' title='bbox 2286 2712 2352 2780; x_wconf 92' lang='lat' dir='ltr'>in</span> <span class='ocrx_word' id='word_1_259' title='bbox 2408 2733 2738 2782; x_wconf 84' lang='lat' dir='ltr'>carcerem</span> <span class='ocrx_word' id='word_1_260' title='bbox 2767 2707 2876 2774; x_wconf 77' lang='lat' dir='ltr'>insi-</span> 
     </span>
     <span class='ocr_line' id='line_1_29' title="bbox 420 2794 2876 2890; baseline -0.001 -22"><span class='ocrx_word' id='word_1_261' title='bbox 420 2801 695 2880; x_wconf 88' lang='lat' dir='ltr'>lientes;</span> <span class='ocrx_word' id='word_1_262' title='bbox 742 2824 778 2866; x_wconf 86' lang='lat'>«</span> <span class='ocrx_word' id='word_1_263' title='bbox 812 2805 967 2868; x_wconf 87' lang='lat' dir='ltr'>Date</span> <span class='ocrx_word' id='word_1_264' title='bbox 1016 2800 1212 2869; x_wconf 80' lang='lat' dir='ltr'>nobis</span> <span class='ocrx_word' id='word_1_265' title='bbox 1248 2801 1682 2890; x_wconf 85' lang='lat' dir='ltr'>(custodibus</span> <span class='ocrx_word' id='word_1_266' title='bbox 1732 2801 2085 2889; x_wconf 90' lang='lat' dir='ltr'>inquiunt)</span> <span class='ocrx_word' id='word_1_267' title='bbox 2132 2802 2638 2870; x_wconf 74' lang='lat' dir='ltr'>Auxentianum</span> <span class='ocrx_word' id='word_1_268' title='bbox 2673 2794 2876 2883; x_wconf 75' lang='lat' dir='ltr'>stepha·</span> 
     </span>
     <span class='ocr_line' id='line_1_30' title="bbox 374 2887 2875 2978; baseline -0.003 -22"><span class='ocrx_word' id='word_1_269' title='bbox 374 2961 377 2966; x_wconf 56' lang='grc'>,</span> <span class='ocrx_word' id='word_1_270' title='bbox 422 2911 612 2958; x_wconf 87' lang='lat' dir='ltr'>num.</span> <span class='ocrx_word' id='word_1_271' title='bbox 648 2912 681 2954; x_wconf 92' lang='lat'>»</span> <span class='ocrx_word' id='word_1_272' title='bbox 715 2892 789 2958; x_wconf 84' lang='lat' dir='ltr'>At</span> <span class='ocrx_word' id='word_1_273' title='bbox 824 2888 937 2957; x_wconf 91' lang='lat' dir='ltr'>ille</span> <span class='ocrx_word' id='word_1_274' title='bbox 965 2891 1304 2957; x_wconf 87' lang='lat' dir='ltr'>constanti</span> <span class='ocrx_word' id='word_1_275' title='bbox 1342 2904 1543 2975; x_wconf 90' lang='lat' dir='ltr'>atque</span> <span class='ocrx_word' id='word_1_276' title='bbox 1576 2889 1916 2978; x_wconf 91' lang='lat' dir='ltr'>intrepido</span> <span class='ocrx_word' id='word_1_277' title='bbox 1940 2889 2196 2968; x_wconf 89' lang='lat' dir='ltr'>animo,</span> <span class='ocrx_word' id='word_1_278' title='bbox 2239 2889 2425 2958; x_wconf 87' lang='lat' dir='ltr'>velut</span> <span class='ocrx_word' id='word_1_279' title='bbox 2459 2891 2530 2958; x_wconf 91' lang='lat' dir='ltr'>in</span> <span class='ocrx_word' id='word_1_280' title='bbox 2569 2890 2686 2957; x_wconf 86' lang='lat' dir='ltr'>boc</span> <span class='ocrx_word' id='word_1_281' title='bbox 2715 2887 2875 2973; x_wconf 83' lang='lat' dir='ltr'>ipsum</span> 
     </span>
     <span class='ocr_line' id='line_1_31' title="bbox 416 2973 2876 3134; baseline -0.002 -89"><span class='ocrx_word' id='word_1_282' title='bbox 416 2990 697 3134; x_wconf 85' lang='lat' dir='ltr'>paratus</span> <span class='ocrx_word' id='word_1_283' title='bbox 734 3031 748 3058; x_wconf 93' lang='lat'>,</span> <span class='ocrx_word' id='word_1_284' title='bbox 801 2977 888 3045; x_wconf 91' lang='lat' dir='ltr'>ad</span> <span class='ocrx_word' id='word_1_285' title='bbox 935 3000 1048 3048; x_wconf 85' lang='lat' dir='ltr'>eos</span> <span class='ocrx_word' id='word_1_286' title='bbox 1096 2977 1340 3047; x_wconf 90' lang='lat' dir='ltr'>decoro</span> <span class='ocrx_word' id='word_1_287' title='bbox 1387 2993 1584 3067; x_wconf 85' lang='lat' dir='ltr'>gestu</span> <span class='ocrx_word' id='word_1_288' title='bbox 1632 3000 1709 3046; x_wconf 90' lang='lat' dir='ltr'>ac</span> <span class='ocrx_word' id='word_1_289' title='bbox 1784 2977 1975 3047; x_wconf 91' lang='lat' dir='ltr'>vultu</span> <span class='ocrx_word' id='word_1_290' title='bbox 2038 2980 2124 3048; x_wconf 92' lang='lat' dir='ltr'>ab</span> <span class='ocrx_word' id='word_1_291' title='bbox 2187 2978 2379 3046; x_wconf 89' lang='lat' dir='ltr'>omni</span> <span class='ocrx_word' id='word_1_292' title='bbox 2449 2973 2876 3068; x_wconf 73' lang='lat' dir='ltr'>perturbatione</span> 
     </span>
     <span class='ocr_line' id='line_1_32' title="bbox 447 3064 2874 3155; baseline -0.003 -21"><span class='ocrx_word' id='word_1_293' title='bbox 447 3065 630 3135; x_wconf 90' lang='lat' dir='ltr'>ibero</span> <span class='ocrx_word' id='word_1_294' title='bbox 676 3065 1044 3155; x_wconf 83' lang='lat' dir='ltr'>egreditur,</span> <span class='ocrx_word' id='word_1_295' title='bbox 1097 3079 1160 3135; x_wconf 92' lang='lat' dir='ltr'>et</span> <span class='ocrx_word' id='word_1_296' title='bbox 1206 3065 1788 3152; x_wconf 85' lang='lat' dir='ltr'>quemadmodum</span> <span class='ocrx_word' id='word_1_297' title='bbox 1839 3066 2003 3135; x_wconf 90' lang='lat' dir='ltr'>olim</span> <span class='ocrx_word' id='word_1_298' title='bbox 2045 3065 2354 3136; x_wconf 82' lang='lat' dir='ltr'>Christus</span> <span class='ocrx_word' id='word_1_299' title='bbox 2384 3066 2688 3142; x_wconf 77' lang='lat' dir='ltr'>Judaeis,</span> <span class='ocrx_word' id='word_1_300' title='bbox 2722 3064 2874 3151; x_wconf 54' lang='lat' dir='ltr'>ipsius</span> 
     </span>
     <span class='ocr_line' id='line_1_33' title="bbox 414 3145 2872 3244; baseline -0.005 -21"><span class='ocrx_word' id='word_1_301' title='bbox 414 3154 688 3223; x_wconf 88' lang='lat' dir='ltr'>caedem</span> <span class='ocrx_word' id='word_1_302' title='bbox 741 3154 1265 3235; x_wconf 77' lang='lat' dir='ltr'>anlielantibus;</span> <span class='ocrx_word' id='word_1_303' title='bbox 1319 3178 1354 3221; x_wconf 87' lang='lat'>«</span> <span class='ocrx_word' id='word_1_304' title='bbox 1406 3160 1543 3244; x_wconf 84' lang='lat' dir='ltr'>Ego</span> <span class='ocrx_word' id='word_1_305' title='bbox 1592 3177 1744 3224; x_wconf 90' lang='lat' dir='ltr'>sum</span> <span class='ocrx_word' id='word_1_306' title='bbox 1806 3176 2008 3241; x_wconf 90' lang='lat' dir='ltr'>quem</span> <span class='ocrx_word' id='word_1_307' title='bbox 2050 3154 2404 3241; x_wconf 87' lang='lat' dir='ltr'>quaeritis,</span> <span class='ocrx_word' id='word_1_308' title='bbox 2465 3179 2501 3220; x_wconf 82' lang='lat'><strong>»</strong></span> <span class='ocrx_word' id='word_1_309' title='bbox 2547 3153 2765 3239; x_wconf 87' lang='lat' dir='ltr'>inquit.</span> <span class='ocrx_word' id='word_1_310' title='bbox 2809 3145 2872 3214; x_wconf 86' lang='lat' dir='ltr'>lll1</span> 
     </span>
     <span class='ocr_line' id='line_1_34' title="bbox 415 3240 2874 3332; baseline -0.005 -19"><span class='ocrx_word' id='word_1_311' title='bbox 415 3258 639 3313; x_wconf 86' lang='lat' dir='ltr'>autem</span> <span class='ocrx_word' id='word_1_312' title='bbox 694 3243 874 3312; x_wconf 90' lang='lat' dir='ltr'>illico</span> <span class='ocrx_word' id='word_1_313' title='bbox 921 3266 1077 3312; x_wconf 86' lang='lat' dir='ltr'>eum</span> <span class='ocrx_word' id='word_1_314' title='bbox 1124 3244 1486 3332; x_wconf 84' lang='lat' dir='ltr'>arripiunt,</span> <span class='ocrx_word' id='word_1_315' title='bbox 1519 3258 1721 3330; x_wconf 90' lang='lat' dir='ltr'>atque</span> <span class='ocrx_word' id='word_1_316' title='bbox 1776 3242 1844 3311; x_wconf 91' lang='lat' dir='ltr'>in</span> <span class='ocrx_word' id='word_1_317' title='bbox 1907 3258 2151 3312; x_wconf 88' lang='lat' dir='ltr'>terram</span> <span class='ocrx_word' id='word_1_318' title='bbox 2211 3242 2535 3324; x_wconf 80' lang='lat' dir='ltr'>allidunt,</span> <span class='ocrx_word' id='word_1_319' title='bbox 2581 3240 2874 3321; x_wconf 71' lang='lat' dir='ltr'>ferreisque</span> 
     </span>
     <span class='ocr_line' id='line_1_35' title="bbox 418 3319 2873 3421; baseline -0.001 -23"><span class='ocrx_word' id='word_1_320' title='bbox 418 3331 734 3413; x_wconf 88' lang='lat' dir='ltr'>vinculis,</span> <span class='ocrx_word' id='word_1_321' title='bbox 779 3331 1032 3418; x_wconf 90' lang='lat' dir='ltr'>quibus</span> <span class='ocrx_word' id='word_1_322' title='bbox 1081 3331 1300 3420; x_wconf 89' lang='lat' dir='ltr'>ipsius</span> <span class='ocrx_word' id='word_1_323' title='bbox 1352 3332 1554 3420; x_wconf 88' lang='lat' dir='ltr'>pedes</span> <span class='ocrx_word' id='word_1_324' title='bbox 1602 3331 2230 3421; x_wconf 84' lang='lat' dir='ltr'>adstringebantur,</span> <span class='ocrx_word' id='word_1_325' title='bbox 2266 3329 2790 3401; x_wconf 79' lang='lat' dir='ltr'>abeoextractis‚</span> <span class='ocrx_word' id='word_1_326' title='bbox 2820 3319 2873 3389; x_wconf 76' lang='lat' dir='ltr'>ad</span> 
     </span>
     <span class='ocr_line' id='line_1_36' title="bbox 418 3418 2870 3509; baseline -0.002 -21"><span class='ocrx_word' id='word_1_327' title='bbox 418 3421 766 3509; x_wconf 88' lang='lat' dir='ltr'>publicam</span> <span class='ocrx_word' id='word_1_328' title='bbox 807 3421 979 3490; x_wconf 90' lang='lat' dir='ltr'>viam</span> <span class='ocrx_word' id='word_1_329' title='bbox 1031 3422 1276 3509; x_wconf 88' lang='lat' dir='ltr'>raptim</span> <span class='ocrx_word' id='word_1_330' title='bbox 1328 3443 1484 3490; x_wconf 89' lang='lat' dir='ltr'>eum</span> <span class='ocrx_word' id='word_1_331' title='bbox 1538 3420 1864 3500; x_wconf 89' lang='lat' dir='ltr'>educunt,</span> <span class='ocrx_word' id='word_1_332' title='bbox 1905 3420 2212 3490; x_wconf 84' lang='lat' dir='ltr'>calcibus</span> <span class='ocrx_word' id='word_1_333' title='bbox 2253 3420 2321 3488; x_wconf 96' lang='lat' dir='ltr'>in</span> <span class='ocrx_word' id='word_1_334' title='bbox 2357 3444 2516 3490; x_wconf 87' lang='lat' dir='ltr'>eum</span> <span class='ocrx_word' id='word_1_335' title='bbox 2541 3418 2870 3508; x_wconf 53' lang='lat' dir='ltr'>insilientes,</span> 
     </span>
     <span class='ocr_line' id='line_1_37' title="bbox 413 3501 2870 3596; baseline -0.001 -19"><span class='ocrx_word' id='word_1_336' title='bbox 413 3511 595 3578; x_wconf 80' lang='lat' dir='ltr'>saxis</span> <span class='ocrx_word' id='word_1_337' title='bbox 646 3510 1045 3596; x_wconf 89' lang='lat' dir='ltr'>impetentes</span> <span class='ocrx_word' id='word_1_338' title='bbox 1082 3563 1097 3588; x_wconf 95' lang='lat'>,</span> <span class='ocrx_word' id='word_1_339' title='bbox 1153 3508 1448 3578; x_wconf 88' lang='lat' dir='ltr'>fustibus</span> <span class='ocrx_word' id='word_1_340' title='bbox 1498 3509 1814 3578; x_wconf 81' lang='lat' dir='ltr'>ferientes</span> <span class='ocrx_word' id='word_1_341' title='bbox 1848 3563 1863 3588; x_wconf 87' lang='lat'>‚</span> <span class='ocrx_word' id='word_1_342' title='bbox 1921 3509 2188 3579; x_wconf 90' lang='lat' dir='ltr'>nullum</span> <span class='ocrx_word' id='word_1_343' title='bbox 2253 3507 2551 3596; x_wconf 88' lang='lat' dir='ltr'>denique</span> <span class='ocrx_word' id='word_1_344' title='bbox 2619 3501 2870 3595; x_wconf 76' lang='lat' dir='ltr'>suppltffll</span> 
     </span>
     <span class='ocr_line' id='line_1_38' title="bbox 412 3597 2868 3686; baseline -0.004 -20"><span class='ocrx_word' id='word_1_345' title='bbox 412 3598 1001 3685; x_wconf 88' lang='lat' dir='ltr'>contumeliaeque</span> <span class='ocrx_word' id='word_1_346' title='bbox 1049 3620 1266 3686; x_wconf 82' lang='lat' dir='ltr'>genus</span> <span class='ocrx_word' id='word_1_347' title='bbox 1314 3598 1723 3667; x_wconf 88' lang='lat' dir='ltr'>omittentes.</span> <span class='ocrx_word' id='word_1_348' title='bbox 1779 3603 1941 3666; x_wconf 87' lang='lat' dir='ltr'>Cum</span> <span class='ocrx_word' id='word_1_349' title='bbox 1993 3611 2220 3667; x_wconf 87' lang='lat' dir='ltr'>autern</span> <span class='ocrx_word' id='word_1_350' title='bbox 2262 3620 2379 3686; x_wconf 87' lang='lat' dir='ltr'>per</span> <span class='ocrx_word' id='word_1_351' title='bbox 2423 3597 2703 3686; x_wconf 86' lang='lat' dir='ltr'>primam</span> <span class='ocrx_word' id='word_1_352' title='bbox 2731 3597 2868 3683; x_wconf 56' lang='lat' dir='ltr'>Prae-</span> 
     </span>
     <span class='ocr_line' id='line_1_39' title="bbox 413 3683 2868 3776; baseline -0.003 -21"><span class='ocrx_word' id='word_1_353' title='bbox 413 3687 564 3756; x_wconf 90' lang='lat' dir='ltr'>torii</span> <span class='ocrx_word' id='word_1_354' title='bbox 620 3700 877 3774; x_wconf 91' lang='lat' dir='ltr'>portam</span> <span class='ocrx_word' id='word_1_355' title='bbox 950 3709 1080 3754; x_wconf 89' lang='lat' dir='ltr'>non</span> <span class='ocrx_word' id='word_1_356' title='bbox 1133 3698 1266 3754; x_wconf 80' lang='lat' dir='ltr'>tarn</span> <span class='ocrx_word' id='word_1_357' title='bbox 1329 3685 1696 3755; x_wconf 89' lang='lat' dir='ltr'>duceretur</span> <span class='ocrx_word' id='word_1_358' title='bbox 1743 3709 1949 3772; x_wconf 90' lang='lat' dir='ltr'>quam</span> <span class='ocrx_word' id='word_1_359' title='bbox 2012 3700 2443 3776; x_wconf 88' lang='lat' dir='ltr'>raptaretur,</span> <span class='ocrx_word' id='word_1_360' title='bbox 2516 3708 2593 3755; x_wconf 87' lang='lat' dir='ltr'>ac</span> <span class='ocrx_word' id='word_1_361' title='bbox 2656 3683 2868 3774; x_wconf 23' lang='lat' dir='ltr'>jamntss</span> 
     </span>
     <span class='ocr_line' id='line_1_40' title="bbox 413 3769 2864 3864; baseline -0.005 -20"><span class='ocrx_word' id='word_1_362' title='bbox 413 3775 646 3864; x_wconf 88' lang='lat' dir='ltr'>templi</span> <span class='ocrx_word' id='word_1_363' title='bbox 698 3774 1024 3845; x_wconf 84' lang='lat' dir='ltr'>Theodori</span> <span class='ocrx_word' id='word_1_364' title='bbox 1076 3775 1396 3863; x_wconf 85' lang='lat' dir='ltr'>martyris</span> <span class='ocrx_word' id='word_1_365' title='bbox 1447 3774 1777 3844; x_wconf 86' lang='lat' dir='ltr'>vestibulo</span> <span class='ocrx_word' id='word_1_366' title='bbox 1816 3788 2035 3854; x_wconf 87' lang='lat' dir='ltr'>esset,</span> <span class='ocrx_word' id='word_1_367' title='bbox 2094 3774 2417 3846; x_wconf 88' lang='lat' dir='ltr'>manibus</span> <span class='ocrx_word' id='word_1_368' title='bbox 2487 3772 2673 3843; x_wconf 90' lang='lat' dir='ltr'>humi</span> <span class='ocrx_word' id='word_1_369' title='bbox 2714 3769 2864 3835; x_wconf 80' lang='lat' dir='ltr'>flns.</span> 
     </span>
     <span class='ocr_line' id='line_1_41' title="bbox 408 3862 2867 3952; baseline -0.001 -20"><span class='ocrx_word' id='word_1_370' title='bbox 408 3887 485 3933; x_wconf 80' lang='lat' dir='ltr'>ac</span> <span class='ocrx_word' id='word_1_371' title='bbox 537 3863 805 3933; x_wconf 88' lang='lat' dir='ltr'>sublato</span> <span class='ocrx_word' id='word_1_372' title='bbox 856 3863 1284 3949; x_wconf 89' lang='lat' dir='ltr'>aliquantum</span> <span class='ocrx_word' id='word_1_373' title='bbox 1347 3864 1568 3952; x_wconf 87' lang='lat' dir='ltr'>capite</span> <span class='ocrx_word' id='word_1_374' title='bbox 1616 3863 1940 3933; x_wconf 90' lang='lat' dir='ltr'>ultimum</span> <span class='ocrx_word' id='word_1_375' title='bbox 1989 3862 2413 3934; x_wconf 90' lang='lat' dir='ltr'>adorationis</span> <span class='ocrx_word' id='word_1_376' title='bbox 2455 3882 2694 3932; x_wconf 86' lang='lat' dir='ltr'>munus</span> <span class='ocrx_word' id='word_1_377' title='bbox 2739 3870 2867 3947; x_wconf 65' lang='lat' dir='ltr'>mat·</span> 
     </span>
     <span class='ocr_line' id='line_1_42' title="bbox 410 3947 2865 4042; baseline -0.003 -21"><span class='ocrx_word' id='word_1_378' title='bbox 410 3953 542 4039; x_wconf 78' lang='lat' dir='ltr'>tyri</span> <span class='ocrx_word' id='word_1_379' title='bbox 595 3952 1036 4042; x_wconf 87' lang='lat' dir='ltr'>persolvebat.</span> <span class='ocrx_word' id='word_1_380' title='bbox 1089 3951 1350 4021; x_wconf 88' lang='lat' dir='ltr'>Etenim</span> <span class='ocrx_word' id='word_1_381' title='bbox 1405 3975 1485 4020; x_wconf 91' lang='lat' dir='ltr'>ne</span> <span class='ocrx_word' id='word_1_382' title='bbox 1537 3953 1602 4020; x_wconf 92' lang='lat' dir='ltr'>in</span> <span class='ocrx_word' id='word_1_383' title='bbox 1656 3965 1840 4021; x_wconf 90' lang='lat' dir='ltr'>tanta</span> <span class='ocrx_word' id='word_1_384' title='bbox 1886 3952 2165 4038; x_wconf 88' lang='lat' dir='ltr'>quidem</span> <span class='ocrx_word' id='word_1_385' title='bbox 2230 3951 2614 4021; x_wconf 87' lang='lat' dir='ltr'>calamitate</span> <span class='ocrx_word' id='word_1_386' title='bbox 2659 3947 2865 4040; x_wconf 65' lang='lat' dir='ltr'>pietatis</span> 
     </span>
     <span class='ocr_line' id='line_1_43' title="bbox 406 4030 2862 4130; baseline -0.005 -21"><span class='ocrx_word' id='word_1_387' title='bbox 406 4063 707 4111; x_wconf 89' lang='lat' dir='ltr'>amorem</span> <span class='ocrx_word' id='word_1_388' title='bbox 760 4064 838 4109; x_wconf 83' lang='lat' dir='ltr'>ex</span> <span class='ocrx_word' id='word_1_389' title='bbox 867 4041 1099 4110; x_wconf 90' lang='lat' dir='ltr'>animo</span> <span class='ocrx_word' id='word_1_390' title='bbox 1147 4062 1272 4110; x_wconf 88' lang='lat' dir='ltr'>suo</span> <span class='ocrx_word' id='word_1_391' title='bbox 1319 4041 1630 4129; x_wconf 89' lang='lat' dir='ltr'>ejecerat.</span> <span class='ocrx_word' id='word_1_392' title='bbox 1684 4045 1897 4122; x_wconf 87' lang='lat' dir='ltr'>Quem</span> <span class='ocrx_word' id='word_1_393' title='bbox 1932 4063 2013 4109; x_wconf 81' lang='lat' dir='ltr'>ex</span> <span class='ocrx_word' id='word_1_394' title='bbox 2046 4040 2514 4130; x_wconf 86' lang='lat' dir='ltr'>sanguinariis</span> <span class='ocrx_word' id='word_1_395' title='bbox 2541 4030 2862 4107; x_wconf 78' lang='lat' dir='ltr'>hominibus</span> 
     </span>
     <span class='ocr_line' id='line_1_44' title="bbox 404 4116 2856 4218; baseline -0.005 -20"><span class='ocrx_word' id='word_1_396' title='bbox 404 4129 685 4215; x_wconf 89' lang='lat' dir='ltr'>quidam</span> <span class='ocrx_word' id='word_1_397' title='bbox 749 4129 1271 4199; x_wconf 85' lang='lat' dir='ltr'>Philommatius</span> <span class='ocrx_word' id='word_1_398' title='bbox 1321 4130 1640 4209; x_wconf 88' lang='lat' dir='ltr'>nomine,</span> <span class='ocrx_word' id='word_1_399' title='bbox 1693 4129 2132 4218; x_wconf 88' lang='lat' dir='ltr'>conspicatus</span> <span class='ocrx_word' id='word_1_400' title='bbox 2162 4184 2176 4211; x_wconf 91' lang='lat'>‚</span> <span class='ocrx_word' id='word_1_401' title='bbox 2235 4128 2582 4218; x_wconf 89' lang='lat' dir='ltr'>praecipiti</span> <span class='ocrx_word' id='word_1_402' title='bbox 2628 4116 2856 4210; x_wconf 76' lang='lat' dir='ltr'>quodam</span> 
     </span>
     <span class='ocr_line' id='line_1_45' title="bbox 402 4215 2854 4307; baseline -0.006 -22"><span class='ocrx_word' id='word_1_403' title='bbox 402 4218 634 4288; x_wconf 85' lang='lat' dir='ltr'>furore</span> <span class='ocrx_word' id='word_1_404' title='bbox 684 4218 1004 4307; x_wconf 79' lang='lat' dir='ltr'>percitus,</span> <span class='ocrx_word' id='word_1_405' title='bbox 1038 4241 1073 4284; x_wconf 84' lang='lat'>«</span> <span class='ocrx_word' id='word_1_406' title='bbox 1109 4217 1415 4298; x_wconf 88' lang='lat' dir='ltr'>Videsne,</span> <span class='ocrx_word' id='word_1_407' title='bbox 1468 4217 1891 4298; x_wconf 85' lang='lat' dir='ltr'>exclamavit,</span> <span class='ocrx_word' id='word_1_408' title='bbox 1943 4218 2540 4288; x_wconf 86' lang='lat' dir='ltr'>Immemorandus</span> <span class='ocrx_word' id='word_1_409' title='bbox 2585 4215 2696 4282; x_wconf 88' lang='lat' dir='ltr'>iste</span> <span class='ocrx_word' id='word_1_410' title='bbox 2718 4221 2854 4306; x_wconf 32' lang='lat' dir='ltr'>&#39;tam-</span> 
     </span>
     <span class='ocr_line' id='line_1_46' title="bbox 402 4293 2849 4396; baseline -0.003 -22"><span class='ocrx_word' id='word_1_411' title='bbox 402 4328 611 4390; x_wconf 88' lang='lat' dir='ltr'>quam</span> <span class='ocrx_word' id='word_1_412' title='bbox 649 4322 906 4391; x_wconf 71' lang='lat' dir='ltr'>martyr</span> <span class='ocrx_word' id='word_1_413' title='bbox 956 4307 1127 4374; x_wconf 91' lang='lat' dir='ltr'>mori</span> <span class='ocrx_word' id='word_1_414' title='bbox 1173 4307 1385 4396; x_wconf 87' lang='lat' dir='ltr'>cupit.</span> <span class='ocrx_word' id='word_1_415' title='bbox 1425 4330 1459 4372; x_wconf 82' lang='lat'>»</span> <span class='ocrx_word' id='word_1_416' title='bbox 1511 4311 1719 4393; x_wconf 77' lang='lat' dir='ltr'>Atque</span> <span class='ocrx_word' id='word_1_417' title='bbox 1756 4307 1881 4376; x_wconf 87' lang='lat' dir='ltr'>hoc</span> <span class='ocrx_word' id='word_1_418' title='bbox 1915 4328 2231 4378; x_wconf 87' lang='lat' dir='ltr'>sermone</span> <span class='ocrx_word' id='word_1_419' title='bbox 2278 4307 2528 4386; x_wconf 79' lang='lat' dir='ltr'>habito,</span> <span class='ocrx_word' id='word_1_420' title='bbox 2575 4301 2650 4372; x_wconf 84' lang='lat' dir='ltr'>ad</span> <span class='ocrx_word' id='word_1_421' title='bbox 2681 4293 2849 4383; x_wconf 76' lang='lat' dir='ltr'>51th-</span> 
     </span>
     <span class='ocr_line' id='line_1_47' title="bbox 406 4382 2847 4485; baseline -0.003 -27"><span class='ocrx_word' id='word_1_422' title='bbox 406 4416 566 4470; x_wconf 75' lang='lat' dir='ltr'>ncs,</span> <span class='ocrx_word' id='word_1_423' title='bbox 621 4395 739 4479; x_wconf 88' lang='lat' dir='ltr'>qui</span> <span class='ocrx_word' id='word_1_424' title='bbox 792 4394 931 4463; x_wconf 88' lang='lat' dir='ltr'>illic</span> <span class='ocrx_word' id='word_1_425' title='bbox 978 4410 1215 4472; x_wconf 85' lang='lat' dir='ltr'>erant,</span> <span class='ocrx_word' id='word_1_426' title='bbox 1289 4395 1546 4483; x_wconf 90' lang='lat' dir='ltr'>quique</span> <span class='ocrx_word' id='word_1_427' title='bbox 1611 4396 1698 4467; x_wconf 94' lang='lat' dir='ltr'>ob</span> <span class='ocrx_word' id='word_1_428' title='bbox 1763 4417 1843 4466; x_wconf 90' lang='lat' dir='ltr'>ea</span> <span class='ocrx_word' id='word_1_429' title='bbox 1908 4395 2273 4477; x_wconf 88' lang='lat' dir='ltr'>incendia,</span> <span class='ocrx_word' id='word_1_430' title='bbox 2348 4417 2517 4485; x_wconf 86' lang='lat' dir='ltr'>quae</span> <span class='ocrx_word' id='word_1_431' title='bbox 2577 4382 2847 4461; x_wconf 84' lang='lat' dir='ltr'>interdum</span> 
     </span>
    </p>
   </div>
   <div class='ocr_carea' id='block_1_5' title="bbox 2930 1030 2961 3799">
    <p class='ocr_par' dir='ltr' id='par_1_7' title="bbox 2930 1030 2961 3799">
     <span class='ocr_line' id='line_1_48' title="bbox 2930 1030 2961 3799; baseline 0 0"><span class='ocrx_word' id='word_1_432' title='bbox 2930 1030 2961 3799; x_wconf 95' lang='lat' dir='ltr'> </span> 
     </span>
    </p>
   </div>
   <div class='ocr_carea' id='block_1_6' title="bbox 2940 3920 2952 4690">
    <p class='ocr_par' dir='ltr' id='par_1_8' title="bbox 2940 3920 2952 4690">
     <span class='ocr_line' id='line_1_49' title="bbox 2940 3920 2952 4690; baseline 0 0"><span class='ocrx_word' id='word_1_433' title='bbox 2940 3920 2952 4690; x_wconf 95' lang='lat' dir='ltr'> </span> 
     </span>
    </p>
   </div>
  </div>
 </body>
</html>
