2993 4837
29 295 164 361 tov.
218 295 290 357 2⁴
806 313 883 358 nc
931 312 987 359 S.
1044 310 1416 359 coruncano
1464 312 1703 358 Annam
2309 298 2436 362 635

40 397 175 465 llius
203 418 280 465 ea
311 395 561 466 incidit
592 395 933 487 cogitatio,
966 407 1041 465 ut
1075 395 1576 475 veneticorum,
1606 396 1728 483 qui
1757 406 1823 464 et
1853 396 2073 466 Sclavi
2097 397 2132 431 ¹*
2168 397 2522 481 dicuntur,

29 486 308 554 litionem
368 484 643 566 invisat,
698 506 1074 572 caecasque
1123 497 1384 555 mentes
1433 483 1728 554 illustret
1769 484 1921 553 luce
1968 487 2414 575 Evangelica,
2466 499 2531 557 et

29 574 79 642 th
120 574 212 643 ori
268 574 380 643 ine
431 595 555 661 per
602 574 749 642 avia
813 574 1318 652 aberrantibuS,
1376 573 1679 642 veritatis
1743 574 2002 663 pandat
2063 574 2267 644 viam.
2333 576 2528 658 Quod

29 685 138 731 :um
180 663 225 730 il
261 664 280 730 i
314 683 755 750 summopere
806 662 873 730 in
912 663 1082 733 votis
1115 675 1321 743 esset,
1368 662 1669 752 Angelus
1719 663 1988 731 Domini
2043 685 2163 753 per
2210 664 2434 734 visum
2464 666 2525 734 ei

29 773 344 840 apparens,
400 772 613 840 parvo
644 751 933 831 ambitu,
990 764 1066 819 ut
1096 750 1315 820 solent
1350 751 1418 820 in
1472 752 1724 841 pagina
1759 751 1992 820 orbem
2034 751 2523 834 describentes,

29 840 226 908 nundi
264 840 477 908 totius
513 840 901 909 machinam
931 840 989 908 ei
1019 839 1335 922 ostendit,
1391 839 1661 927 aitque:
1717 862 1753 906 «
1786 841 2020 909 Cernis
2052 862 2135 910 ne
2170 851 2385 910 totum
2422 863 2531 911 or-

29 949 138 996 ›em
184 950 465 1031 manet}
513 927 910 998 desertum?
941 932 1148 1019 Perge
1184 928 1395 1019 igitur
1430 928 1666 998 dextra
1707 928 2055 1016 laevaque,
2087 951 2528 1018 quocumque

29 1018 203 1085 risum
235 1029 356 1097 est,
411 1029 492 1086 ut
542 1017 797 1086 laboris
847 1017 941 1086 tui
994 1017 1293 1087 fructum
1347 1017 1763 1087 comedas.»
1814 1017 2152 1089 intellexit
2190 1019 2402 1110 igitur
2426 1020 2529 1089 vir

29 1104 127 1183 Jei,
168 1103 352 1174 illius
399 1107 628 1195 gentis
661 1105 967 1175 nondum
1023 1107 1090 1174 in
1131 1119 1458 1196 promptu
1490 1128 1639 1176 esse
1680 1107 1839 1176 fidei
1875 1106 2291 1198 profectum:
2337 1109 2527 1196 quie-

29 1192 208 1278 ritque
240 1194 307 1262 in
353 1194 528 1276 1000,
565 1194 781 1264 donec
813 1194 880 1262 in
920 1195 1187 1264 Italiam
1225 1197 1484 1284 pateret
1517 1216 1860 1264 accessus,

86 1283 297 1366 §1st
352 1287 618 1352 Interea
684 1284 1012 1372 temporis
1072 1285 1249 1353 inter
1304 1283 1801 1353 Theodoricum
1859 1295 1924 1353 et
1983 1284 2524 1354 'theodebertum

29 1368 259 1465 suborta
303 1373 653 1441 contentio
688 1373 1029 1462 increscit,
1083 1385 1148 1441 et
1186 1384 1471 1459 uterque
1505 1372 1836 1442 adversus
1875 1373 2151 1443 fratrem
2187 1394 2407 1460 usque
2439 1373 2525 1441 ad

29 1460 515 1529 mternecionem
570 1461 779 1529 saevit
825 1462 1192 1541 atrociter,
1247 1473 1538 1548 utroque
1594 1464 1931 1530 exercitus
1989 1463 2226 1531 robore
2288 1483 2526 1552 super-

29 1544 231 1616 biente.
281 1553 491 1618 Porro
525 1550 629 1617 vir
665 1550 771 1617 Dei
816 1549 900 1617 ad
945 1549 1485 1620 Theodebertum
1530 1550 1902 1632 accedenS,
1957 1550 2267 1619 hortatur
2313 1572 2470 1619 eum
2506 1605 2521 1631 ‚

30 1644 78 1700 ut
117 1637 316 1705 animi
354 1650 623 1706 tumore
669 1639 1171 1726 etarrogantia
1221 1642 1637 1727 compressa,
1696 1639 1760 1706 in
1814 1639 2081 1708 Clerum
2133 1660 2205 1708 se
2261 1638 2526 1711 adscri-

29 1722 278 1793 bendum
329 1738 549 1804 curet,
608 1748 1028 1812 manensque
1058 1728 1127 1794 in
1171 1727 1481 1807 ecclesia,
1522 1749 1754 1796 sacrae
1788 1749 1860 1796 se
1893 1726 2207 1818 religioni
2245 1728 2521 1807 subdat,

29 1828 88 1875 ne
128 1811 317 1881 simul
367 1837 529 1884 cum
587 1816 963 1903 praesentis
1012 1816 1204 1906 regni
1241 1815 1694 1895 detrimento,
1748 1817 1949 1885 etiam
1995 1829 2309 1885 aeternae
2348 1816 2526 1885 vitae

29 1894 185 1994 faciat
220 1903 592 1989 jacturam.
633 1902 757 1972 Sed
811 1902 878 1971 id
930 1915 1074 1973 tum
1128 1905 1291 1994 Regi
1343 1905 1501 1994 ipsi,
1557 1918 1703 1973 tum
1755 1905 2023 1973 cunctis
2071 1905 2527 1975 circumstan-

29 1985 174 2055 tibus
217 1990 587 2061 ridiculum
639 1992 859 2061 visum
913 2003 1053 2073 est,
1107 1993 1564 2081 dixeruntque
1619 2014 1974 2080 nunquam
2028 2014 2100 2061 se
2148 1993 2519 2074 audivisse,

30 2075 442 2169 Merovingum
497 2082 566 2148 in
612 2085 861 2169 Regem
897 2081 1373 2161 sublimatum,
1427 2095 1669 2171 sponte
1718 2104 1844 2151 sua
1896 2081 2228 2151 Clericum
2283 2081 2520 2151 fuisse.

31 2164 256 2235 Cunctis
298 2189 463 2259 ergo
494 2169 567 2237 id
599 2168 1117 2250 detestantibus,
1156 2170 1397 2240 beatus
1430 2171 1896 2240 columbanus
1930 2170 2063 2239 ait:
2105 2192 2140 2236 «
2180 2171 2243 2239 Si
2283 2183 2527 2259 sponte

36 2257 125 2346 tua
163 2253 365 2325 clerici
421 2260 750 2328 honorem
803 2280 1045 2347 capere
1097 2281 1228 2328 non
1266 2260 1391 2340 vis,
1428 2259 1615 2328 brevi
1658 2258 1725 2327 id
1776 2258 1984 2328 facies
2019 2258 2117 2328 vel
2174 2260 2452 2328 invitus,
2488 2281 2525 2325 »

40 2338 370 2428 fl1sdictis,
418 2348 527 2415 vir
577 2348 684 2414 Dei
728 2346 810 2416 ad
856 2346 1174 2416 cellulam
1230 2362 1527 2428 remeat,
1590 2368 1880 2435 moxque
1928 2348 2309 2439 prophetici
2359 2347 2528 2417 dicti

33 2442 288 2501 eventum
339 2457 447 2507 res
512 2456 648 2505 non
724 2436 848 2505 diu
909 2435 1119 2505 dilata
1190 2436 1574 2506 confirmat.
1654 2439 2179 2527 Quamprimum
2249 2437 2433 2506 enim
2486 2460 2524 2506 a

32 2513 387 2611 Tineodorico
437 2524 699 2594 bellum
752 2524 1210 2595 Theodeberto
1251 2525 1749 2606 denunciatur,
1804 2539 1868 2595 et
1915 2526 2097 2616 apud
2150 2525 2427 2595 Tullum
2458 2526 2529 2560 μ

31 2617 206 2706 nctus
247 2611 776 2693 Theodebertus,
814 2614 882 2680 in
917 2612 1152 2703 fugam
1189 2615 1651 2704 compellitur.
1691 2620 1926 2684 Postea
1965 2637 2206 2684 rursus
2241 2614 2526 2683 collecto

30 2708 296 2794 vxercttu,
350 2700 728 2792 fugientem
782 2701 1246 2772 Theodoricus
1279 2704 1736 2792 persequitur.
1775 2708 1979 2772 Porro
2020 2702 2526 2772 Theodebertus

33 2780 221 2853 mulus
260 2789 657 2860 instauratis
696 2790 936 2881 copiiS,
992 2791 1075 2859 ad
1114 2791 1233 2859 Tul
1292 2792 1562 2862 iacense
1591 2791 1696 2827 *⁴*
1729 2804 2028 2861 castrum
2084 2804 2529 2881 pugnaturus

30 2875 318 2961 occurrit:
369 2891 823 2966 consertoque
877 2880 1015 2949 illic
1070 2901 1230 2969 proe
1266 2880 1352 2961 io,
1405 2880 1732 2967 utrinque
1773 2880 2058 2968 plurimi
2100 2880 2523 2950 ceciderunt.

32 2953 215 3027 Victus
258 2966 530 3037 tandem
568 2967 1095 3049 Theodebertus,
1150 2967 1348 3058 fugit.
1401 2973 1493 3038 Eo
1529 2981 1831 3058 tempore
1874 2969 1975 3037 vir
2024 2970 2137 3037 Dei
2189 2970 2257 3037 in
2302 2972 2530 3039 eremo

31 3054 580 3148 commorabatur,
634 3058 847 3124 unius
905 3069 1170 3125 tantum
1217 3055 1637 3147 Chagnoaldi
1694 3057 2077 3126 ministerio
2136 3070 2524 3127 contentus.

32 3127 99 3193 Είὶ
121 3148 319 3210 autem
358 3143 550 3225 hora,
582 3166 720 3232 qua
749 3145 930 3235 apud
966 3145 1371 3235 Tulpiacum
1407 3166 1644 3235 pugna
1670 3146 2043 3216 commissa
2074 3159 2198 3227 est,
2231 3167 2530 3232 quercus

32 3223 393 3299 putrefactae
426 3245 672 3304 trunco
708 3234 808 3302 vir
860 3233 994 3314 Dei,
1051 3233 1305 3304 librum
1360 3233 1619 3325 legens,
1668 3233 2034 3304 insidebat.
2094 3235 2332 3305 Subito
2373 3256 2528 3303 vero

31 3319 335 3401 correptus
383 3343 627 3391 somno
661 3377 676 3401 ‚
731 3322 980 3412 spiritu
1031 3323 1370 3413 cognovit,
1425 3322 1589 3410 quid
1643 3322 1820 3392 inter
1867 3322 2044 3392 duos
2103 3329 2319 3415 Reges
2369 3345 2530 3414 age-

30 3405 220 3478 retur3
270 3426 556 3497 moxque
602 3411 959 3491 excitatuS,
1000 3412 1393 3481 ministrum
1432 3422 1646 3493 vocat,
1686 3424 2042 3482 cruentam
2097 3417 2359 3503 Regum
2405 3435 2530 3502 pu-

33 3497 198 3560 gnam
247 3494 520 3594 indicat,
564 3499 857 3569 multum
911 3500 1294 3570 humanum
1341 3500 1538 3570 fundi
1595 3502 2007 3591 sanguinem
2045 3501 2529 3592 gemebundus

34 3567 215 3666 refert.
262 3585 522 3657 Dicente
570 3600 799 3657 autem
853 3600 1105 3658 temere
1157 3588 1522 3659 ministro:
1581 3613 1614 3656 «
1659 3595 1854 3659 Pater
1911 3591 2029 3671 mi,
2076 3590 2539 3660 Theod'eberto

35 3662 143 3726 luls
171 3672 477 3751 precibus
521 3690 787 3767 praesta
846 3678 1283 3764 suffragium,
1319 3688 1396 3747 ut
1440 3699 1879 3748 communem
1924 3678 2215 3749 debellet
2268 3679 2527 3748 bostem

35 3741 480 3833 Theodoricum
516 3790 532 3846 3
568 3789 603 3834 »
662 3767 753 3835 ita
813 3766 1218 3855 respondet:
1275 3765 1621 3836 «stultum
1673 3779 1738 3835 et
1784 3790 1824 3836 a
1864 3767 2194 3856 religione
2227 3767 2530 3837 alienum

38 3841 277 3936 m.³‘?bssss
307 3853 699 3923 consilium.
748 3859 889 3924 Non
932 3856 1113 3924 enim
1150 3855 1249 3924 sic
1285 3855 1615 3925 Dominus
1655 3856 1890 3933 voluit,
1926 3856 2044 3943 qui
2082 3878 2206 3926 nos
2246 3878 2369 3944 pro
2405 3856 2535 3924 ini-

38 3934 196 4024 micis
245 3941 489 4009 nostris
549 3965 746 4013 orare
799 3943 1036 4031 jussit.
1090 3948 1163 4011 In
1202 3944 1485 4013 arbitrio
1510 3945 1655 4034 jam
1697 3957 1798 4013 est
1831 3944 1999 4031 justi
2033 3944 2319 4022 Judicis,
2364 3944 2530 4030 quid

37 4001 102 4073 de
122 4031 206 4085 ets
236 4020 376 4095 fieri
402 4030 581 4101 velit.
612 4055 647 4098 »
686 4032 1059 4119 Inquisivit
1083 4047 1316 4121 postea
1345 4033 1657 4102 minister
1687 4032 1863 4102 diem
1894 4046 1961 4102 et
1993 4032 2227 4102 horam
2268 4032 2529 4122 proelii,

39 4127 193 4222 81:st
218 4145 262 4182 et
286 4149 402 4191 3²⁰0,-
427 4157 500 4196 vel
531 4155 724 4197 semum·
750 4157 825 4197 vel
855 4159 1079 4197 &lacones
1108 4157 1220 4198 olim
1248 4158 1558 4203 vomuntur:
1588 4156 1745 4199 italice
1784 4169 1923 4208 porro
1941 4160 2169 4200 sehcavont
2195 4158 2418 4198 dicuntur
2450 4158 2536 4197 Bo.

42 4193 175 4273 ⁸1¹¹:th
200 4194 466 4260 ,mmmmm
494 4211 764 4250 summum,
794 4211 1016 4259 (GN-565),
1044 4211 1276 4251 Dalmatia
1295 4212 1495 4262 suisque
1515 4212 1788 4262 regionibus
1808 4212 2230 4252 ctrcumntsntibua
2249 4211 2389 4259 potui
2407 4213 2536 4250 nunt.

82 4250 144 4312 “e
162 4246 358 4296 §.usti-tae
378 4260 739 4310 imperatoribus
761 4266 999 4305 obediunt·

147 4295 251 4341 Gall.
285 4307 395 4350 Tou-1.
426 4319 675 4357 annuam.

42 4339 472 4462 viggrg'flssnggbniec.
503 4368 586 4463 Itbi,
625 4380 749 4410 anno
784 4372 873 4413 4⁹⁶.
910 4370 1206 4411 chlodoveus
1242 4372 1606 4409 Alamannorum
1643 4365 1814 4416 copi-a,
1846 4364 2110 4415 punctu-5.
2145 4373 2348 4405 memor·
2370 4365 2534 4408 ult-quc

438 4432 516 4462 era
542 4457 551 4465 .
