2993 4837
31 311 159 373 itii.
214 309 294 371 :2235
660 326 736 370 nii
786 326 840 372 s.
896 323 1254 371 canisium
1307 325 1474 372 viiic.
1533 327 1605 371 iit
1656 326 1843 372 naar.
2314 308 2441 373 667

32 433 141 478 iaec
182 408 428 488 soluto,
473 409 543 476 in
579 410 829 497 regiam
871 430 1221 486 reversus„
1251 410 1536 478 accersit
1579 410 1870 478 beatam.
1907 416 2269 496 Postquam
2299 424 2526 479 autem

31 523 66 566 ea
109 498 400 567 adstitit:
459 518 496 562 «
538 498 648 565 Dic
702 497 945 574 nobis,
1000 498 1242 583 inquit,
1290 519 1628 585 quaenam
1667 520 1766 578 eS,
1813 511 1931 568 aut
1977 520 2314 584 quaenam
2367 511 2529 568 sunt

31 611 65 654 za
110 588 302 654 verba
353 608 539 672 quae
599 608 672 654 es
722 587 918 655 nobis
954 585 1227 655 locuta?
1265 611 1299 652 »
1344 585 1461 655 Illa
1515 600 1780 655 autem:
1841 613 1866 650 a
1907 589 2159 666 Nescis,
2203 588 2449 673 inquit,
2492 608 2533 655 o

38 688 375 765 inperator,
416 697 757 760 quaenam
797 697 921 763 ego
955 677 1142 742 sim?
1191 680 1353 744 Sum
1400 675 1538 743 filia
1585 676 2046 764 Imperatoris,
2084 677 2199 762 qui
2241 690 2300 743 te
2339 697 2533 765 prae-

32 766 225 840 :essit;
280 785 486 833 vocor
521 777 747 831 autem
790 764 1203 840 Aecaterina.
1259 769 1420 832 Sum
1461 784 1618 832 vero
1650 765 2009 833 exercitata
2070 765 2135 833 in
2187 766 2372 832 omni
2426 764 2534 832 di-

36 853 264 942 ciplina
314 853 700 921 rhetoricae
739 867 804 920 et
838 851 1336 940 philosophiae,
1392 852 1804 941 geometriae
1850 867 1914 920 et
1970 852 2259 921 aliarum
2316 853 2536 922 scien-

33 943 251 1008 iarum.
313 941 440 1010 Sed
508 941 637 1008 illa'
682 941 911 1008 omnia
974 941 1171 1009 niliili
1223 942 1508 1021 ducens,
1566 941 1715 1009 veni
1771 954 1845 1009 ut
1890 941 2354 1031 desponderei·
2409 943 2536 1009 iin-

31 1029 239 1098 nortali
271 1049 531 1117 sponso
573 1030 860 1109 Christe,
900 1031 1017 1116 qui
1058 1029 1325 1100 locutus
1358 1040 1457 1098 est
1491 1051 1610 1119 per
1643 1030 2074 1118 Proplietam:
2114 1032 2396 1098 Perdam
2426 1053 2534 1098 so-

32 1121 295 1186 ›i‘enti'am
312 1121 722 1209 sapientum,
747 1130 806 1186 et
827 1118 1257 1207 prudentiam
1277 1119 1685 1207 prudentum
1705 1120 2067 1208 reprobabo
2077 1120 2246 1207 (lsa.
2266 1119 2463 1205 xx1x).
2494 1141 2528 1184 »

85 1210 241 1290 ξθ.
296 1212 464 1275 Cum
520 1219 746 1275 autem
802 1211 1178 1295 Imperator
1225 1207 1608 1276 admiratus
1656 1218 1833 1277 esset
1906 1228 2082 1293 quae
2132 1207 2315 1276 dicta
2383 1208 2529 1275 sue-

32 1309 166 1372 wint,
214 1309 277 1363 et
334 1297 400 1362 in
456 1317 608 1364 eain
664 1296 994 1364 intentius
1033 1295 1709 1375 defixisset-oculos,
1774 1308 1838 1363 et
1876 1297 2329 1366 existimasset
2376 1317 2527 1364 eam

40 1405 121 1448 ion
174 1405 313 1452 esse
365 1405 580 1452 unani
636 1406 715 1452 ex
778 1384 861 1451 iis
922 1405 1096 1470 quae
1149 1397 1344 1453 natae
1393 1398 1554 1454 sunt
1591 1406 1642 1464 ,e
1691 1397 1914 1464 terra;
1970 1384 2084 1453 sed
2130 1405 2201 1453 se
2241 1384 2526 1453 deorum

32 1470 277 1557 iliquam
319 1472 552 1540 videre
591 1472 949 1552 visionem,
991 1472 1377 1559 loquentem
1423 1473 1489 1540 in
1531 1472 1769 1541 habitu
1813 1473 2160 1552 liumano;
2214 1496 2373 1542 cuin
2428 1473 2528 1541 sic

31 1573 303 1630 nutasset.
349 1575 415 1628 et
448 1583 602 1630 eam
650 1581 1005 1650 perperam
1056 1574 1230 1630 esset
1279 1561 1644 1642 allocutus,
1693 1562 1880 1630 beata
1936 1582 2317 1631 sermonem
2359 1562 2535 1631 exci-

31 1648 226 1730 niens,
279 1650 447 1718 dicit
504 1650 615 1718 ei:
672 1675 706 1714 «
744 1654 908 1718 Vere
972 1649 1248 1731 dixisti,
1304 1673 1343 1718 o
1394 1655 1795 1750 Imperator.
1869 1655 2238 1719 Daemones
2293 1652 2476 1718 enim
2509 1704 2527 1730 ,.

32 1757 159 1819 tuos
197 1739 352 1806 deos
396 1739 754 1807 nominas.
821 1759 1048 1807 revera
1110 1760 1224 1807 vos
1274 1751 1561 1827 spectris
1613 1738 1970 1828 decipiunt
2018 1739 2530 1814 daemoniacis,

31 1837 71 1919 ei
113 1847 212 1893 vos
259 1840 635 1915 provocant
683 1827 764 1894 ad
832 1826 1188 1896 libidinem
1239 1840 1304 1896 et
1350 1828 1945 1917 intemperantim,
1993 1840 2059 1895 et
2115 1827 2195 1896 ad
2246 1827 2538 1896 nefarias

32 1914 347 1996 impellunt
401 1917 1036 2005 cupiditates.·Ego
1089 1929 1313 1984 autem
1373 1915 2072 2004 cujusmodicumque
2120 1938 2273 1984 sum
2308 1969 2322 1996 ,
2380 1935 2534 1985 sum

32 2001 215 2084 pulvis
259 2017 321 2072 et
378 2005 633 2084 lutum,
688 2003 907 2073 efficta
952 2006 1019 2073 in
1076 2006 1251 2072 hanc
1300 2005 1617 2084 sormam,
1670 2017 1734 2072 et
1780 2005 1930 2094 ejus
1985 2005 2315 2074 honorata
2367 2005 2538 2072 ima-

34 2088 176 2174 gine.
207 2094 664 2173 Quamobrem
719 2093 881 2161 hinc
933 2094 1154 2182 magis
1194 2093 1511 2162 convenit
1557 2093 1887 2162 admirari
1930 2094 2338 2182 sapientiam
2391 2093 2539 2180 opi·

37 2178 170 2256 sicis,
204 2181 378 2266 quod
416 2183 487 2250 in
536 2182 678 2250 luto
710 2195 773 2250 et
817 2182 885 2249 iii
926 2183 1205 2251 materia
1242 2196 1376 2250 tam
1424 2181 1535 2249 vili
1577 2182 1871 2270 potuerit
1921 2194 2175 2249 tantam
2224 2194 2536 2250 extruere

48 2265 557 2346 pulcritudinem.
593 2294 629 2336 »
664 2275 847 2351 Quae
881 2271 1159 2357 quidem
1198 2292 1399 2358 aegre
1440 2271 1663 2338 ferens
1699 2276 1797 2338 Im
1855 2284 2113 2339 erator:
2155 2295 2179 2328 α
2219 2270 2391 2348 Noli,
2433 2271 2541 2337 in-

42 2354 170 2433 quit,
206 2357 332 2427 diis
368 2359 806 2438 maledicere,
851 2360 967 2446 qui
1019 2374 1083 2429 et
1124 2360 1256 2448 ipsi
1293 2373 1454 2429 sunt
1488 2360 1805 2428 immorta
1841 2380 1936 2438 es,
1974 2372 2039 2428 et
2086 2358 2374 2449 gloriam
2418 2358 2541 2426 lia-

38 2439 163 2511 bent
192 2446 669 2517 immortalem.
707 2472 740 2513 »
770 2454 1023 2537 Martyi·
1056 2463 1282 2517 autem
1315 2474 1328 2513 :
1385 2471 1418 2513 «
1458 2449 1796 2527 InvenieS,
1838 2449 2084 2535 inquit,
2128 2463 2198 2517 tu
2232 2468 2535 2534 quoque,

37 2548 64 2591 0
104 2534 475 2622 Imperator,
522 2536 856 2624 quidnam
893 2551 1055 2609 sunt
1087 2537 1179 2606 dii
1224 2538 1347 2616 tui,
1403 2538 1456 2605 si
1518 2537 1682 2606 velis
1739 2537 1961 2605 solum
2011 2551 2195 2605 tuam
2239 2537 2538 2623 abjicere

38 2635 356 2712 parumper
406 2627 929 2715 deceptionem:
987 2648 1219 2697 verum
1273 2648 1547 2712 quoque
1598 2631 1803 2695 Deum
1857 2647 2213 2714 agnosces,
2268 2625 2386 2710 qui
2438 2636 2541 2693 est

38 2719 305 2780 aeternus
351 2727 413 2783 et
466 2715 924 2794 immortalis;
977 2718 1179 2804 quus
1229 2715 1326 2783 vel
1380 2713 1604 2784 solum
1660 2735 1907 2784 nomen
1970 2715 2533 2804 pronunciatum,

40 2793 130 2892 vei
156 2819 305 2867 crux
354 2803 558 2871 etiam
628 2804 916 2893 figurata
973 2805 1037 2871 in
1092 2807 1293 2884 aere,
1353 2817 1505 2873 tuos
1562 2801 1727 2871 deos
1793 2804 1984 2872 vertit
2037 2804 2103 2871 in
2158 2804 2418 2891 sugam.
2475 2803 2542 2868 si

38 2882 166 3029 :ielis
218 2904 433 2959 autem
478 2947 491 2971 ,
549 2892 646 2959 vel
709 2914 787 2960 ex
838 2893 985 2981 ipsa
1039 2894 1314 2960 veritate
1364 2903 1669 2981 apertam
1723 2890 2063 2960 faciainus
2112 2890 2544 2959 demonstra-

61 2989 271 3041 ionem.
316 3002 346 3042 >x

104 3064 130 3143 ξ
171 3066 239 3131 2.
291 3074 452 3137 Cum
495 3069 723 3155 itaque
758 3068 1158 3157 Imperatori
1211 3081 1532 3155 suspecta
1582 3067 1824 3138 suisset
1880 3067 2157 3136 libertas
2204 3069 2541 3155 Martyris,

38 3154 388 3247 timeretque
432 3180 513 3225 ne
546 3179 617 3225 se
646 3157 953 3243 undique
987 3156 1548 3237 circumsisteret,
1585 3168 1650 3224 et
1686 3155 2073 3244 implicaret
2112 3156 2544 3225 demonstra-

42 3241 320 3321 tionibus,
374 3246 518 3332 ipse
566 3260 793 3314 autem
834 3267 963 3314 non
1014 3259 1238 3335 posset
1291 3244 1703 3333 respondere
1738 3257 1803 3312 et
1839 3245 2173 3321 resistere,
2225 3265 2431 3330 seque
2481 3258 2542 3310 et

40 3340 167 3423 suos
210 3328 363 3400 deos
398 3346 632 3422 aperto
667 3334 997 3404 dedecore
1028 3334 1348 3411 afficeret,
1408 3334 1556 3423 ipse
1589 3332 1866 3420 quidem
1915 3355 2036 3401 nec
2069 3354 2218 3401 eam
2275 3347 2537 3401 tautum

41 3411 237 3482 audii-e
272 3424 579 3503 sustinet,
622 3445 783 3513 prae
832 3444 902 3491 se
952 3422 1176 3491 serens
1219 3445 1348 3492 non
1384 3423 1650 3502 decere,
1692 3436 1763 3489 ut
1800 3442 1956 3489 cum
1994 3419 2291 3491 foemina
2330 3420 2549 3488 disse-

44 3513 181 3566 ret-ei
211 3528 222 3566 :
254 3530 285 3569 «
315 3510 401 3576 Ad
444 3524 502 3579 ie
537 3526 790 3591 autem,
830 3512 1077 3597 inquit,
1116 3534 1151 3578 a
1193 3534 1298 3579 me
1325 3511 1761 3580 adducentur
1802 3524 2127 3589 oratores,
2160 3510 2275 3596 qui
2307 3530 2546 3576 omnes

44 3591 166 3653 tuas
211 3598 496 3668 rationes
550 3614 614 3669 et
676 3601 1175 3689 propositiones
1226 3601 1502 3668 abunde
1561 3599 2066 3668 confutabunt:
2121 3614 2195 3667 ut
2250 3620 2406 3667 cum
2474 3611 2547 3666 tu

44 3688 273 3775 quoque
321 3688 595 3757 abunde
636 3689 963 3758 didiceris
1025 3701 1298 3757 tuorum
1360 3688 1759 3778 dogmatum
1816 3686 2380 3765 imbecillitatem,
2432 3686 2551 3754 ad·

48 3779 261 3843 SDicias
290 3775 366 3841 ad
406 3776 471 3844 id
501 3777 682 3865 quod
722 3792 822 3847 est
857 3777 1045 3857 utile,
1085 3790 1146 3846 et
1189 3791 1419 3847 nostro
1456 3800 1693 3867 pareas
1719 3776 2112 3866 dogmati.»
2141 3780 2320 3845 Haec
2353 3775 2545 3855 dixit,

48 3857 96 3911 θῑ
129 3854 419 3954 Sanctam
461 3866 738 3952 quidem
766 3866 964 3955 jubet
999 3866 1248 3935 servari
1309 3865 1374 3934 in
1428 3866 1790 3941 custodia;
1851 3866 1995 3952 ipse
2045 3878 2269 3933 autem
2323 3865 2548 3933 statim

48 3952 255 4033 (im-ittit
287 3954 635 4037 epistolam
676 3956 741 4022 in
792 3957 956 4025 baec
1001 3956 1196 4023 verba
1234 3979 1245 4022 ε
1296 3981 1330 4021 «
1386 3960 1764 4044 Imperator
1801 3955 2178 4022 Maxentius
2228 3954 2556 4022 omnibus

52 4036 336 4124 ‘lul—sunt
399 4062 584 4111 meae
641 4043 969 4122 ditionis,
1026 4043 1342 4112 salutem.
1399 4045 1834 4130 Quicumque
1866 4042 2151 4111 deorum
2194 4041 2556 4131 sapientis-

54 4125 179 4215 S¹m¹
209 4124 527 4226 ‚Mercurii
580 4154 817 4202 curam
882 4133 1118 4222 gei-itis
1152 4187 1166 4212 ,
1216 4132 1545 4202 invocatis
1593 4132 1830 4210 Musis,
1878 4152 2053 4217 quae
2111 4145 2272 4199 sunt
2309 4150 2555 4197 causae

56 4213 443 4300 cO‘JtnitioniS,
480 4222 698 4289 venite
732 4220 817 4288 ad
856 4242 979 4289 nos
1014 4242 1256 4306 usque,
1299 4221 1849 4310 sapientissimae
1879 4218 2349 4295 mulierculae,
2377 4237 2556 4302 quae

58 4252 219 4359 nubis
257 4300 449 4373 veluti
486 4331 562 4377 ex
603 4309 903 4395 quadam
960 4309 1277 4377 machina
1314 4309 1659 4397 apparuit,
1696 4329 1773 4377 os
1802 4306 2247 4387 obstructuri,
2295 4325 2378 4372 ne
2414 4326 2556 4372 ma-

60 4388 200 4451 gnos
256 4384 406 4461 deos
462 4395 785 4479 irrideat,
851 4419 1068 4485 neque
1131 4396 1404 4466 fabulas
1459 4418 1609 4465 esse
1678 4409 1910 4485 putet,
1966 4417 2141 4481 quae
2198 4393 2327 4461 sub
2385 4390 2555 4460 falso
