2993 4837
485 311 614 373 412
1133 327 1208 372 DE
1257 327 1311 372 S.
1365 327 1642 372 musmo
1690 327 1787 372 er.
1841 325 2194 372 TUnoNENst
2598 305 2740 371 Not.
2774 307 2833 371 Η

401 410 515 478 illo
548 408 676 478 fuit
709 411 775 477 in
812 422 1135 497 tempore,
1180 431 1316 496 quo
1353 409 1526 478 inter
1561 409 1825 479 medias
1862 409 2124 499 positus
2160 409 2498 489 flammas,
2534 430 2653 476 non

399 498 822 567 incendium.
869 498 1059 581 Quod
1112 499 1281 567 mihi
1333 519 1464 567 non
1518 499 1812 567 arbitror
1860 520 2009 567 esse
2072 496 2545 567 referendum:
2594 499 2731 584 quia
2802 570 2807 571 γ

399 587 668 677 plenius
719 588 841 656 iste
891 587 1261 674 Sulpicius,
1301 586 1457 655 licet
1506 588 1572 654 in
1619 588 1793 657 libro
1842 610 1967 656 suo
2019 588 2484 676 praeteritum,
2542 585 2605 654 in
2637 587 2759 672 epis
2970 662 2971 670 χ

400 690 622 744 tamen
679 689 929 765 postea,
966 699 1173 762 quam
1227 675 1311 744 ad
1355 676 1725 745 Eusebium
1771 690 1913 744 tum
1970 677 2469 765 presbyterum,
2528 675 2712 743 modo
2750 672 2863 763 Epi-
2964 716 2971 755 a

399 787 711 853 scopum,
744 764 920 845 fecit,
956 765 1287 853 exposuit.
1329 769 1543 846 Quam
1584 779 1675 843 tu,
1715 764 2204 833 Postliumiane
2234 767 2342 854 (ut
2374 763 2627 849 credo),
2664 758 2857 853 legisti*
2969 844 2971 850 ⁴

398 866 516 923 aut
564 854 620 922 si
660 854 1005 943 incognita
1041 853 1157 922 tibi
1208 864 1330 934 est,
1370 875 1530 922 cum
1585 853 1884 932 libuerit,
1943 855 2008 921 in
2066 868 2388 943 promptu
2434 875 2513 922 ex
2549 854 2661 920 illo
2704 872 2871 919 arm-
2956 896 2971 915 ιγ

400 943 500 1011 rio
550 942 779 1011 babes.
823 948 951 1012 Nos
991 945 1078 1011 ab
1112 942 1230 1011 illo
1265 942 1518 1011 omissa
1573 942 1955 1010 referimus.
1994 944 2297 1024 Quodam
2353 955 2579 1010 autem
2634 953 2875 1028 tempore
2969 986 2971 1021 s

398 1053 553 1100 cum
598 1032 941 1101 dioeceses
996 1032 1338 1111 circuiret,
1378 1032 1769 1101 venantium
1809 1053 2053 1119 agmen
2110 1032 2559 1100 incurrimus.
2605 1036 2790 1100 Canes
2810 1028 2875 1097 le·-
2959 1075 2972 1117 4

403 1141 632 1209 porem
684 1122 1170 1207 sequebantur.
1222 1120 1508 1205 Jamque
1588 1119 1803 1188 multo
1876 1119 2098 1208 spatio
2170 1121 2342 1188 victa
2416 1119 2717 1197 bestiola,
2760 1134 2879 1193 cum
2969 1164 2971 1179 =

398 1208 709 1294 undique
756 1209 1021 1299 campis
1069 1208 1201 1277 late
1256 1208 1647 1297 patentibus
1689 1207 1959 1277 nullum
2012 1220 2188 1277 esset
2242 1209 2604 1297 effugium,
2647 1221 2875 1285 mortem

399 1298 870 1367 imminentem
928 1299 1074 1386 jam
1132 1296 1420 1385 jamque
1489 1297 1825 1388 capienda
1889 1297 2149 1365 crebris
2204 1297 2493 1366 flexibus
2553 1297 2837 1366 differeba

400 1386 613 1473 Cujus
649 1386 1028 1488 periculum
1065 1386 1166 1453 vir
1193 1387 1430 1455 beatus
1463 1386 1575 1475 pia
1613 1399 1836 1454 mente
1869 1386 2255 1465 mise1·atuS‚
2297 1388 2591 1475 imperat
2617 1387 2798 1454 canib

399 1488 474 1542 ut
522 1475 926 1545 desisterent
975 1475 1214 1560 sequi,
1268 1488 1331 1543 et
1381 1476 1682 1543 sinerent
1731 1475 1920 1543 abire
1975 1474 2374 1562 fugientem.
2430 1476 2562 1556 Qui
2612 1474 2815 1543 contin

397 1557 480 1632 ad
537 1564 835 1652 primum
886 1564 1035 1652 ejus
1084 1564 1421 1632 sermonis
1472 1562 1840 1652 imperium
1893 1566 2370 1633 constiterunt.
2413 1563 2729 1632 Crederes
2772 1564 2885 1629 vin-

400 1665 568 1732 ctOS,
614 1654 823 1720 immo
876 1652 1100 1741 potius
1147 1650 1405 1732 affixOS,
1461 1652 1532 1720 in
1584 1653 1731 1720 suis
1774 1652 2050 1721 haerere
2101 1653 2425 1741 vestigiis.
2470 1657 2572 1721 Ita
2622 1653 2891 1742 lepuscu-

399 1740 529 1822 luS,
571 1741 1122 1827 persecutoribus
1170 1740 1493 1829 alligatis,
1538 1740 1907 1810 incolumis
1955 1742 2191 1809 evasit.
2970 1812 2971 1815 ,

484 1833 519 1916 ξ
568 1834 647 1902 S.
703 1834 959 1920 Operae
1007 1830 1300 1919 pretium
1343 1843 1569 1898 autem
1622 1842 1744 1909 est,
1799 1830 2000 1898 etiam
2054 1829 2423 1898 familiaria
2472 1829 2665 1898 illius
2706 1827 2883 1905 verba,
2970 1914 2971 1917 Ἴ

397 1920 688 2006 spiritali
739 1918 881 1988 sale
929 1918 1203 1988 condita
1247 1940 1648 1987 memorare.
1696 1922 1898 1987 Ovem
1955 1940 2190 1987 recens
2241 1931 2504 1986 tonsam
2554 1918 2721 1987 forte
2768 1937 2891 1985 con·

398 2021 748 2096 spexerat:
794 2031 828 2073 «
881 2007 1392 2097 Evangelicum,
1430 2008 1676 2093 inquit,
1720 2007 2121 2076 mandatum
2160 2008 2287 2075 ista
2322 2006 2722 2095 complevit:
2759 2006 2891 2074 duat

399 2095 638 2166 habuit
687 2097 1000 2174 tunicas,
1057 2119 1263 2164 unam
1330 2118 1568 2164 earum
1625 2096 1866 2185 largita
1913 2111 2015 2165 est
2066 2118 2197 2164 non
2254 2096 2555 2164 babenti.
2613 2100 2711 2164 Ita
2769 2110 2887 2183 ergo

396 2198 460 2254 et
512 2208 624 2253 vos
676 2185 895 2254 facere
944 2185 1227 2254 debetis.
1287 2209 1322 2251 »
1365 2190 1530 2253 Item
1589 2206 1746 2253 cum
1813 2184 2179 2253 subulcum
2228 2185 2598 2272 algentem,
2640 2208 2715 2253 ac
2766 2200 2889 2271 pene

402 2274 665 2343 nudum
720 2275 786 2342 in
844 2274 1124 2363 pellicea
1177 2287 1354 2342 veste
1405 2272 1715 2341 vidisset:
1757 2296 1791 2338 «
1831 2278 1951 2351 En,
1995 2274 2238 2360 inquit,
2283 2272 2490 2341 Adam
2544 2274 2796 2360 ejectus
2832 2268 2891 2337 tle

401 2362 741 2452 paradiso,
785 2363 852 2431 in
899 2375 1077 2432 veste
1119 2361 1401 2451 pellicea
1445 2383 1604 2432 sues
1658 2362 1908 2450 pascit:
1965 2363 2079 2431 sed
2136 2385 2281 2438 nos,
2325 2361 2440 2430 illo
2476 2376 2697 2431 vetere
2728 2361 2895 2449 depo-
2970 2388 2971 2393 ¹

398 2453 550 2531 sit0,
599 2475 845 2521 novum
890 2452 1100 2520 Adam
1156 2452 1380 2540 potius
1432 2451 1831 2520 induamus.
1879 2475 1913 2516 »
1967 2457 2173 2521 Boves
2221 2474 2299 2520 ex
2352 2464 2541 2539 parte
2594 2465 2779 2540 prata
2812 2449 2895 2516 de·

399 2555 758 2629 paverant3
818 2542 1001 2624 porci
1050 2541 1253 2609 etiam
1309 2539 1639 2608 nonnulla
1684 2540 2152 2608 suffoderant:
2209 2562 2367 2629 pars
2415 2554 2708 2620 caetera,
2758 2557 2895 2624 quae

399 2630 718 2698 manebat
769 2629 1044 2708 illaesa,
1105 2629 1393 2698 diversis
1445 2629 1731 2697 floribus
1777 2630 1977 2714 quasi
2031 2631 2206 2718 picta
2260 2630 2631 2698 vernabat:
2688 2654 2720 2694 «
2772 2634 2897 2722 Spe

395 2718 596 2804 ciem,
653 2718 899 2803 inquit,
940 2718 1112 2807 gerit
1161 2739 1319 2807 pars
1370 2716 1486 2785 illa
1535 2717 1867 2807 conjugii,
1915 2741 2091 2805 quae
2134 2740 2369 2808 pecore
2420 2717 2753 2804 depasta,
2804 2728 2894 2811 ‘²15³

399 2828 532 2874 non
620 2807 845 2876 enitus
878 2806 1166 2896 gratiam
1218 2806 1450 2875 amisit
1500 2806 1895 2884 herbarum,
1933 2806 2190 2875 nullam
2228 2819 2451 2876 tamen
2493 2807 2742 2875 florum
2778 2815 2899 2873 rett-

398 2909 510 2963 net
609 2895 984 2983 ignitatem.
1017 2894 1141 2963 Illa
1179 2917 1353 2970 vero,
1387 2917 1595 2982 quam
1645 2897 1854 2984 porci,
1898 2918 2137 2984 pecora
2174 2894 2561 2974 immunda,
2592 2894 2895 2963 foderunt.

397 2982 869 3052 fornicationis
922 2984 1292 3074 imaginem
1335 2983 1602 3052 foedam
1659 2986 2059 3072 praetendit.
2115 2990 2463 3053 Caeterum
2522 2983 2640 3052 illa
2692 2982 2897 3072 portio.

395 3093 571 3162 quae
624 3073 811 3141 nulla
861 3073 1072 3142 sensit
1123 3072 1477 3158 injuriam,
1534 3073 1825 3161 gloriam
1879 3074 2285 3163 virginitatis
2333 3073 2654 3141 ostendit.
2696 3069 2902 3140 Herbis

393 3161 735 3231 foecunda
786 3161 1107 3242 luxuriat,
1164 3161 1339 3229 foeni
1394 3161 1462 3229 in
1515 3183 1588 3229 ea
1633 3160 1899 3231 fructus
1929 3163 2322 3240 exuberant,
2354 3174 2417 3230 et
2451 3160 2629 3229 ultra
2661 3179 2901 3230 omnem

396 3252 693 3339 speciem
747 3250 1069 3320 distincta
1131 3250 1441 3328 ssoribuS,
1494 3251 1695 3336 quasi
1744 3253 2035 3340 gemmis
2078 3250 2494 3318 micantibus
2542 3265 2779 3318 ornata
2824 3268 2904 3315 ra·

394 3340 555 3408 diat.
599 3345 795 3408 Beata
847 3339 1133 3426 species,
1171 3351 1234 3406 et
1287 3344 1417 3407 Deo
1466 3338 1702 3427 digna.
1758 3339 1934 3409 Nihil
1987 3339 2167 3405 enim
2207 3338 2581 3426 virginitati
2618 3352 2721 3408 est
2750 3357 2905 3406 com·

322 3432 332 3442 '
397 3428 808 3515 parandum.
888 3433 984 3496 Ita
1055 3440 1119 3496 et
1191 3427 1338 3506 illi,
1406 3427 1528 3514 qui
1594 3427 1917 3517 conjugia
1994 3426 2427 3495 fornicationi
2501 3437 2896 3519 comparant.

394 3516 827 3586 vehementer
864 3529 1127 3596 errant;
1179 3529 1244 3585 et
1278 3515 1401 3597 illi,
1441 3516 1559 3603 qui
1612 3517 1935 3606 conjugia
1979 3516 2346 3605 virginitati
2399 3517 2756 3602 aequanda
2787 3534 2900 3580 exi-

392 3606 696 3686 stimant‚
757 3606 988 3673 miseri
1041 3607 1314 3694 penitus
1353 3618 1417 3674 et
1468 3605 1657 3673 stulti
1697 3620 1881 3675 sunt.
1940 3610 2179 3672 Verum
2235 3604 2399 3672 haec
2430 3627 2469 3672 a
2505 3603 2899 3693 sapientibus

392 3694 683 3764 tenenda
733 3695 1084 3764 distinctio
1131 3708 1253 3774 est,
1297 3707 1371 3763 ut
1401 3694 1800 3782 conjugium
1861 3695 2191 3783 pertineat
2241 3694 2323 3761 ad
2381 3693 2675 3773 veniam,
2730 3689 2901 3781 vit-gif

391 3784 571 3853 nitas
620 3795 876 3872 spectet
924 3782 1004 3851 ad
1059 3782 1396 3872 gloriam,
1455 3783 1813 3853 fornicatio
1861 3784 2227 3871 deputetur
2275 3782 2357 3849 ad
2407 3803 2737 3871 poenam.
2790 3794 2897 3845 nist

391 3872 858 3952 satisfactione
901 3885 1255 3961 purgetur.
1302 3895 1336 3937 »
2062 3923 2075 3936 .
2416 3876 2425 3884 “

476 3963 512 4047 ξ
560 3966 653 4030 9.
711 3960 900 4029 Miles
951 3960 1228 4047 quidam
1282 3959 1642 4049 cingulum
1699 3960 1763 4026 in
1817 3959 2139 4037 Ecclesia,
2199 3958 2612 4027 monachum
2673 3954 2898 4052 profes-

390 4071 534 4128 su5,
590 4049 976 4137 abjecerat:
1045 4048 1366 4117 cellulam
1419 4050 1551 4117 sibi
1592 4050 1866 4117 eminus
1933 4048 1997 4115 in
2052 4062 2333 4127 remot0,
2389 4048 2586 4134 quasi
2648 4056 2895 4142 eremita

394 4139 722 4217 victuruS,
776 4151 1098 4206 erexerat.
1161 4143 1424 4205 Interea
1480 4150 1748 4206 astutus
1791 4137 2118 4206 inimicus
2161 4138 2366 4206 variis
2402 4134 2895 4226 cogitationibus

393 4225 674 4293 brutum
732 4239 964 4312 pectus
1015 4226 1338 4315 agitabat,
1394 4238 1469 4294 ut
1518 4226 1906 4316 conjugem,
1946 4248 2152 4311 quam
2209 4227 2544 4293 Martinus
2578 4225 2639 4291 in
2692 4240 2894 4316 mona-

397 4313 602 4380 sterio
641 4313 1023 4398 puellarum
1063 4337 1210 4382 esse
1245 4329 1703 4403 praeceperat,
1741 4313 2082 4382 voluntate
2120 4320 2405 4394 mutata,
2440 4336 2662 4384 secum
2697 4321 2890 4399 ponus

398 4398 594 4467 vellet
647 4399 968 4467 babitare.
1008 4403 1184 4470 Adiit
1233 4426 1394 4492 ergo
1430 4403 1795 4471 Martinum
1840 4402 2031 4470 sortis
2080 4403 2400 4471 eremita:
2438 4403 2600 4490 quid
2652 4397 2889 4467 liaberet

1198 4589 1222 4620 ἱ
