2993 4837
510 331 636 395 696
1126 347 1202 391 ne
1253 347 1306 391 s.
1361 344 1593 392 Jacono
1643 344 1968 392 minaciso
2017 344 2209 391 usar.
2621 322 2766 386 Nox.
2801 324 2856 386 ΕΠ
2943 313 2944 336 ³

420 447 641 501 tecum
693 429 777 497 de
824 443 1088 498 caetero
1126 429 1566 515 aliquatenus
1619 441 2025 497 moraturas.
2084 452 2119 494 »
2170 432 2335 496 Cum
2384 441 2603 495 autem
2650 425 2755 492 has
2788 424 2868 492 lit·
2943 445 2944 450 ¹

420 537 561 590 tera
605 517 906 588 Jacobus
955 516 1250 608 legisset,
1290 539 1525 588 amare
1574 517 1746 586 flens
1794 518 1912 586 ait:
1954 539 1990 582 «
2042 517 2110 585 Si
2163 529 2375 585 mater
2425 537 2593 592 mea,
2624 534 2773 599 quae
2797 535 2873 581 me
2943 533 2944 540 ¹

415 608 672 700 genuit,
726 619 791 675 et
836 628 1006 675 uxor
1056 628 1207 675 mea
1254 619 1614 675 extraneae
1661 605 1877 675 factae
1924 619 2135 686 sunt;
2190 618 2448 691 quanto
2500 604 2702 693 magis
2734 624 2765 670 a
2801 622 2876 668 me

412 709 775 767 extraneus
823 695 1045 763 factus
1091 707 1191 764 est
1253 701 1427 764 Deus
1477 698 1722 764 meus?
1773 725 1795 754 »ι
1844 700 2007 763 Cum
2065 715 2228 783 ergo
2280 716 2402 782 pro
2450 714 2668 761 errore
2695 711 2797 758 suo
2829 711 2877 756 se

416 784 794 874 plurimum
861 783 1253 862 afflixisset,
1323 784 1624 852 nuncius
1675 784 1858 852 venit
1904 782 1988 852 ad
2044 782 2464 871 principem,
2517 780 2630 867 qui
2687 778 2879 847 diceret

413 873 746 943 Jacobum
798 873 1261 940 Christianum
1312 894 1484 941 esse.
1525 878 1738 953 Quem
1796 873 2116 961 princeps
2164 871 2532 946 advocans,
2571 870 2690 938 ait:
2734 891 2765 932 «x
2804 867 2882 934 Die

418 962 610 1038 mihi,
651 966 1028 1030 Nazaraeus
1074 964 1204 1028 es?
1256 985 1290 1027 »
1340 959 1459 1030 Cui
1508 962 1852 1030 Jacobus:
1897 984 1933 1026 «
1981 961 2221 1037 Etiam,
2275 965 2651 1028 Nazaraeus
2694 978 2881 1025 sumai

418 1055 493 1120 Et
542 1049 696 1118 ille:
735 1071 771 1114 «
814 1054 987 1138 Ergo
1024 1071 1267 1138 magus
1316 1071 1411 1118 eS.
1452 1072 1487 1114 »
1538 1050 1656 1118 Cui
1708 1051 2056 1119 Jacobus:
2097 1071 2135 1114 <‹
2186 1048 2376 1118 Absit
2424 1071 2465 1118 a
2517 1069 2621 1115 me
2665 1066 2885 1132 magum

415 1160 587 1209 esse.
628 1161 663 1204 »
713 1142 879 1207 Cum
929 1159 1089 1228 ergo
1137 1139 1196 1206 ei
1251 1138 1465 1206 multa
1527 1138 1873 1227 supplicia
1924 1138 2326 1217 minaretur,
2387 1137 2560 1206 dixit
2604 1135 2883 1204 Jacobus:

419 1251 454 1293 «
498 1232 640 1298 Non
695 1247 801 1294 me
855 1225 1256 1315 perturbant
1317 1227 1542 1294 minae
1600 1240 1789 1306 tuae,
1853 1226 2017 1313 quia
2072 1240 2422 1312 tamquam
2495 1237 2724 1293 ventus
2764 1223 2883 1290 flans

417 1338 629 1407 supra
664 1327 951 1404 petram,
990 1313 1180 1384 furor
1227 1328 1389 1384 tuus
1436 1337 1638 1384 aures
1690 1337 1875 1384 meas
1911 1316 2481 1403 citopertransit.
2531 1337 2566 1379 »
2599 1313 2708 1382 Cui
2756 1311 2885 1398 prin-

417 1427 624 1495 ceps:
679 1427 715 1469 «
779 1403 923 1472 Noli
987 1403 1457 1493 imprudenter
1505 1426 1727 1494 agere,
1793 1425 1876 1472 ne
1925 1405 2114 1491 gravi
2160 1419 2372 1471 morte
2428 1424 2685 1503 pereas.
2743 1425 2773 1464 n
2811 1399 2884 1466 Cui

415 1493 755 1563 lacobus:
792 1514 828 1557 «
878 1496 1057 1560 Haec
1110 1513 1314 1572 mors,
1366 1514 1498 1560 non
1556 1514 1761 1573 mors,
1803 1491 1919 1562 sed
1969 1513 2257 1561 somnus
2309 1505 2542 1580 potius
2575 1504 2673 1559 est
2716 1488 2885 1556 dicen·

415 1581 573 1659 dus,
618 1602 779 1649 cum
830 1593 981 1669 post
1039 1581 1386 1649 modicum
1444 1581 1850 1650 resurrectio
1900 1581 2265 1650 tribuatur.
2328 1607 2352 1642 ι
2415 1581 2540 1649 Cui
2595 1578 2881 1664 princeps:

418 1694 453 1736 «
505 1675 646 1739 Non
699 1682 759 1737 te
807 1668 1139 1738 seducant
1177 1669 1490 1738 Nazaraei
1527 1669 1854 1750 dicentes,
1897 1683 2182 1738 mortem
2223 1690 2373 1738 esse
2415 1664 2886 1751 somnum,quia

420 1758 655 1848 magni
704 1759 1148 1847 imperatores
1199 1759 1439 1828 timent
1484 1780 1659 1827 eam.
1721 1783 1754 1824 »
1796 1759 1915 1828 Cui
1964 1759 2304 1827 Jacobus:
2351 1781 2386 1823 «
2429 1763 2565 1826 Nos
2596 1778 2722 1825 non
2753 1755 2887 1822 time-

420 1868 575 1916 mus
626 1858 938 1925 mortem,
984 1846 1148 1932 quia
1197 1847 1280 1915 de
1333 1860 1545 1916 morte
1595 1847 1676 1915 ad
1715 1848 1918 1915 vitam
1956 1848 2247 1916 transire
2281 1868 2672 1935 speramus.
2712 1867 2743 1906 ι)

505 1938 541 2022 ξ
592 1941 677 2006 2.
735 1941 923 2003 Tunc
980 1936 1299 2024 princeps
1345 1936 1729 2005 amicorum
1781 1935 2094 2014 consilio,
2139 1936 2313 2003 hanc
2364 1956 2585 2022 super
2625 1931 2886 2003 Jacobum

418 2024 574 2093 tulit
629 2024 1079 2102 sententiam,
1135 2036 1208 2092 ut
1259 2024 1343 2092 ad
1405 2025 1701 2094 aliorum
1775 2037 2098 2093 terrorem
2174 2024 2619 2093 membratim
2665 2018 2886 2089 lacobus

418 2113 771 2213 puniatur.
809 2118 971 2181 Cum
1023 2124 1250 2181 autem
1291 2113 1576 2199 quidam
1612 2134 1690 2181 ex
1739 2112 2215 2201 compassione
2245 2134 2462 2202 super
2489 2134 2649 2181 eum
2691 2112 2882 2178 flerent.

420 2201 534 2271 ille
582 2202 675 2271 ait
714 2226 727 2266 :
764 2224 798 2267 «
850 2201 1062 2269 Nolite
1114 2222 1322 2290 super
1359 2224 1463 2270 me
1513 2203 1697 2280 flere,
1746 2201 1860 2270 sed
1914 2222 2125 2290 super
2178 2203 2494 2289 vosipsos
2551 2203 2736 2268 flete:
2778 2196 2884 2282 quia

417 2312 541 2380 ego
588 2290 672 2358 ad
725 2290 925 2358 vitam
978 2311 1204 2379 pergO,
1240 2302 1303 2359 et
1350 2290 1541 2358 vobis
1580 2290 1924 2381 supplicia
1972 2304 2246 2358 aeterna
2294 2290 2662 2359 debentur.
2699 2290 2885 2352 »Tunc

416 2379 776 2449 carnifices
871 2377 1140 2448 cilicem
1192 2400 1441 2448 manus
1495 2379 1645 2467 ejus
1709 2379 2020 2449 dexterae
2069 2378 2559 2449 absciderunt:
2612 2393 2673 2447 et
2729 2374 2884 2468 excla-

420 2490 617 2538 mans
669 2474 827 2537 Jaco
884 2490 964 2538 us
1003 2468 1133 2536 ait:
1171 2491 1206 2534 «
1256 2467 1605 2537 Liberator
1653 2473 2011 2546 Nazarene,
2052 2468 2328 2556 suscipe
2378 2488 2660 2538 ramum
2692 2464 2884 2534 arboris

420 2556 927 2626 misericordiae
971 2571 1165 2637 tuae;
1223 2578 1379 2625 nam
1428 2580 1468 2625 a
1517 2556 1778 2625 cultore
1814 2558 2048 2625 vineae
2095 2569 2532 2626 sarmentum
2582 2552 2884 2642 absciditut

419 2646 594 2724 vitis,
650 2659 724 2714 ut
776 2647 998 2734 potius
1047 2645 1384 2733 germinet
1430 2657 1491 2715 et
1545 2645 1826 2714 uberius
1861 2657 2141 2714 crescat.
2190 2668 2224 2709 »
2275 2647 2396 2713 Cui
2445 2641 2884 2733 carnifexzisi

416 2734 747 2803 assentire
798 2734 919 2811 viS,
969 2734 1197 2803 adhuc
1246 2733 1368 2801 tibi
1430 2756 1635 2823 parco
1691 2748 1754 2803 et
1806 2734 2302 2803 medicamenta
2364 2734 2686 2804 adhibeo.
2741 2754 2769 2795 ι»
2806 2732 2882 2793 tui

412 2823 736 2892 Jacobus:
777 2844 812 2888 «
855 2827 1089 2891 Nonne
1126 2823 1526 2911 perspexisti
1563 2823 1863 2911 stipitem
1901 2823 2078 2902 vitis,
2117 2822 2280 2909 quia
2310 2844 2471 2891 cum
2509 2830 2882 2911 amputantur

415 2924 783 2990 sarmenta,
827 2910 941 2978 ille
991 2910 1213 2980 nodus
1251 2912 1366 2998 qui
1420 2913 1746 2990 remanet,
1800 2934 1926 2980 suo
1966 2925 2288 3000 tempore,
2331 2933 2494 2980 cum
2558 2926 2720 2980 terra
2757 2908 2880 2996 ineas

415 2998 665 3068 lescere
700 2999 962 3089 incipit,
1009 3021 1124 3087 per
1158 2999 1434 3088 singula
1468 2999 1917 3069 abscissionis
1943 2998 2091 3069 loca
2121 2999 2440 3089 producit
2475 2998 2800 3090 germina?
2838 2996 2878 3056 Sl

409 3088 624 3177 igitur
672 3088 826 3158 vitis
874 3100 1156 3175 putatur
1210 3088 1682 3158 vicissitudine
1739 3088 2065 3178 temporis
2121 3103 2194 3156 ut
2255 3089 2645 3178 germinet,
2694 3094 2880 3172 quanto

416 3176 634 3267 magis
701 3176 923 3245 fidelis
987 3177 1189 3245 homo
1238 3177 1358 3263 qui
1416 3176 1483 3244 in
1538 3199 1692 3245 vera
1749 3177 1880 3245 vite
1937 3177 2201 3247 Christo
2250 3191 2656 3265 compactus
2705 3171 2826 3242 est?
2861 3194 2878 3223 υ

410 3270 599 3335 Tunc
632 3265 963 3335 accedens
996 3264 1298 3335 carnifex
1337 3265 1719 3334 secundum
1755 3265 2049 3334 abscidit
2082 3266 2152 3333 di
2208 3267 2401 3334 itum.
2439 3271 2680 3335 Beatus
2714 3272 2879 3331 autem

408 3354 705 3423 Jacobus
754 3355 956 3423 dixit:
998 3378 1034 3421 z<
1080 3354 1362 3442 Suscipe
1410 3353 1586 3423 duos
1637 3376 1864 3423 ramos
1903 3376 2080 3440 quos
2128 3377 2169 3444 p
2204 3354 2463 3424 antavit
2500 3355 2756 3423 dextera
2785 3362 2877 3443 tua3

413 3445 720 3512 Domine.
778 3466 813 3510 »
872 3442 1174 3511 Abscidit
1225 3456 1289 3512 et
1339 3442 1659 3511 tertium:
1714 3455 1779 3511 et
1834 3441 2006 3512 dixit
2051 3443 2396 3512 lacobus:
2455 3466 2492 3509 ε(
2561 3448 2645 3511 De
2691 3437 2878 3525 triplici

411 3532 779 3601 tentatione
829 3531 1181 3611 liberatus,
1236 3531 1637 3601 benedicam
1686 3531 1865 3600 Patri
1912 3546 1978 3601 et
2027 3532 2192 3600 Filio
2232 3544 2294 3600 et
2345 3532 2631 3621 Spiritui
2673 3534 2874 3598 Sancto:

406 3634 469 3688 et
519 3643 676 3689 cum
733 3621 953 3690 tribus
1000 3620 1251 3708 ereptis
1298 3620 1528 3709 pueris
1558 3619 1641 3687 de
1674 3620 1973 3700 caminO,
2011 3620 2389 3690 confitebor
2440 3621 2587 3702 tibi,
2633 3613 2870 3687 Domine.

400 3722 465 3777 et
515 3710 582 3778 in
634 3710 844 3779 choro
905 3714 1277 3797 Martyrum
1333 3709 1623 3797 psallam
1682 3708 1948 3778 nomini
1998 3722 2135 3789 tuo,
2174 3709 2458 3779 Christe.
2507 3733 2542 3775 »
2591 3703 2874 3799 Abscisstts

402 3810 501 3865 est
540 3811 604 3867 et
636 3812 958 3884 quartus;
997 3810 1061 3865 et
1092 3796 1389 3865 Jacobus
1422 3797 1636 3865 dixit:
1673 3819 1708 3863 «
1753 3802 2093 3867 Protector
2119 3797 2426 3867 filiorum
2457 3796 2682 3874 Israel,
2711 3811 2803 3878 qm
2824 3804 2870 3851 ¹1¹

404 3899 649 3973 quarta
687 3886 1159 3955 benedictione
1194 3889 1694 3975 pronunciatus
1726 3908 1820 3967 e5‚
1858 3887 2042 3956 susci
2100 3908 2135 3954 e
2182 3909 2220 3955 a
2257 3909 2452 3956 servo
2487 3899 2597 3955 tuo
2627 3891 2868 3974 quartam

404 3974 906 4044 confessionem
942 3975 1169 4063 quarti
1197 3974 1418 4064 digiti,
1452 3986 1802 4061 tamquam
1841 3975 1908 4042 in
1940 3981 2029 4044 Ju
2083 3998 2121 4043 a
2154 3975 2522 4063 benedicti.
2565 3997 2598 4040 »
2628 3973 2868 4042 Abscisso

404 4065 670 4151 quium,
711 4064 915 4132 dixit:
957 4088 993 4130 «
1031 4062 1459 4153 completum
1496 4076 1598 4132 est
1627 4063 1961 4152 gaudium
2001 4085 2255 4133 meum.
2297 4087 2333 4130 »
2745 4144 2755 4154 ⁵

491 4156 526 4239 ξ
576 4158 668 4224 3.
723 4158 912 4222 Tunc
960 4152 1320 4222 carnifices
1369 4152 1431 4220 ei
1480 4152 1841 4221 dixerunt:
1897 4176 1934 4218 «
1998 4157 2198 4222 Parce
2245 4152 2394 4241 jam
2446 4173 2622 4220 nunc
2665 4156 2863 4215 animae

406 4254 584 4320 tuae,
636 4264 718 4310 ne
770 4263 1029 4329 pereas;
1089 4263 1210 4309 nec
1257 4241 1682 4310 contristeris
1723 4242 1780 4309 si
1829 4262 2043 4310 unam
2097 4263 2378 4309 manum
2416 4238 2722 4315 amiseris,
2746 4245 2863 4315 qu&

408 4330 591 4395 niam
632 4329 828 4397 multi
865 4343 1025 4399 suut
1062 4352 1269 4401 unam
1316 4341 1582 4398 tantum
1628 4330 1975 4409 babentes,
2012 4342 2076 4398 et
2127 4330 2366 4399 multis
2412 4328 2650 4398 divitiis
2688 4333 2740 4391 et
2776 4318 2859 4383 ho·

408 4416 692 4482 neribus
742 4417 1195 4484 abundantes.
1260 4444 1283 4479 1>
1335 4422 1574 4484 Beatus
1622 4417 1918 4487 lacobus
1967 4417 2172 4485 dixit:
2215 4441 2249 4482 «
2303 4418 2585 4501 Quando
2632 4419 2857 4503 pastores
