2993 4837
74 334 224 400 Nov.
273 334 353 398 25
854 352 932 397 iia
981 351 1036 396 s.
1090 349 1408 397 uancuaio
1456 351 1746 397 marvan
2355 335 2468 398 681

72 446 425 504 moreretur.
469 434 592 503 Illa
639 447 868 504 autem
913 446 1107 504 nocte
1152 434 1215 504 ei
1255 447 1542 522 apparet
1579 434 1879 524 Angelus
1931 435 2226 515 Domini,
2284 434 2563 505 dicens:

74 545 97 587 «
124 529 241 592 Pax
277 524 419 603 tibi,
458 545 783 612 generose
814 522 1091 593 athleta:
1128 546 1164 590 ›>
1199 535 1263 592 et
1295 544 1456 593 eum
1494 523 1794 593 reddidit
1824 545 2099 602 sanum,
2134 544 2392 593 curans
2427 524 2568 593 vul-

73 634 203 681 nera
251 613 397 702 ejus
441 613 771 702 corporiS,
833 613 1003 682 adeo
1054 624 1127 682 ut
1174 625 1526 702 surgeret,
1586 625 1650 682 et
1699 611 1990 702 gloriam
2043 612 2361 682 redderet
2411 617 2564 693 Deo,

69 702 164 788 qui
206 701 264 769 ei
309 714 744 791 apparuerat.

132 792 164 876 ξ
207 793 296 859 9.
349 795 612 860 Rursus
646 811 807 880 ergo
844 790 1084 859 Decius
1128 789 1336 879 jussit
1365 811 1523 858 eum
1558 790 1733 860 sisti:
1773 802 2026 859 etcum
2059 811 2219 858 eum
2266 789 2566 870 vidisset,

65 877 234 946 dixit:
286 900 321 944 «
356 880 480 961 Qui
532 891 846 948 mortuus
894 878 1093 948 suita
1143 879 1344 948 nobis
1377 878 1674 959 ablatuS,
1711 877 2058 965 quomodo
2095 900 2281 949 nunc
2333 901 2453 968 per
2500 902 2573 948 se

65 966 367 1036 ambulat?
414 966 583 1036 forte
615 988 736 1036 nec
784 967 1075 1036 vibicem
1118 967 1402 1054 quidem
1438 967 1644 1036 habet
1674 969 1743 1036 in
1781 989 1906 1036 suo
1938 989 2248 1057 corpore.
2293 991 2327 1034 »
2357 968 2574 1038 Jussit

65 1068 258 1124 autem
305 1055 736 1136 satellitibus,
772 1069 869 1124 ut
898 1056 1225 1125 viderent.
1267 1055 1377 1124 Illi
1428 1078 1584 1125 vero
1617 1057 1678 1125 ei
1713 1056 1979 1126 dicunt:
2026 1082 2051 1119 <i
2108 1061 2232 1126 Per
2279 1057 2568 1127 divinis·

65 1144 275 1213 simam
334 1157 517 1214 tuam
585 1147 897 1235 pietatem
933 1199 948 1226 ,
1011 1167 1264 1234 corpus
1314 1145 1519 1214 habet
1565 1144 1735 1214 adeo
1784 1144 2153 1214 delicatum
2194 1200 2209 1226 ‚
2265 1157 2331 1214 et
2380 1147 2570 1215 omni

70 1232 305 1302 macula
336 1255 653 1313 vacuum,
691 1233 975 1323 perinde
1021 1236 1162 1303 acsi
1215 1255 1298 1302 ne
1353 1233 1597 1304 fuisset
1650 1233 1930 1320 quidem
1985 1246 2264 1303 tactum.
2307 1257 2342 1299 »
2400 1236 2573 1304 Dixit

72 1322 303 1391 Decius:
356 1346 392 1388 «
430 1327 546 1392 Est
583 1322 866 1391 omnino
907 1322 1243 1403 dicturuS‚
1290 1322 1601 1392 Christus
1638 1344 1831 1392 meus
1883 1345 1990 1391 me
2023 1323 2310 1392 curavit.
2351 1325 2568 1392 Nemi·

69 1431 195 1478 nem
238 1411 732 1492 introduxistiS,
770 1410 891 1497 qui
939 1433 1095 1489 eum
1139 1423 1413 1480 curaret
1461 1411 1530 1479 in
1573 1411 1942 1481 custodia?
1985 1434 2019 1478 »
2071 1411 2177 1479 Illi
2232 1423 2459 1480 autem
2509 1412 2571 1480 ei

70 1497 381 1570 dixerunt:
421 1525 457 1567 «
496 1506 621 1569 Per
661 1513 950 1569 vestram
992 1501 1388 1588 potentiam,
1434 1521 1612 1586 quae
1662 1501 1835 1589 regit
1882 1500 2281 1570 universum
2332 1500 2567 1569 orbem

70 1597 266 1670 terrae,
304 1612 503 1659 nemo
543 1612 703 1659 eum
742 1611 826 1659 ne
859 1587 1170 1679 adspexit
1207 1588 1518 1676 quidem:
1556 1589 1973 1678 putabamus
2001 1590 2185 1657 enim
2223 1611 2379 1659 eum
2424 1610 2573 1658 6556

68 1677 458 1747 moriturum.
500 1677 857 1760 Quomodo
891 1690 1120 1747 autem
1174 1700 1388 1747 sanus
1417 1689 1482 1746 et
1516 1677 1752 1747 valens
1805 1699 1990 1746 nunc
2023 1678 2319 1758 assistat,
2356 1679 2572 1747 nesci-

66 1783 214 1832 mus.
251 1789 284 1832 »
334 1767 508 1835 Dixit
555 1771 970 1856 Imperator:
1026 1790 1060 1833 «
1106 1767 1335 1836 Videte
1366 1778 1580 1835 artem
1623 1766 1962 1854 magicam
1998 1767 2564 1836 Christianorum.

67 1854 170 1931 Qui
212 1854 346 1924 heri
394 1854 679 1942 quidem
718 1855 1090 1945 putabatur
1131 1877 1278 1925 6556
1330 1869 1668 1936 mortuuS,
1718 1855 1918 1924 hodie
1972 1855 2197 1925 adstat
2253 1877 2487 1925 sanus,
2534 1878 2571 1920 »

70 1942 254 2010 Iratus
298 1944 526 2031 itaque
576 1943 746 2013 dixit
792 1945 887 2012 ei:
936 1967 971 2009 «
1024 1944 1189 2026 Quis
1225 1957 1284 2013 te
1322 1945 1640 2013 curavit?
1687 1943 1799 2013 dic
1849 1965 2006 2013 cum
2047 1945 2346 2013 veritate.
2400 1950 2565 2014 Nam

69 2027 186 2098 sine
217 2033 598 2123 praestigiis
629 2045 695 2102 et
726 2044 869 2101 arte
912 2033 1177 2121 magica
1215 2055 1348 2102 non
1386 2046 1548 2120 puto
1586 2044 1646 2101 te
1685 2032 1899 2102 fuisse
1943 2046 2286 2101 curatum.
2324 2057 2358 2099 »
2401 2033 2572 2100 Dixit

71 2132 304 2191 sanctus
354 2122 776 2191 Mercurius:
830 2144 865 2188 «
919 2121 1108 2190 Sicut
1156 2122 1349 2210 prius
1392 2122 1625 2190 dixisti
1660 2121 1926 2199 nolens,
1970 2122 2302 2190 Dominus
2344 2133 2572 2189 noster

73 2206 230 2276 Jesus
275 2210 607 2291 Christu8‚
655 2232 853 2279 verus
899 2209 1209 2280 medicus
1255 2211 1648 2279 animarum
1700 2223 1767 2279 et
1821 2231 2217 2298 corporum,
2261 2210 2406 2296 ipse
2461 2231 2570 2277 me

78 2297 309 2390 curavit.
358 2298 712 2369 veneficos
768 2311 1020 2377 autem,
1059 2311 1124 2368 et
1165 2299 1647 2379 incantatoreS‚
1708 2311 1773 2368 et
1833 2298 2137 2367 sortibus
2185 2299 2572 2366 divinantes

78 2384 238 2454 Simul
286 2409 442 2458 cum
506 2388 592 2458 iis
639 2387 758 2474 qui
814 2386 1100 2457 adorant
1149 2387 1545 2468 simulacra,
1607 2388 1904 2466 abdicat,
1965 2409 2219 2475 eosque
2275 2386 2571 2457 vinculis

74 2467 294 2560 ligatos,
334 2478 542 2547 tradit
596 2477 740 2577 igni
788 2477 1163 2566 gehennae,
1207 2489 1564 2566 propterea
1599 2479 1778 2564 quod
1821 2499 1955 2546 non
2007 2490 2436 2566 agnoverunt
2465 2499 2572 2544 ve-

68 2580 188 2630 rum
250 2570 452 2636 Deum
538 2588 659 2652 qui
726 2565 884 2635 fecit
941 2566 1148 2665 ipsos,
1205 2590 1240 2631 »
1290 2566 1465 2635 Dixit
1517 2571 1934 2656 Imperator:
1982 2590 2016 2633 «
2063 2572 2323 2655 Corpus
2374 2578 2568 2635 tuum

66 2667 269 2723 rursus
296 2677 702 2725 consumam
757 2654 1144 2743 suppliciis.
1183 2654 1554 2725 Videamus
1600 2669 1855 2733 autem,
1897 2677 1982 2722 an
2044 2669 2103 2724 te
2154 2667 2345 2724 curet
2379 2656 2571 2724 Chri-

65 2749 185 2807 stus
215 2754 388 2823 tuus,
424 2766 634 2831 quem
685 2744 1054 2813 confiteris.
1099 2767 1133 2810 »
1188 2744 1363 2812 Dixit
1396 2746 1821 2813 Mercurius:
1878 2766 1912 2810 «
1958 2745 2168 2814 Credo
2219 2744 2287 2812 in
2343 2744 2571 2813 Domi-

65 2843 199 2894 num
250 2854 475 2901 meum
522 2832 759 2901 Jesum
811 2833 1191 2911 Christum,
1254 2832 1438 2918 quod
1491 2854 1971 2919 quaecumque
2025 2833 2193 2902 mihi
2253 2832 2571 2902 intuleris

63 2918 390 3009 supplicia,
434 2942 571 2989 non
618 2934 806 3009 potes
859 2941 965 2989 me
1016 2920 1264 3009 injuria
1319 2919 1611 2989 afficere.
1655 2948 1679 2983 ι
1723 2927 1877 3010 Ipse
1916 2922 2098 2990 enim
2137 2922 2330 2990 dixit:
2374 2945 2410 2987 «
2445 2927 2573 2990 No-

66 2997 156 3070 lite
198 3007 429 3077 timere
474 3031 594 3078 eos
642 3010 759 3095 qui
811 3030 1064 3098 corpus
1112 3008 1469 3081 occidunt;
1509 3011 1812 3077 animam
1847 3023 2073 3079 autem
2112 3032 2246 3079 non
2278 3022 2574 3101 possunt

63 3092 378 3165 occidere:
432 3097 553 3167 sed
594 3118 750 3166 eum
808 3097 1035 3166 timete
1086 3097 1336 3186 potiu5‚
1381 3098 1499 3184 qui
1569 3111 1786 3187 potest
1843 3099 2147 3168 animam
2205 3113 2269 3168 et
2318 3120 2573 3189 corpus

64 3181 308 3263 perdere
358 3187 423 3254 in
477 3185 839 3275 gehenna:
898 3186 1015 3271 qui
1066 3199 1215 3273 post
1272 3199 1558 3256 mortem
1617 3209 1725 3255 me
1789 3209 2032 3256 rursus
2093 3189 2449 3258 suscitabit
2501 3190 2569 3256 in

64 3271 312 3341 terribili
354 3274 465 3343 die
496 3275 669 3365 justi
699 3274 945 3361 judicii
993 3274 1260 3363 (Matala.
1314 3274 1405 3362 x).
1464 3299 1500 3340 »

129 3360 159 3443 ξ
201 3367 350 3433 10.
396 3368 566 3433 Cum
618 3377 842 3433 autem
906 3374 1335 3450 torqueretur
1384 3376 1449 3433 et
1498 3377 1814 3433 ureretur
1868 3385 2242 3453 generosus
2291 3370 2583 3454 Martyr„

62 3463 162 3529 pro
190 3450 419 3521 nidore
464 3452 697 3523 suavis
738 3452 1018 3539 quidam
1063 3452 1233 3522 odor
1280 3464 1665 3522 aromatum
1721 3455 2044 3523 manabat
2089 3474 2166 3522 ex
2220 3455 2370 3543 ejus
2423 3476 2572 3523 cor-

62 3551 218 3635 pore.
252 3544 413 3609 Cum
468 3542 527 3609 is
572 3562 725 3609 vero
783 3540 1026 3610 fuisset
1083 3541 1455 3620 cruciatus,
1498 3553 1563 3610 et
1621 3563 1703 3610 ne
1759 3542 2208 3632 ingemuisset
2260 3543 2566 3629 quidem,

60 3617 204 3723 dixit
250 3630 529 3698 Decius:
571 3652 606 3695 «
662 3630 785 3698 Ubi
836 3641 938 3698 est
989 3641 1146 3699 tuus
1201 3630 1559 3699 medicus?
1607 3630 1798 3700 Nunc
1847 3632 2096 3712 veniat,
2135 3643 2198 3700 et
2244 3645 2303 3702 te
2351 3644 2569 3700 curet.

62 3709 269 3782 Dixisti
307 3718 517 3797 enim,
556 3718 739 3803 quod
789 3717 994 3787 etiam
1035 3730 1184 3807 post
1236 3732 1519 3787 mortem
1576 3732 1793 3805 potest
1833 3731 1893 3788 te
1934 3720 2288 3789 suscitare.
2328 3744 2361 3786 »
2399 3721 2574 3788 Dixit

60 3813 311 3899 san-ctus
349 3808 773 3876 Mercurius:
814 3830 850 3873 «
896 3811 1023 3874 Fac
1076 3806 1258 3892 quod
1311 3806 1502 3875 velis.
1542 3807 1767 3876 Habes
1819 3821 2211 3897 potestatem
2265 3810 2575 3898 corporis

62 3905 195 3969 mei,
232 3894 503 3963 animae
533 3907 761 3981 autem
800 3900 997 3964 Deus.
1053 3900 1219 3964 Nam
1257 3896 1382 3965 etsi
1433 3917 1687 3984 corpus
1724 3918 1951 3964 meum
2007 3897 2362 3979 interierit,
2421 3900 2574 3987 per-

64 3992 264 4048 manet
308 3983 543 4051 anima
602 4005 774 4063 mea,
814 3984 882 4052 in
934 4005 1141 4069 quam
1188 4004 1324 4054 non
1372 3984 1557 4052 cadit
1600 3984 1938 4054 interitus.
1986 4008 2021 4050 »
2069 3990 2334 4056 Rursus
2377 3987 2575 4075 jubet

63 4062 406 4159 Imperator
434 4092 593 4140 eum
632 4072 960 4160 suspendi
1003 4073 1469 4162 praecipitem,
1506 4085 1571 4142 et
1600 4073 1749 4162 ejus
1789 4071 1964 4141 collo
1998 4072 2266 4163 alligari
2309 4075 2573 4164 gravis-

62 4168 283 4226 simum
333 4159 673 4249 lapidem:
726 4174 803 4229 ut
850 4183 889 4229 a
929 4160 1157 4251 lapide
1197 4162 1599 4241 suffocatus,
1634 4162 1769 4230 cito
1801 4174 2202 4231 moreretur.
2240 4168 2315 4231 In
2353 4163 2571 4250 gratia

61 4254 255 4315 autem
308 4250 574 4317 Domini
623 4250 1073 4319 confirmatus
1124 4255 1398 4340 Martyr‚
1441 4249 1550 4317 lon
1605 4271 1644 4318 o
1696 4264 1999 4339 tempore
2040 4252 2294 4321 mansit
2336 4251 2402 4318 in
2440 4264 2571 4318 tor-

63 4345 279 4403 mento.
318 4341 484 4406 Cum
536 4337 814 4407 vidisset
864 4360 1017 4407 vero
1054 4339 1299 4407 Decius
1346 4360 1504 4407 eum
1564 4337 1704 4406 orti
1741 4350 1806 4407 et
1847 4360 2099 4429 magno
2138 4339 2372 4408 animo
2410 4340 2572 4408 resi-

62 4426 208 4487 stere
234 4427 603 4507 tormentiS,
639 4439 704 4495 et
738 4425 908 4495 nihil
944 4448 1147 4517 grave
1177 4448 1335 4496 eum
1375 4439 1675 4515 tangere,
1708 4425 1920 4513 jussit
1952 4426 2231 4514 quidem
2270 4426 2566 4516 lapidem
