2993 4837
70 307 228 374 NOV.
281 310 323 374 8
698 327 775 372 DE
824 328 879 372 S.
933 327 1301 374 wiemuano
1350 327 1546 374 muse.
1605 324 1912 374 nasum&
2358 309 2484 372 337

72 409 361 499 Episcopi
414 410 779 479 admodum
835 410 942 499 pie
989 425 1053 479 et
1097 410 1407 501 religiose
1457 434 1529 480 se
1577 412 1809 501 gessit,
1849 412 2315 496 virtutumque
2349 410 2574 480 studia

70 499 283 569 multis
324 499 539 567 modis
587 500 796 567 auxit.
843 504 1005 569 Cum
1060 514 1285 568 autem
1332 503 1638 590 corporis
1697 500 2133 569 incommoda
2183 500 2570 567 valetudine

68 587 415 656 admodum
463 588 812 657 confectus
860 602 1058 667 esset,
1099 588 1485 657 Hadrianus
1537 589 1833 658 Pontifex
1876 589 2111 678 jussit,
2153 602 2224 656 ut
2269 588 2575 676 piscibus

68 688 441 756 vesceretur,
475 677 731 763 quibus
761 679 849 745 ob
877 676 1183 746 studium
1220 680 1672 747 abstinentiae
1703 679 1800 746 uti
1842 700 1971 745 non
2008 677 2292 747 solebat.
2331 677 2575 745 Nullus

68 787 251 853 prope
282 765 430 833 dies
465 766 656 846 abiit,
701 788 837 852 quo
880 787 1013 833 nou
1066 788 1258 835 sacra
1312 769 1668 835 Missaruin
1720 766 2055 835 solemnia
2106 788 2264 833 cum
2321 787 2574 855 magna

65 854 266 924 cordis
304 855 710 923 contritione
758 854 1153 933 celebraret,
1212 856 1493 943 insuper
1545 877 2042 941 nonnunquam
2090 855 2227 923 duo
2288 856 2383 922 vel
2447 855 2574 922 tria

64 944 363 1012 Psalteria
407 943 738 1012 lectitans.
772 948 866 1012 lta
902 944 1002 1010 vir
1038 944 1274 1013 beatus
1306 944 1688 1013 doctrinam
1728 966 1922 1012 suam
1958 943 2228 1033 egregie
2253 944 2565 1019 ornabat,

64 1031 347 1121 exemplo
398 1054 518 1102 suo
566 1031 989 1100 confirmans
1022 1032 1200 1119 quod
1256 1055 1370 1100 ore
1423 1033 1882 1122 praedicabat.

137 1122 170 1206 ξ
206 1128 293 1191 6.
329 1125 606 1189 Bremae
637 1119 1020 1190 aedificavit
1070 1120 1400 1211 templum
1437 1121 2055 1210 elegantissimum,
2096 1120 2574 1206 dedicavitque

9 1253 14 1260 -
70 1207 212 1276 illud
264 1209 576 1278 Calendis
624 1211 1022 1279 Novembris
1074 1210 1423 1279 Dominico
1471 1209 1581 1278 die
1632 1213 1697 1278 in
1753 1211 2077 1278 honorem
2133 1210 2400 1277 Domini
2454 1231 2576 1277 no-

9 1347 12 1348 .
69 1297 170 1364 stri
209 1304 371 1367 Jesu
419 1298 691 1377 Christi,
743 1311 809 1366 et
865 1298 1041 1367 beati
1094 1301 1268 1368 Petri
1318 1300 1638 1388 Apostoli.
1695 1304 1904 1386 Atque
1953 1320 2029 1366 ea
2083 1299 2148 1366 iu
2203 1298 2371 1367 urbe
2421 1300 2578 1389 Epi-

9 1429 10 1432 =
72 1387 230 1473 scopi
276 1386 506 1455 sedern
560 1387 937 1456 constituit.

142 1475 173 1560 ξ
214 1479 285 1545 2.
339 1475 639 1544 Tandem
690 1497 851 1544 cum
893 1477 1282 1545 universam
1340 1477 1720 1565 paroeciam
1758 1500 1952 1546 suam
2007 1476 2235 1546 studio
2288 1476 2438 1565 piae
2473 1476 2572 1544 in·

73 1563 361 1632 tentionis
405 1565 646 1633 crebro
695 1564 1197 1652 perlustrasset,
1252 1566 1316 1632 in
1383 1566 1644 1647 locuni,
1699 1566 1819 1652 qui
1869 1565 2275 1634 Bleckensee
2322 1565 2355 1598 ⁴*
2405 1565 2576 1633 dici-

71 1661 180 1729 tur,
231 1653 555 1742 pervenit:
608 1653 729 1723 ubi
782 1666 914 1723 tam
967 1655 1105 1722 acri
1161 1667 1517 1743 correptus
1564 1669 1665 1723 est
1704 1654 1909 1734 febre,
1952 1668 2023 1723 ut
2075 1653 2399 1741 discipuli
2456 1654 2574 1740 qui

70 1760 201 1837 cum
248 1763 325 1811 eo
372 1756 590 1821 erant,
633 1743 834 1811 vitam
873 1742 1024 1830 ejus
1072 1742 1537 1831 desperarent.
1596 1748 1780 1813 Unus
1831 1756 2055 1812 autem
2099 1766 2176 1811 ex
2226 1745 2324 1811 eis
2377 1742 2575 1810 fami-

72 1824 297 1898 liariter
341 1830 404 1898 ei
455 1830 860 1911 adhaerenS,
906 1831 1237 1911 dolorem,
1291 1853 1494 1918 quem
1561 1854 1640 1899 ex
1687 1833 1837 1920 ejus
1885 1833 2075 1900 obitu
2135 1830 2574 1919 impendente

72 1931 466 2007 conceperat,
511 1919 832 2007 iacrymis
861 1934 925 1989 et
956 1920 1409 2006 querimoniis
1448 1934 1729 1988 testatus
1761 1931 1894 1987 est:
1936 1942 1970 1985 «
2016 1919 2186 2002 Noli,
2231 1921 2572 2005 inquiens,

76 2019 234 2092 pater
267 2020 526 2087 sancte,
561 2007 854 2097 plebem,
890 2030 1097 2095 quam
1137 2008 1546 2097 pascendam
1593 2008 1979 2096 suscepisti,
2010 2030 2322 2094 quaeque
2356 2007 2577 2076 cultui

76 2090 268 2164 divino
306 2118 456 2166 sese
502 2097 1024 2167 accommodare
1070 2098 1360 2179 videtur,
1400 2097 1735 2176 deserere,
1797 2118 1878 2165 ne
1929 2096 2218 2165 tenellus
2268 2118 2454 2185 grex,
2515 2112 2575 2163 te

78 2178 430 2265 decedente,
477 2185 797 2274 luporum
856 2185 1202 2256 morsibus
1233 2201 1635 2276 exponatur.
1677 2208 1713 2251 »
1756 2186 1827 2253 Ei
1881 2206 2034 2253 vero
2070 2185 2309 2253 beatus
2341 2186 2444 2251 vir
2479 2186 2578 2253 sic

20 2320 35 2345 .-
78 2273 432 2361 respondit:
488 2296 525 2339 «
577 2274 761 2353 Noli,
818 2274 911 2343 fili
968 2276 1093 2355 mi,
1147 2298 1185 2344 a
1240 2276 1501 2343 Domini
1557 2275 1690 2343 mei
1739 2285 2113 2364 conspectu
2159 2273 2427 2342 diutius
2469 2294 2577 2341 me

58 2378 341 2430 avocare.
386 2367 558 2433 Oves
606 2363 691 2433 ab
751 2362 867 2432 illo
921 2365 1085 2432 inihi
1136 2364 1676 2444 commendataS,
1730 2364 1787 2432 ei
1851 2362 2147 2433 tuendas
2194 2362 2572 2432 committo.

24 2519 29 2528 ,
74 2449 190 2517 Non
235 2451 446 2522 deerit
510 2453 702 2522 vobis
773 2453 1162 2542 benignitas
1208 2455 1382 2540 ejus,
1436 2454 1639 2544 cujus
1701 2452 2172 2522 misericordia
2226 2452 2424 2542 plena
2477 2465 2578 2520 est

72 2546 243 2633 terra.
288 2564 322 2605 »
362 2545 577 2629 Atque
630 2543 714 2609 ita
777 2543 887 2630 pia
937 2543 1150 2611 animi
1203 2542 1556 2612 devotione
1606 2542 1708 2610 vir
1760 2542 2025 2611 Domini
2077 2540 2266 2611 coelo
2308 2562 2580 2630 semper

74 2638 381 2710 intentuS,
449 2643 637 2699 sexto
697 2629 859 2698 Idus
926 2631 1363 2711 NovembriS,
1417 2653 1575 2699 cum
1617 2631 1761 2720 jam
1819 2631 2188 2700 virtutibus
2243 2629 2582 2719 perfectus

74 2729 240 2796 esset,
278 2718 342 2786 in
386 2719 633 2788 Christi
688 2741 852 2806 pace
900 2720 1335 2789 obdormivit.
1392 2720 1480 2787 Ad
1535 2721 1684 2809 ejus
1723 2721 2043 2807 exequias
2096 2720 2290 2809 plebs
2340 2718 2575 2787 devota

76 2802 342 2892 undique
404 2829 799 2886 accurrens,
860 2821 1118 2897 patrem
1168 2822 1233 2878 et
1281 2808 1620 2878 doctorem
1675 2810 2010 2897 optimum
2082 2832 2240 2877 cum
2296 2808 2580 2896 hymnis

78 2902 131 2956 et
169 2890 478 2964 laudibus
511 2896 594 2965 ad
640 2902 1072 2965 Bremensem
1125 2897 1510 2977 ecclesiam,
1555 2919 1760 2983 quam
1815 2898 1960 2987 ipse
2001 2896 2425 2974 condiderat,
2464 2898 2580 2965 de—

82 2994 533 3077 portaverunt,
589 2986 658 3054 in
704 3006 919 3071 eaque
967 3007 1240 3054 sacrum
1293 3008 1544 3075 corpus
1601 2987 1750 3070 ejus
1802 2986 2254 3073 tumularunt.
2313 2987 2461 3053 Fuit
2511 2987 2578 3053 in

86 3068 452 3162 Episcopatu
503 3074 854 3142 Bremensi
889 3096 1106 3144 annos
1154 3075 1351 3154 duos,
1399 3096 1665 3144 menses
1699 3087 1856 3152 tres,
1895 3073 2039 3141 dies
2091 3074 2450 3163 vigintisex
2485 3074 2576 3141 *ἴ

121 3281 141 3306 *
167 3284 313 3325 Fica-om
334 3289 379 3327 ln
401 3288 572 3333 Prista,
593 3296 689 3337 quo
710 3288 754 3325 S.
776 3285 1075 3332 willehadus,
1097 3288 1393 3335 praedicandi
1413 3286 1574 3330 causfi.
1596 3298 1700 3326 sese
1721 3286 2003 3326 contulerat.

78 3383 85 3388 .
118 3337 162 3393 ’'j-¹
193 3339 230 3376 S.
268 3342 567 3386 Ansehariua,
609 3342 782 3380 tertius
822 3344 865 3380 S.
888 3341 1147 3385 willehadi.
1185 3344 1233 3380 tn
1270 3341 1514 3381 Bremensi
1555 3344 1830 3389 episcopatu
1866 3347 2114 3379 successor
2151 3339 2349 3377 (845-863
2365 3337 2396 3387 ),
2435 3338 2588 3376 Vitam

76 3393 211 3435 mmm,
241 3403 373 3441 quem
412 3393 454 3434 is
492 3394 638 3444 probe
673 3401 972 3443 cognoverat,
1008 3393 1271 3443 descripsit.
1310 3398 1417 3435 Eam
1460 3396 1606 3434 edidit
1649 3396 1797 3433 Pertz.
1821 3393 2057 3432 Nonnulla
2077 3392 2132 3430 de
2156 3393 2259 3439 ejus
2281 3393 2426 3440 gestis
2449 3391 2587 3429 habet

76 3440 193 3482 etlam
208 3446 251 3484 in
269 3457 353 3488 cua.
373 3448 583 3487 Historia
603 3446 753 3486 aedes.
768 3449 982 3488 saxoniae
1002 3449 1222 3488 Albcrtus
1242 3449 1417 3489 Krantz
1439 3447 1478 3499 (ῒ
1505 3449 1639 3494 1517).

218 4515 445 4576 surius
476 4547 497 4561 ·
541 4516 713 4576 Vitae
741 4514 839 4579 SS.
872 4548 902 4564 -
931 4515 1061 4579 Vol.
1093 4514 1191 4577 xl.

2366 4517 2443 4579 1ss
