<?xml version="1.0" encoding="UTF-8"?>
<!DOCTYPE html PUBLIC "-//W3C//DTD XHTML 1.0 Transitional//EN"
    "http://www.w3.org/TR/xhtml1/DTD/xhtml1-transitional.dtd">
<html xmlns="http://www.w3.org/1999/xhtml" xml:lang="en" lang="en">
 <head>
  <title>
</title>
<meta http-equiv="Content-Type" content="text/html;charset=utf-8" />
  <meta name='ocr-system' content='tesseract 3.04.00' />
  <meta name='ocr-capabilities' content='ocr_page ocr_carea ocr_par ocr_line ocrx_word'/>
</head>
<body>
  <div class='ocr_page' id='page_1' title='image "./historiaeseuvit05lippgoog_0402.png"; bbox 0 0 2993 4837; ppageno 0'>
   <div class='ocr_carea' id='block_1_1' title="bbox 550 328 2932 397">
    <p class='ocr_par' dir='ltr' id='par_1_1' title="bbox 550 328 2932 397">
     <span class='ocr_line' id='line_1_1' title="bbox 550 328 2932 397; baseline -0.002 0"><span class='ocrx_word' id='word_1_1' title='bbox 550 334 676 397; x_wconf 78' lang='lat'>366</span> <span class='ocrx_word' id='word_1_2' title='bbox 1148 349 1223 394; x_wconf 76' lang='lat' dir='ltr'>ne</span> <span class='ocrx_word' id='word_1_3' title='bbox 1272 349 1324 394; x_wconf 89' lang='lat' dir='ltr'>s.</span> <span class='ocrx_word' id='word_1_4' title='bbox 1381 344 1733 394; x_wconf 73' lang='lat' dir='ltr'>consrmno</span> <span class='ocrx_word' id='word_1_5' title='bbox 1783 348 1877 393; x_wconf 72' lang='lat' dir='ltr'>rr.</span> <span class='ocrx_word' id='word_1_6' title='bbox 1935 344 2319 393; x_wconf 70' lang='lat' dir='ltr'>AuniANssNsl</span> <span class='ocrx_word' id='word_1_7' title='bbox 2710 328 2932 393; x_wconf 71' lang='lat' dir='ltr'>NOV.8</span> 
     </span>
    </p>
   </div>
   <div class='ocr_carea' id='block_1_2' title="bbox 454 429 2973 4517">
    <p class='ocr_par' dir='ltr' id='par_1_2' title="bbox 462 429 2973 612">
     <span class='ocr_line' id='line_1_2' title="bbox 462 429 2973 521; baseline -0.003 -15"><span class='ocrx_word' id='word_1_8' title='bbox 462 436 845 506; x_wconf 80' lang='lat' dir='ltr'>affirmavit.</span> <span class='ocrx_word' id='word_1_9' title='bbox 904 440 1081 504; x_wconf 88' lang='lat' dir='ltr'>Haec</span> <span class='ocrx_word' id='word_1_10' title='bbox 1132 433 1407 520; x_wconf 86' lang='lat' dir='ltr'>quidem</span> <span class='ocrx_word' id='word_1_11' title='bbox 1459 431 1638 500; x_wconf 87' lang='lat' dir='ltr'>dicta</span> <span class='ocrx_word' id='word_1_12' title='bbox 1691 432 1826 499; x_wconf 87' lang='lat' dir='ltr'>sint</span> <span class='ocrx_word' id='word_1_13' title='bbox 1879 432 1944 500; x_wconf 90' lang='lat' dir='ltr'>in</span> <span class='ocrx_word' id='word_1_14' title='bbox 1986 446 2305 500; x_wconf 92' lang='lat' dir='ltr'>terrorem</span> <span class='ocrx_word' id='word_1_15' title='bbox 2345 429 2641 509; x_wconf 85' lang='lat' dir='ltr'>illorum,</span> <span class='ocrx_word' id='word_1_16' title='bbox 2689 432 2795 517; x_wconf 89' lang='lat' dir='ltr'>qui</span> <span class='ocrx_word' id='word_1_17' title='bbox 2830 430 2973 521; x_wconf 58' lang='lat' dir='ltr'>spi-,¹</span> 
     </span>
     <span class='ocr_line' id='line_1_3' title="bbox 463 522 2973 612; baseline -0.002 -18"><span class='ocrx_word' id='word_1_18' title='bbox 463 524 814 595; x_wconf 80' lang='lat' dir='ltr'>ritualium</span> <span class='ocrx_word' id='word_1_19' title='bbox 871 536 1137 612; x_wconf 87' lang='lat' dir='ltr'>patrum</span> <span class='ocrx_word' id='word_1_20' title='bbox 1168 522 1362 609; x_wconf 89' lang='lat' dir='ltr'>jussa</span> <span class='ocrx_word' id='word_1_21' title='bbox 1397 536 1831 589; x_wconf 77' lang='lat' dir='ltr'>contemnere</span> <span class='ocrx_word' id='word_1_22' title='bbox 1883 542 2015 588; x_wconf 93' lang='lat' dir='ltr'>non</span> <span class='ocrx_word' id='word_1_23' title='bbox 2057 533 2394 589; x_wconf 90' lang='lat' dir='ltr'>verentur.</span> <span class='ocrx_word' id='word_1_24' title='bbox 2970 524 2973 589; x_wconf 80' lang='grc' dir='ltr'><strong>ἓ</strong></span> 
     </span>
    </p>

    <p class='ocr_par' dir='ltr' id='par_1_3' title="bbox 454 608 2969 4429">
     <span class='ocr_line' id='line_1_4' title="bbox 547 608 2939 699; baseline -0.003 -15"><span class='ocrx_word' id='word_1_25' title='bbox 547 616 583 699; x_wconf 66' lang='grc' dir='ltr'>ξ</span> <span class='ocrx_word' id='word_1_26' title='bbox 629 618 798 684; x_wconf 75' lang='grc'>50.</span> <span class='ocrx_word' id='word_1_27' title='bbox 846 618 1040 681; x_wconf 82' lang='lat' dir='ltr'><strong>Extra</strong></span> <span class='ocrx_word' id='word_1_28' title='bbox 1082 632 1313 679; x_wconf 89' lang='lat' dir='ltr'>muros</span> <span class='ocrx_word' id='word_1_29' title='bbox 1348 610 1541 678; x_wconf 90' lang='lat' dir='ltr'>urbis</span> <span class='ocrx_word' id='word_1_30' title='bbox 1580 609 2056 679; x_wconf 80' lang='lat' dir='ltr'>Ambianensis</span> <span class='ocrx_word' id='word_1_31' title='bbox 2104 621 2202 677; x_wconf 91' lang='lat' dir='ltr'>est</span> <span class='ocrx_word' id='word_1_32' title='bbox 2240 609 2724 677; x_wconf 89' lang='lat' dir='ltr'>monasterium</span> <span class='ocrx_word' id='word_1_33' title='bbox 2770 608 2939 677; x_wconf 82' lang='lat' dir='ltr'>saneti</span> 
     </span>
     <span class='ocr_line' id='line_1_5' title="bbox 465 699 2935 790; baseline -0.002 -20"><span class='ocrx_word' id='word_1_34' title='bbox 465 701 792 790; x_wconf 77' lang='lat' dir='ltr'>Dionysii.</span> <span class='ocrx_word' id='word_1_35' title='bbox 859 706 934 769; x_wconf 95' lang='lat' dir='ltr'>In</span> <span class='ocrx_word' id='word_1_36' title='bbox 1006 700 1173 769; x_wconf 91' lang='lat' dir='ltr'>illud</span> <span class='ocrx_word' id='word_1_37' title='bbox 1246 711 1386 768; x_wconf 88' lang='lat' dir='ltr'>tum</span> <span class='ocrx_word' id='word_1_38' title='bbox 1451 699 1632 768; x_wconf 86' lang='lat' dir='ltr'>cives</span> <span class='ocrx_word' id='word_1_39' title='bbox 1699 699 2186 767; x_wconf 78' lang='lat' dir='ltr'>Ambianenses</span> <span class='ocrx_word' id='word_1_40' title='bbox 2234 719 2532 777; x_wconf 90' lang='lat' dir='ltr'>aurum,</span> <span class='ocrx_word' id='word_1_41' title='bbox 2587 710 2935 788; x_wconf 88' lang='lat' dir='ltr'>argentum,</span> 
     </span>
     <span class='ocr_line' id='line_1_6' title="bbox 462 785 2942 877; baseline -0.003 -18"><span class='ocrx_word' id='word_1_42' title='bbox 462 790 770 877; x_wconf 85' lang='lat' dir='ltr'>aliasque</span> <span class='ocrx_word' id='word_1_43' title='bbox 819 811 925 859; x_wconf 89' lang='lat' dir='ltr'>res</span> <span class='ocrx_word' id='word_1_44' title='bbox 973 812 1133 857; x_wconf 88' lang='lat' dir='ltr'>suas</span> <span class='ocrx_word' id='word_1_45' title='bbox 1195 799 1702 877; x_wconf 75' lang='lat' dir='ltr'>comportarent</span> <span class='ocrx_word' id='word_1_46' title='bbox 1736 841 1750 866; x_wconf 94' lang='lat'><strong>‚</strong></span> <span class='ocrx_word' id='word_1_47' title='bbox 1808 787 2301 873; x_wconf 83' lang='lat' dir='ltr'>monachisque</span> <span class='ocrx_word' id='word_1_48' title='bbox 2363 785 2726 875; x_wconf 78' lang='lat' dir='ltr'>diligenter</span> <span class='ocrx_word' id='word_1_49' title='bbox 2776 807 2942 854; x_wconf 83' lang='lat' dir='ltr'>asser·</span> 
     </span>
     <span class='ocr_line' id='line_1_7' title="bbox 464 874 2941 963; baseline -0.001 -18"><span class='ocrx_word' id='word_1_50' title='bbox 464 878 723 947; x_wconf 89' lang='lat' dir='ltr'>vandas</span> <span class='ocrx_word' id='word_1_51' title='bbox 771 878 1357 948; x_wconf 86' lang='lat' dir='ltr'>commendarant.</span> <span class='ocrx_word' id='word_1_52' title='bbox 1428 875 1776 944; x_wconf 89' lang='lat' dir='ltr'>Saeviebat</span> <span class='ocrx_word' id='word_1_53' title='bbox 1822 877 2004 943; x_wconf 91' lang='lat' dir='ltr'>enim</span> <span class='ocrx_word' id='word_1_54' title='bbox 2074 898 2190 963; x_wconf 91' lang='lat' dir='ltr'>per</span> <span class='ocrx_word' id='word_1_55' title='bbox 2250 874 2313 943; x_wconf 92' lang='lat' dir='ltr'>id</span> <span class='ocrx_word' id='word_1_56' title='bbox 2369 888 2640 963; x_wconf 85' lang='lat' dir='ltr'>tempus</span> <span class='ocrx_word' id='word_1_57' title='bbox 2696 876 2763 942; x_wconf 92' lang='lat' dir='ltr'>in</span> <span class='ocrx_word' id='word_1_58' title='bbox 2815 876 2941 943; x_wconf 84' lang='lat' dir='ltr'>urbe</span> 
     </span>
     <span class='ocr_line' id='line_1_8' title="bbox 462 963 2945 1053; baseline -0.003 -17"><span class='ocrx_word' id='word_1_59' title='bbox 462 967 702 1037; x_wconf 88' lang='lat' dir='ltr'>seditio</span> <span class='ocrx_word' id='word_1_60' title='bbox 750 980 815 1037; x_wconf 90' lang='lat' dir='ltr'>et</span> <span class='ocrx_word' id='word_1_61' title='bbox 850 966 1101 1036; x_wconf 91' lang='lat' dir='ltr'>bellum</span> <span class='ocrx_word' id='word_1_62' title='bbox 1155 965 1581 1043; x_wconf 88' lang='lat' dir='ltr'>intestinum,</span> <span class='ocrx_word' id='word_1_63' title='bbox 1634 978 1698 1033; x_wconf 92' lang='lat' dir='ltr'>et</span> <span class='ocrx_word' id='word_1_64' title='bbox 1747 964 1972 1033; x_wconf 88' lang='lat' dir='ltr'>sicarii</span> <span class='ocrx_word' id='word_1_65' title='bbox 2014 964 2266 1052; x_wconf 89' lang='lat' dir='ltr'>passim</span> <span class='ocrx_word' id='word_1_66' title='bbox 2314 974 2444 1033; x_wconf 92' lang='lat' dir='ltr'>toto</span> <span class='ocrx_word' id='word_1_67' title='bbox 2493 963 2746 1053; x_wconf 89' lang='lat' dir='ltr'>oppido</span> <span class='ocrx_word' id='word_1_68' title='bbox 2790 985 2945 1052; x_wconf 79' lang='lat' dir='ltr'>vaga·</span> 
     </span>
     <span class='ocr_line' id='line_1_9' title="bbox 462 1052 2943 1145; baseline -0.002 -21"><span class='ocrx_word' id='word_1_69' title='bbox 462 1057 757 1137; x_wconf 86' lang='lat' dir='ltr'>bantur,</span> <span class='ocrx_word' id='word_1_70' title='bbox 815 1077 1143 1145; x_wconf 91' lang='lat' dir='ltr'>magnum</span> <span class='ocrx_word' id='word_1_71' title='bbox 1209 1053 1533 1124; x_wconf 89' lang='lat' dir='ltr'>omnibus</span> <span class='ocrx_word' id='word_1_72' title='bbox 1593 1065 1914 1122; x_wconf 90' lang='lat' dir='ltr'>terrorem</span> <span class='ocrx_word' id='word_1_73' title='bbox 1969 1053 2347 1144; x_wconf 79' lang='lat' dir='ltr'>afferentes.</span> <span class='ocrx_word' id='word_1_74' title='bbox 2406 1058 2651 1122; x_wconf 85' lang='lat' dir='ltr'>Fuerat</span> <span class='ocrx_word' id='word_1_75' title='bbox 2695 1052 2943 1120; x_wconf 88' lang='lat' dir='ltr'>enimin</span> 
     </span>
     <span class='ocr_line' id='line_1_10' title="bbox 460 1141 2943 1231; baseline -0.002 -17"><span class='ocrx_word' id='word_1_76' title='bbox 460 1146 632 1214; x_wconf 91' lang='lat' dir='ltr'>urbe</span> <span class='ocrx_word' id='word_1_77' title='bbox 683 1145 890 1215; x_wconf 88' lang='lat' dir='ltr'>turris</span> <span class='ocrx_word' id='word_1_78' title='bbox 928 1142 1213 1222; x_wconf 82' lang='lat' dir='ltr'>excelsa,</span> <span class='ocrx_word' id='word_1_79' title='bbox 1275 1142 1510 1211; x_wconf 90' lang='lat' dir='ltr'>multis</span> <span class='ocrx_word' id='word_1_80' title='bbox 1560 1141 2101 1231; x_wconf 77' lang='lat' dir='ltr'>propugnaculis</span> <span class='ocrx_word' id='word_1_81' title='bbox 2133 1153 2197 1209; x_wconf 90' lang='lat' dir='ltr'>et</span> <span class='ocrx_word' id='word_1_82' title='bbox 2240 1141 2602 1211; x_wconf 90' lang='lat' dir='ltr'>moenibus</span> <span class='ocrx_word' id='word_1_83' title='bbox 2638 1141 2797 1211; x_wconf 89' lang='lat' dir='ltr'>adeo</span> <span class='ocrx_word' id='word_1_84' title='bbox 2835 1163 2943 1209; x_wconf 89' lang='lat' dir='ltr'>mu·</span> 
     </span>
     <span class='ocr_line' id='line_1_11' title="bbox 463 1229 2919 1323; baseline -0.002 -22"><span class='ocrx_word' id='word_1_85' title='bbox 463 1235 625 1315; x_wconf 90' lang='lat' dir='ltr'>nita,</span> <span class='ocrx_word' id='word_1_86' title='bbox 672 1249 746 1303; x_wconf 89' lang='lat' dir='ltr'>ut</span> <span class='ocrx_word' id='word_1_87' title='bbox 789 1230 1344 1323; x_wconf 84' lang='lat' dir='ltr'>inexpugnabilis</span> <span class='ocrx_word' id='word_1_88' title='bbox 1376 1230 1739 1300; x_wconf 89' lang='lat' dir='ltr'>videretur.</span> <span class='ocrx_word' id='word_1_89' title='bbox 1775 1235 1934 1298; x_wconf 91' lang='lat' dir='ltr'>Eam</span> <span class='ocrx_word' id='word_1_90' title='bbox 1981 1229 2362 1300; x_wconf 89' lang='lat' dir='ltr'>Ludovicus</span> <span class='ocrx_word' id='word_1_91' title='bbox 2398 1235 2807 1299; x_wconf 86' lang='lat' dir='ltr'>Francorum</span> <span class='ocrx_word' id='word_1_92' title='bbox 2852 1234 2919 1296; x_wconf 79' lang='lat' dir='ltr'>Re</span> 
     </span>
     <span class='ocr_line' id='line_1_12' title="bbox 458 1318 2862 1409; baseline -0.002 -18"><span class='ocrx_word' id='word_1_93' title='bbox 458 1335 521 1391; x_wconf 89' lang='lat' dir='ltr'>et</span> <span class='ocrx_word' id='word_1_94' title='bbox 578 1321 984 1391; x_wconf 83' lang='lat' dir='ltr'>Godesridus</span> <span class='ocrx_word' id='word_1_95' title='bbox 1048 1321 1472 1409; x_wconf 79' lang='lat' dir='ltr'>EpiscopuS,</span> <span class='ocrx_word' id='word_1_96' title='bbox 1538 1320 1813 1388; x_wconf 91' lang='lat' dir='ltr'>biennio</span> <span class='ocrx_word' id='word_1_97' title='bbox 1862 1318 1999 1387; x_wconf 82' lang='lat' dir='ltr'>sere</span> <span class='ocrx_word' id='word_1_98' title='bbox 2047 1319 2429 1387; x_wconf 83' lang='lat' dir='ltr'>arctissime</span> <span class='ocrx_word' id='word_1_99' title='bbox 2478 1318 2862 1397; x_wconf 83' lang='lat' dir='ltr'>obsessam,</span> 
     </span>
     <span class='ocr_line' id='line_1_13' title="bbox 463 1407 2929 1487; baseline -0.003 -8"><span class='ocrx_word' id='word_1_100' title='bbox 463 1412 730 1479; x_wconf 88' lang='lat' dir='ltr'>tandem</span> <span class='ocrx_word' id='word_1_101' title='bbox 786 1410 962 1479; x_wconf 77' lang='lat' dir='ltr'>fame</span> <span class='ocrx_word' id='word_1_102' title='bbox 997 1410 1079 1477; x_wconf 90' lang='lat' dir='ltr'>ad</span> <span class='ocrx_word' id='word_1_103' title='bbox 1117 1408 1530 1477; x_wconf 89' lang='lat' dir='ltr'>deditionem</span> <span class='ocrx_word' id='word_1_104' title='bbox 1583 1408 1921 1487; x_wconf 87' lang='lat' dir='ltr'>adactam,</span> <span class='ocrx_word' id='word_1_105' title='bbox 1979 1407 2291 1476; x_wconf 84' lang='lat' dir='ltr'>funditus</span> <span class='ocrx_word' id='word_1_106' title='bbox 2331 1409 2765 1477; x_wconf 89' lang='lat' dir='ltr'>evertendam</span> <span class='ocrx_word' id='word_1_107' title='bbox 2799 1429 2929 1475; x_wconf 79' lang='lat' dir='ltr'>cura</span> 
     </span>
     <span class='ocr_line' id='line_1_14' title="bbox 464 1496 2945 1588; baseline -0.002 -20"><span class='ocrx_word' id='word_1_108' title='bbox 464 1511 636 1579; x_wconf 88' lang='lat' dir='ltr'>rant,</span> <span class='ocrx_word' id='word_1_109' title='bbox 693 1520 776 1567; x_wconf 91' lang='lat' dir='ltr'>ne</span> <span class='ocrx_word' id='word_1_110' title='bbox 827 1498 1113 1588; x_wconf 81' lang='lat' dir='ltr'>praedas</span> <span class='ocrx_word' id='word_1_111' title='bbox 1177 1509 1494 1587; x_wconf 84' lang='lat' dir='ltr'>agerent,</span> <span class='ocrx_word' id='word_1_112' title='bbox 1550 1510 1668 1565; x_wconf 88' lang='lat' dir='ltr'>aut</span> <span class='ocrx_word' id='word_1_113' title='bbox 1732 1496 2226 1586; x_wconf 85' lang='lat' dir='ltr'>popularentur</span> <span class='ocrx_word' id='word_1_114' title='bbox 2274 1496 2609 1566; x_wconf 85' lang='lat' dir='ltr'>finitimas</span> <span class='ocrx_word' id='word_1_115' title='bbox 2665 1497 2945 1586; x_wconf 77' lang='lat' dir='ltr'>regiones.</span> 
     </span>
     <span class='ocr_line' id='line_1_15' title="bbox 461 1582 2945 1674; baseline 0 -19"><span class='ocrx_word' id='word_1_116' title='bbox 461 1592 613 1657; x_wconf 85' lang='lat' dir='ltr'>Erat</span> <span class='ocrx_word' id='word_1_117' title='bbox 662 1602 888 1656; x_wconf 89' lang='lat' dir='ltr'>autem</span> <span class='ocrx_word' id='word_1_118' title='bbox 941 1587 1009 1654; x_wconf 90' lang='lat' dir='ltr'>in</span> <span class='ocrx_word' id='word_1_119' title='bbox 1062 1586 1179 1654; x_wconf 90' lang='lat' dir='ltr'>illo</span> <span class='ocrx_word' id='word_1_120' title='bbox 1220 1586 1435 1655; x_wconf 90' lang='lat' dir='ltr'>sancti</span> <span class='ocrx_word' id='word_1_121' title='bbox 1488 1585 1792 1674; x_wconf 86' lang='lat' dir='ltr'>Dionysii</span> <span class='ocrx_word' id='word_1_122' title='bbox 1845 1586 2255 1654; x_wconf 90' lang='lat' dir='ltr'>monasterio</span> <span class='ocrx_word' id='word_1_123' title='bbox 2289 1584 2495 1653; x_wconf 87' lang='lat' dir='ltr'>frater</span> <span class='ocrx_word' id='word_1_124' title='bbox 2532 1582 2945 1673; x_wconf 80' lang='lat' dir='ltr'>quidam‚q&#39;</span> 
     </span>
     <span class='ocr_line' id='line_1_16' title="bbox 461 1673 2897 1766; baseline -0.002 -21"><span class='ocrx_word' id='word_1_125' title='bbox 461 1677 684 1766; x_wconf 90' lang='lat' dir='ltr'>specie</span> <span class='ocrx_word' id='word_1_126' title='bbox 734 1676 1004 1766; x_wconf 89' lang='lat' dir='ltr'>pietatis</span> <span class='ocrx_word' id='word_1_127' title='bbox 1051 1675 1403 1764; x_wconf 80' lang='lat' dir='ltr'>deceptuS,</span> <span class='ocrx_word' id='word_1_128' title='bbox 1455 1696 1613 1743; x_wconf 92' lang='lat' dir='ltr'>cum</span> <span class='ocrx_word' id='word_1_129' title='bbox 1669 1673 1922 1743; x_wconf 87' lang='lat' dir='ltr'>videret</span> <span class='ocrx_word' id='word_1_130' title='bbox 1972 1674 2221 1743; x_wconf 91' lang='lat' dir='ltr'>multas</span> <span class='ocrx_word' id='word_1_131' title='bbox 2275 1673 2410 1741; x_wconf 88' lang='lat' dir='ltr'>illic</span> <span class='ocrx_word' id='word_1_132' title='bbox 2447 1676 2708 1743; x_wconf 86' lang='lat' dir='ltr'>servari</span> <span class='ocrx_word' id='word_1_133' title='bbox 2745 1674 2897 1742; x_wconf 85' lang='lat' dir='ltr'>civiu</span> 
     </span>
     <span class='ocr_line' id='line_1_17' title="bbox 460 1762 2941 1855; baseline -0.003 -20"><span class='ocrx_word' id='word_1_134' title='bbox 460 1787 645 1855; x_wconf 89' lang='lat' dir='ltr'>opes,</span> <span class='ocrx_word' id='word_1_135' title='bbox 699 1764 1039 1854; x_wconf 84' lang='lat' dir='ltr'>cogitabat</span> <span class='ocrx_word' id='word_1_136' title='bbox 1089 1763 1286 1853; x_wconf 92' lang='lat' dir='ltr'>longe</span> <span class='ocrx_word' id='word_1_137' title='bbox 1339 1763 1822 1852; x_wconf 88' lang='lat' dir='ltr'>praestabilius</span> <span class='ocrx_word' id='word_1_138' title='bbox 1868 1783 2038 1842; x_wconf 90' lang='lat' dir='ltr'>esse,</span> <span class='ocrx_word' id='word_1_139' title='bbox 2092 1785 2206 1831; x_wconf 90' lang='lat' dir='ltr'>eas</span> <span class='ocrx_word' id='word_1_140' title='bbox 2254 1762 2674 1833; x_wconf 81' lang='lat' dir='ltr'>distribuere</span> <span class='ocrx_word' id='word_1_141' title='bbox 2719 1762 2941 1852; x_wconf 68' lang='lat' dir='ltr'>egeniS,</span> 
     </span>
     <span class='ocr_line' id='line_1_18' title="bbox 458 1851 2900 1943; baseline -0.002 -21"><span class='ocrx_word' id='word_1_142' title='bbox 458 1854 881 1943; x_wconf 88' lang='lat' dir='ltr'>captivisque</span> <span class='ocrx_word' id='word_1_143' title='bbox 911 1852 1330 1922; x_wconf 89' lang='lat' dir='ltr'>redimendis</span> <span class='ocrx_word' id='word_1_144' title='bbox 1355 1852 1887 1938; x_wconf 83' lang='lat' dir='ltr'>extruendisque</span> <span class='ocrx_word' id='word_1_145' title='bbox 1914 1851 2220 1920; x_wconf 86' lang='lat' dir='ltr'>ecclesiis</span> <span class='ocrx_word' id='word_1_146' title='bbox 2245 1852 2791 1920; x_wconf 89' lang='lat' dir='ltr'>accommodare.</span> <span class='ocrx_word' id='word_1_147' title='bbox 2824 1856 2900 1933; x_wconf 83' lang='lat' dir='ltr'>Qu</span> 
     </span>
     <span class='ocr_line' id='line_1_19' title="bbox 462 1939 2947 2032; baseline -0.002 -22"><span class='ocrx_word' id='word_1_148' title='bbox 462 1941 621 2010; x_wconf 90' lang='lat' dir='ltr'>dam</span> <span class='ocrx_word' id='word_1_149' title='bbox 660 1942 870 2032; x_wconf 87' lang='lat' dir='ltr'>igitur</span> <span class='ocrx_word' id='word_1_150' title='bbox 910 1954 1103 2011; x_wconf 88' lang='lat' dir='ltr'>nocte</span> <span class='ocrx_word' id='word_1_151' title='bbox 1134 1941 1288 2009; x_wconf 89' lang='lat' dir='ltr'>aliis</span> <span class='ocrx_word' id='word_1_152' title='bbox 1329 1940 1855 2020; x_wconf 88' lang='lat' dir='ltr'>dormientibus,</span> <span class='ocrx_word' id='word_1_153' title='bbox 1905 1940 2017 2008; x_wconf 93' lang='lat' dir='ltr'>ille</span> <span class='ocrx_word' id='word_1_154' title='bbox 2056 1953 2400 2026; x_wconf 83' lang='lat' dir='ltr'>tamquam</span> <span class='ocrx_word' id='word_1_155' title='bbox 2452 1962 2565 2009; x_wconf 90' lang='lat' dir='ltr'>res</span> <span class='ocrx_word' id='word_1_156' title='bbox 2620 1939 2947 2031; x_wconf 75' lang='lat' dir='ltr'>praeclaras</span> 
     </span>
     <span class='ocr_line' id='line_1_20' title="bbox 461 2027 2947 2118; baseline -0.001 -20"><span class='ocrx_word' id='word_1_157' title='bbox 461 2031 829 2101; x_wconf 88' lang='lat' dir='ltr'>moliturus</span> <span class='ocrx_word' id='word_1_158' title='bbox 878 2052 1009 2100; x_wconf 90' lang='lat' dir='ltr'>non</span> <span class='ocrx_word' id='word_1_159' title='bbox 1064 2030 1335 2109; x_wconf 90' lang='lat' dir='ltr'>dormit,</span> <span class='ocrx_word' id='word_1_160' title='bbox 1391 2028 1506 2097; x_wconf 90' lang='lat' dir='ltr'>sed</span> <span class='ocrx_word' id='word_1_161' title='bbox 1549 2041 1817 2118; x_wconf 89' lang='lat' dir='ltr'>arrepta</span> <span class='ocrx_word' id='word_1_162' title='bbox 1859 2028 2082 2097; x_wconf 91' lang='lat' dir='ltr'>securi</span> <span class='ocrx_word' id='word_1_163' title='bbox 2132 2027 2422 2118; x_wconf 90' lang='lat' dir='ltr'>dissipat</span> <span class='ocrx_word' id='word_1_164' title='bbox 2471 2050 2688 2111; x_wconf 78' lang='lat' dir='ltr'>seraS,</span> <span class='ocrx_word' id='word_1_165' title='bbox 2750 2028 2947 2117; x_wconf 68' lang='lat' dir='ltr'>quibus</span> 
     </span>
     <span class='ocr_line' id='line_1_21' title="bbox 461 2114 2943 2206; baseline -0.001 -19"><span class='ocrx_word' id='word_1_166' title='bbox 461 2118 689 2200; x_wconf 78' lang='lat' dir='ltr'>locuS‚</span> <span class='ocrx_word' id='word_1_167' title='bbox 745 2121 812 2187; x_wconf 90' lang='lat' dir='ltr'>in</span> <span class='ocrx_word' id='word_1_168' title='bbox 863 2141 998 2206; x_wconf 92' lang='lat' dir='ltr'>quo</span> <span class='ocrx_word' id='word_1_169' title='bbox 1041 2118 1338 2187; x_wconf 84' lang='lat' dir='ltr'>thesauri</span> <span class='ocrx_word' id='word_1_170' title='bbox 1390 2118 1490 2186; x_wconf 91' lang='lat' dir='ltr'>illi</span> <span class='ocrx_word' id='word_1_171' title='bbox 1548 2117 1878 2186; x_wconf 87' lang='lat' dir='ltr'>reconditi</span> <span class='ocrx_word' id='word_1_172' title='bbox 1938 2128 2169 2195; x_wconf 88' lang='lat' dir='ltr'>erant,</span> <span class='ocrx_word' id='word_1_173' title='bbox 2224 2115 2776 2188; x_wconf 88' lang='lat' dir='ltr'>claudebantur:</span> <span class='ocrx_word' id='word_1_174' title='bbox 2825 2114 2943 2186; x_wconf 83' lang='lat' dir='ltr'>tollit</span> 
     </span>
     <span class='ocr_line' id='line_1_22' title="bbox 460 2205 2947 2298; baseline -0.002 -22"><span class='ocrx_word' id='word_1_175' title='bbox 460 2208 620 2277; x_wconf 93' lang='lat' dir='ltr'>inde</span> <span class='ocrx_word' id='word_1_176' title='bbox 672 2207 996 2298; x_wconf 90' lang='lat' dir='ltr'>plurima,</span> <span class='ocrx_word' id='word_1_177' title='bbox 1057 2221 1120 2276; x_wconf 89' lang='lat' dir='ltr'>et</span> <span class='ocrx_word' id='word_1_178' title='bbox 1179 2229 1331 2275; x_wconf 87' lang='lat' dir='ltr'>mox</span> <span class='ocrx_word' id='word_1_179' title='bbox 1369 2228 1405 2274; x_wconf 92' lang='lat' dir='ltr'>e</span> <span class='ocrx_word' id='word_1_180' title='bbox 1447 2207 1861 2275; x_wconf 90' lang='lat' dir='ltr'>monasterio</span> <span class='ocrx_word' id='word_1_181' title='bbox 1902 2228 1972 2275; x_wconf 91' lang='lat' dir='ltr'>se</span> <span class='ocrx_word' id='word_1_182' title='bbox 2027 2205 2375 2275; x_wconf 89' lang='lat' dir='ltr'>subducit.</span> <span class='ocrx_word' id='word_1_183' title='bbox 2425 2210 2698 2276; x_wconf 87' lang='lat' dir='ltr'>Fratres</span> <span class='ocrx_word' id='word_1_184' title='bbox 2748 2206 2822 2275; x_wconf 90' lang='lat' dir='ltr'>ad</span> <span class='ocrx_word' id='word_1_185' title='bbox 2868 2226 2947 2272; x_wconf 78' lang='lat' dir='ltr'>no·</span> 
     </span>
     <span class='ocr_line' id='line_1_23' title="bbox 458 2294 2941 2388; baseline -0.003 -23"><span class='ocrx_word' id='word_1_186' title='bbox 458 2312 739 2367; x_wconf 91' lang='lat' dir='ltr'>cturnas</span> <span class='ocrx_word' id='word_1_187' title='bbox 792 2318 1025 2388; x_wconf 83' lang='lat' dir='ltr'>preces</span> <span class='ocrx_word' id='word_1_188' title='bbox 1074 2295 1509 2385; x_wconf 87' lang='lat' dir='ltr'>congregati,</span> <span class='ocrx_word' id='word_1_189' title='bbox 1570 2294 1799 2363; x_wconf 88' lang='lat' dir='ltr'>vident</span> <span class='ocrx_word' id='word_1_190' title='bbox 1841 2317 2057 2363; x_wconf 92' lang='lat' dir='ltr'>unum</span> <span class='ocrx_word' id='word_1_191' title='bbox 2109 2317 2144 2362; x_wconf 92' lang='lat' dir='ltr'>e</span> <span class='ocrx_word' id='word_1_192' title='bbox 2195 2296 2338 2364; x_wconf 90' lang='lat' dir='ltr'>suis</span> <span class='ocrx_word' id='word_1_193' title='bbox 2387 2296 2636 2364; x_wconf 83' lang='lat' dir='ltr'>abesse</span> <span class='ocrx_word' id='word_1_194' title='bbox 2668 2352 2682 2377; x_wconf 90' lang='lat'>,</span> <span class='ocrx_word' id='word_1_195' title='bbox 2736 2311 2941 2364; x_wconf 85' lang='lat' dir='ltr'>etcum</span> 
     </span>
     <span class='ocr_line' id='line_1_24' title="bbox 461 2381 2943 2475; baseline -0.003 -21"><span class='ocrx_word' id='word_1_196' title='bbox 461 2385 749 2455; x_wconf 90' lang='lat' dir='ltr'>inveniri</span> <span class='ocrx_word' id='word_1_197' title='bbox 811 2407 943 2456; x_wconf 89' lang='lat' dir='ltr'>non</span> <span class='ocrx_word' id='word_1_198' title='bbox 989 2396 1262 2475; x_wconf 88' lang='lat' dir='ltr'>posset,</span> <span class='ocrx_word' id='word_1_199' title='bbox 1319 2383 1875 2453; x_wconf 89' lang='lat' dir='ltr'>animadvertunt</span> <span class='ocrx_word' id='word_1_200' title='bbox 1925 2384 2234 2453; x_wconf 73' lang='lat' dir='ltr'>effi-actas</span> <span class='ocrx_word' id='word_1_201' title='bbox 2290 2381 2468 2452; x_wconf 84' lang='lat' dir='ltr'>fores</span> <span class='ocrx_word' id='word_1_202' title='bbox 2523 2384 2698 2464; x_wconf 87' lang='lat' dir='ltr'>loci,</span> <span class='ocrx_word' id='word_1_203' title='bbox 2754 2386 2813 2452; x_wconf 89' lang='lat' dir='ltr'>in</span> <span class='ocrx_word' id='word_1_204' title='bbox 2857 2398 2943 2469; x_wconf 75' lang='lat' dir='ltr'>qut</span> 
     </span>
     <span class='ocr_line' id='line_1_25' title="bbox 459 2470 2892 2566; baseline -0.002 -22"><span class='ocrx_word' id='word_1_205' title='bbox 459 2475 767 2566; x_wconf 88' lang='lat' dir='ltr'>deposita</span> <span class='ocrx_word' id='word_1_206' title='bbox 825 2475 1345 2552; x_wconf 86' lang='lat' dir='ltr'>condebantur,</span> <span class='ocrx_word' id='word_1_207' title='bbox 1400 2472 1749 2560; x_wconf 91' lang='lat' dir='ltr'>simulque</span> <span class='ocrx_word' id='word_1_208' title='bbox 1796 2470 2023 2541; x_wconf 90' lang='lat' dir='ltr'>ablata</span> <span class='ocrx_word' id='word_1_209' title='bbox 2074 2472 2434 2563; x_wconf 90' lang='lat' dir='ltr'>permulta.</span> <span class='ocrx_word' id='word_1_210' title='bbox 2496 2474 2737 2544; x_wconf 89' lang='lat' dir='ltr'>Dolore</span> <span class='ocrx_word' id='word_1_211' title='bbox 2798 2472 2892 2562; x_wconf 81' lang='lat' dir='ltr'>igit</span> 
     </span>
     <span class='ocr_line' id='line_1_26' title="bbox 459 2553 2947 2652; baseline -0.003 -20"><span class='ocrx_word' id='word_1_212' title='bbox 459 2563 645 2633; x_wconf 92' lang='lat' dir='ltr'>haud</span> <span class='ocrx_word' id='word_1_213' title='bbox 688 2564 1011 2633; x_wconf 89' lang='lat' dir='ltr'>mediocri</span> <span class='ocrx_word' id='word_1_214' title='bbox 1064 2563 1496 2641; x_wconf 84' lang='lat' dir='ltr'>afficiuntur,</span> <span class='ocrx_word' id='word_1_215' title='bbox 1554 2575 1697 2630; x_wconf 93' lang='lat' dir='ltr'>tum</span> <span class='ocrx_word' id='word_1_216' title='bbox 1762 2561 1941 2648; x_wconf 91' lang='lat' dir='ltr'>quod</span> <span class='ocrx_word' id='word_1_217' title='bbox 1996 2560 2199 2629; x_wconf 81' lang='lat' dir='ltr'>frater</span> <span class='ocrx_word' id='word_1_218' title='bbox 2252 2560 2566 2652; x_wconf 87' lang='lat' dir='ltr'>fugisset,</span> <span class='ocrx_word' id='word_1_219' title='bbox 2626 2578 2769 2633; x_wconf 91' lang='lat' dir='ltr'>tum</span> <span class='ocrx_word' id='word_1_220' title='bbox 2817 2553 2947 2647; x_wconf 74' lang='lat' dir='ltr'>quod</span> 
     </span>
     <span class='ocr_line' id='line_1_27' title="bbox 462 2650 2947 2739; baseline -0.002 -19"><span class='ocrx_word' id='word_1_221' title='bbox 462 2653 770 2721; x_wconf 89' lang='lat' dir='ltr'>coenobii</span> <span class='ocrx_word' id='word_1_222' title='bbox 829 2651 1185 2721; x_wconf 89' lang='lat' dir='ltr'>facultates</span> <span class='ocrx_word' id='word_1_223' title='bbox 1246 2650 1544 2719; x_wconf 89' lang='lat' dir='ltr'>minores</span> <span class='ocrx_word' id='word_1_224' title='bbox 1601 2662 1865 2730; x_wconf 89' lang='lat' dir='ltr'>essent,</span> <span class='ocrx_word' id='word_1_225' title='bbox 1920 2672 2122 2737; x_wconf 91' lang='lat' dir='ltr'>quam</span> <span class='ocrx_word' id='word_1_226' title='bbox 2175 2662 2251 2718; x_wconf 90' lang='lat' dir='ltr'>ut</span> <span class='ocrx_word' id='word_1_227' title='bbox 2311 2665 2593 2739; x_wconf 86' lang='lat' dir='ltr'>possent</span> <span class='ocrx_word' id='word_1_228' title='bbox 2657 2650 2947 2720; x_wconf 69' lang='lat' dir='ltr'>restituere</span> 
     </span>
     <span class='ocr_line' id='line_1_28' title="bbox 459 2738 2945 2840; baseline -0.002 -32"><span class='ocrx_word' id='word_1_229' title='bbox 459 2754 715 2830; x_wconf 88' lang='lat' dir='ltr'>erepta.</span> <span class='ocrx_word' id='word_1_230' title='bbox 768 2741 914 2809; x_wconf 86' lang='lat' dir='ltr'>Jam</span> <span class='ocrx_word' id='word_1_231' title='bbox 959 2742 1141 2810; x_wconf 90' lang='lat' dir='ltr'>enim</span> <span class='ocrx_word' id='word_1_232' title='bbox 1178 2739 1360 2808; x_wconf 85' lang='lat' dir='ltr'>fama</span> <span class='ocrx_word' id='word_1_233' title='bbox 1396 2761 1534 2807; x_wconf 90' lang='lat' dir='ltr'>rem</span> <span class='ocrx_word' id='word_1_234' title='bbox 1575 2738 1986 2829; x_wconf 81' lang='lat' dir='ltr'>divulgarat,</span> <span class='ocrx_word' id='word_1_235' title='bbox 2026 2750 2086 2807; x_wconf 90' lang='lat' dir='ltr'>et</span> <span class='ocrx_word' id='word_1_236' title='bbox 2137 2739 2216 2816; x_wconf 89' lang='lat' dir='ltr'>is,</span> <span class='ocrx_word' id='word_1_237' title='bbox 2261 2740 2462 2840; x_wconf 80' lang='lat' dir='ltr'>cujus</span> <span class='ocrx_word' id='word_1_238' title='bbox 2511 2755 2711 2808; x_wconf 87' lang='lat' dir='ltr'>erant</span> <span class='ocrx_word' id='word_1_239' title='bbox 2744 2738 2945 2808; x_wconf 69' lang='lat' dir='ltr'>ablatae</span> 
     </span>
     <span class='ocr_line' id='line_1_29' title="bbox 461 2827 2945 2919; baseline -0.003 -22"><span class='ocrx_word' id='word_1_240' title='bbox 461 2851 594 2908; x_wconf 87' lang='lat' dir='ltr'>res,</span> <span class='ocrx_word' id='word_1_241' title='bbox 640 2852 755 2898; x_wconf 88' lang='lat' dir='ltr'>eas</span> <span class='ocrx_word' id='word_1_242' title='bbox 807 2831 1168 2919; x_wconf 88' lang='lat' dir='ltr'>repetebat.</span> <span class='ocrx_word' id='word_1_243' title='bbox 1225 2835 1458 2915; x_wconf 84' lang='lat' dir='ltr'>Itaque</span> <span class='ocrx_word' id='word_1_244' title='bbox 1507 2829 1692 2896; x_wconf 91' lang='lat' dir='ltr'>omni</span> <span class='ocrx_word' id='word_1_245' title='bbox 1742 2827 2029 2897; x_wconf 90' lang='lat' dir='ltr'>consilio</span> <span class='ocrx_word' id='word_1_246' title='bbox 2063 2827 2365 2897; x_wconf 78' lang='lat' dir='ltr'>destituti</span> <span class='ocrx_word' id='word_1_247' title='bbox 2405 2883 2418 2908; x_wconf 91' lang='lat'><strong><em>‚</em></strong></span> <span class='ocrx_word' id='word_1_248' title='bbox 2464 2829 2551 2896; x_wconf 90' lang='lat' dir='ltr'>ad</span> <span class='ocrx_word' id='word_1_249' title='bbox 2600 2830 2945 2899; x_wconf 86' lang='lat' dir='ltr'>miserorum</span> 
     </span>
     <span class='ocr_line' id='line_1_30' title="bbox 458 2909 2945 3006; baseline -0.001 -22"><span class='ocrx_word' id='word_1_250' title='bbox 458 2917 726 3006; x_wconf 72' lang='lat' dir='ltr'>asylum</span> <span class='ocrx_word' id='word_1_251' title='bbox 792 2917 1228 2987; x_wconf 89' lang='lat' dir='ltr'>Godesridum</span> <span class='ocrx_word' id='word_1_252' title='bbox 1297 2918 1707 3005; x_wconf 87' lang='lat' dir='ltr'>Episcopum</span> <span class='ocrx_word' id='word_1_253' title='bbox 1784 2916 2243 3005; x_wconf 85' lang='lat' dir='ltr'>confugiunt,</span> <span class='ocrx_word' id='word_1_254' title='bbox 2302 2935 2660 3003; x_wconf 82' lang='lat' dir='ltr'>exponunt</span> <span class='ocrx_word' id='word_1_255' title='bbox 2719 2919 2777 2985; x_wconf 88' lang='lat' dir='ltr'>ei</span> <span class='ocrx_word' id='word_1_256' title='bbox 2829 2909 2945 3001; x_wconf 81' lang='lat' dir='ltr'>quid</span> 
     </span>
     <span class='ocr_line' id='line_1_31' title="bbox 457 3001 2947 3094; baseline -0.003 -20"><span class='ocrx_word' id='word_1_257' title='bbox 457 3020 684 3075; x_wconf 88' lang='lat' dir='ltr'>actum</span> <span class='ocrx_word' id='word_1_258' title='bbox 739 3007 848 3086; x_wconf 92' lang='lat' dir='ltr'>sit,</span> <span class='ocrx_word' id='word_1_259' title='bbox 903 3020 965 3075; x_wconf 92' lang='lat' dir='ltr'>et</span> <span class='ocrx_word' id='word_1_260' title='bbox 999 3006 1255 3094; x_wconf 90' lang='lat' dir='ltr'>quibus</span> <span class='ocrx_word' id='word_1_261' title='bbox 1303 3006 1370 3073; x_wconf 92' lang='lat' dir='ltr'>in</span> <span class='ocrx_word' id='word_1_262' title='bbox 1423 3005 1766 3092; x_wconf 84' lang='lat' dir='ltr'>angustiis</span> <span class='ocrx_word' id='word_1_263' title='bbox 1809 3019 2198 3074; x_wconf 84' lang='lat' dir='ltr'>versentur:</span> <span class='ocrx_word' id='word_1_264' title='bbox 2258 3019 2494 3093; x_wconf 90' lang='lat' dir='ltr'>petunt</span> <span class='ocrx_word' id='word_1_265' title='bbox 2528 3006 2618 3073; x_wconf 90' lang='lat' dir='ltr'>ab</span> <span class='ocrx_word' id='word_1_266' title='bbox 2651 3027 2728 3073; x_wconf 88' lang='lat' dir='ltr'>eo</span> <span class='ocrx_word' id='word_1_267' title='bbox 2776 3001 2947 3072; x_wconf 83' lang='lat' dir='ltr'>consi·</span> 
     </span>
     <span class='ocr_line' id='line_1_32' title="bbox 455 3092 2943 3184; baseline -0.001 -21"><span class='ocrx_word' id='word_1_268' title='bbox 455 3094 651 3163; x_wconf 88' lang='lat' dir='ltr'>lium.</span> <span class='ocrx_word' id='word_1_269' title='bbox 708 3094 828 3164; x_wconf 90' lang='lat' dir='ltr'>Ille</span> <span class='ocrx_word' id='word_1_270' title='bbox 865 3118 1017 3164; x_wconf 89' lang='lat' dir='ltr'>vero</span> <span class='ocrx_word' id='word_1_271' title='bbox 1052 3096 1119 3162; x_wconf 92' lang='lat' dir='ltr'>in</span> <span class='ocrx_word' id='word_1_272' title='bbox 1163 3106 1482 3184; x_wconf 89' lang='lat' dir='ltr'>promptu</span> <span class='ocrx_word' id='word_1_273' title='bbox 1522 3093 1833 3173; x_wconf 84' lang='lat' dir='ltr'>habebat,</span> <span class='ocrx_word' id='word_1_274' title='bbox 1877 3092 2043 3181; x_wconf 92' lang='lat' dir='ltr'>quid</span> <span class='ocrx_word' id='word_1_275' title='bbox 2085 3093 2546 3180; x_wconf 88' lang='lat' dir='ltr'>responderet.</span> <span class='ocrx_word' id='word_1_276' title='bbox 2603 3100 2817 3162; x_wconf 78' lang='lat' dir='ltr'>Monet</span> <span class='ocrx_word' id='word_1_277' title='bbox 2847 3111 2943 3160; x_wconf 74' lang='lat' dir='ltr'>eos,</span> 
     </span>
     <span class='ocr_line' id='line_1_33' title="bbox 458 3181 2949 3272; baseline -0.004 -20"><span class='ocrx_word' id='word_1_278' title='bbox 458 3205 543 3252; x_wconf 92' lang='lat' dir='ltr'>ne</span> <span class='ocrx_word' id='word_1_279' title='bbox 587 3184 653 3251; x_wconf 93' lang='lat' dir='ltr'>in</span> <span class='ocrx_word' id='word_1_280' title='bbox 698 3205 774 3252; x_wconf 91' lang='lat' dir='ltr'>ea</span> <span class='ocrx_word' id='word_1_281' title='bbox 833 3206 900 3253; x_wconf 88' lang='lat' dir='ltr'>re</span> <span class='ocrx_word' id='word_1_282' title='bbox 954 3183 1319 3252; x_wconf 89' lang='lat' dir='ltr'>immodice</span> <span class='ocrx_word' id='word_1_283' title='bbox 1373 3183 1890 3271; x_wconf 87' lang='lat' dir='ltr'>perturbentur,</span> <span class='ocrx_word' id='word_1_284' title='bbox 1946 3181 2057 3250; x_wconf 87' lang='lat' dir='ltr'>sed</span> <span class='ocrx_word' id='word_1_285' title='bbox 2114 3194 2306 3251; x_wconf 85' lang='lat' dir='ltr'>orcnt</span> <span class='ocrx_word' id='word_1_286' title='bbox 2348 3204 2467 3272; x_wconf 89' lang='lat' dir='ltr'>pro</span> <span class='ocrx_word' id='word_1_287' title='bbox 2519 3182 2747 3261; x_wconf 83' lang='lat' dir='ltr'>fratre,</span> <span class='ocrx_word' id='word_1_288' title='bbox 2800 3192 2865 3248; x_wconf 89' lang='lat' dir='ltr'>ut</span> <span class='ocrx_word' id='word_1_289' title='bbox 2898 3195 2949 3242; x_wconf 74' lang='lat' dir='ltr'>et</span> 
     </span>
     <span class='ocr_line' id='line_1_34' title="bbox 457 3271 2949 3361; baseline -0.003 -21"><span class='ocrx_word' id='word_1_290' title='bbox 457 3272 619 3361; x_wconf 91' lang='lat' dir='ltr'>lupo</span> <span class='ocrx_word' id='word_1_291' title='bbox 672 3274 886 3361; x_wconf 90' lang='lat' dir='ltr'>possit</span> <span class='ocrx_word' id='word_1_292' title='bbox 935 3295 1178 3343; x_wconf 87' lang='lat' dir='ltr'>rursus</span> <span class='ocrx_word' id='word_1_293' title='bbox 1226 3271 1369 3340; x_wconf 85' lang='lat' dir='ltr'>ovis</span> <span class='ocrx_word' id='word_1_294' title='bbox 1403 3271 1575 3339; x_wconf 84' lang='lat' dir='ltr'>fieri.</span> <span class='ocrx_word' id='word_1_295' title='bbox 1632 3271 1968 3339; x_wconf 89' lang='lat' dir='ltr'>Promittit</span> <span class='ocrx_word' id='word_1_296' title='bbox 2001 3292 2073 3338; x_wconf 91' lang='lat' dir='ltr'>se</span> <span class='ocrx_word' id='word_1_297' title='bbox 2112 3292 2383 3357; x_wconf 86' lang='lat' dir='ltr'>quoque</span> <span class='ocrx_word' id='word_1_298' title='bbox 2425 3283 2820 3360; x_wconf 88' lang='lat' dir='ltr'>rogaturum</span> <span class='ocrx_word' id='word_1_299' title='bbox 2866 3283 2949 3356; x_wconf 77' lang='lat' dir='ltr'>pro</span> 
     </span>
     <span class='ocr_line' id='line_1_35' title="bbox 455 3358 2953 3450; baseline -0.004 -20"><span class='ocrx_word' id='word_1_300' title='bbox 455 3362 573 3430; x_wconf 95' lang='lat' dir='ltr'>illo</span> <span class='ocrx_word' id='word_1_301' title='bbox 611 3363 1000 3440; x_wconf 89' lang='lat' dir='ltr'>Dominum,</span> <span class='ocrx_word' id='word_1_302' title='bbox 1058 3360 1688 3450; x_wconf 88' lang='lat' dir='ltr'>praestiturumque</span> <span class='ocrx_word' id='word_1_303' title='bbox 1720 3359 1991 3427; x_wconf 88' lang='lat' dir='ltr'>miseris</span> <span class='ocrx_word' id='word_1_304' title='bbox 2024 3358 2536 3448; x_wconf 71' lang='lat' dir='ltr'>eleemosynas:</span> <span class='ocrx_word' id='word_1_305' title='bbox 2595 3362 2685 3428; x_wconf 88' lang='lat' dir='ltr'>ita</span> <span class='ocrx_word' id='word_1_306' title='bbox 2727 3360 2853 3427; x_wconf 78' lang='lat' dir='ltr'>sore</span> <span class='ocrx_word' id='word_1_307' title='bbox 2878 3374 2953 3422; x_wconf 81' lang='lat' dir='ltr'>as·</span> 
     </span>
     <span class='ocr_line' id='line_1_36' title="bbox 458 3437 2948 3548; baseline -0.005 -29"><span class='ocrx_word' id='word_1_308' title='bbox 458 3472 800 3530; x_wconf 80' lang='lat' dir='ltr'>severanS,</span> <span class='ocrx_word' id='word_1_309' title='bbox 848 3463 921 3520; x_wconf 92' lang='lat' dir='ltr'>ut</span> <span class='ocrx_word' id='word_1_310' title='bbox 968 3451 1099 3519; x_wconf 85' lang='lat' dir='ltr'>cito</span> <span class='ocrx_word' id='word_1_311' title='bbox 1148 3449 1261 3516; x_wconf 88' lang='lat' dir='ltr'>ille</span> <span class='ocrx_word' id='word_1_312' title='bbox 1320 3448 1698 3548; x_wconf 88' lang='lat' dir='ltr'>resipiscat.</span> <span class='ocrx_word' id='word_1_313' title='bbox 1753 3448 1874 3516; x_wconf 89' lang='lat' dir='ltr'>His</span> <span class='ocrx_word' id='word_1_314' title='bbox 1922 3447 2163 3520; x_wconf 80' lang='lat' dir='ltr'>dictis.</span> <span class='ocrx_word' id='word_1_315' title='bbox 2221 3447 2535 3516; x_wconf 88' lang='lat' dir='ltr'>monachi</span> <span class='ocrx_word' id='word_1_316' title='bbox 2583 3449 2855 3518; x_wconf 90' lang='lat' dir='ltr'>redeunt</span> <span class='ocrx_word' id='word_1_317' title='bbox 2891 3437 2948 3509; x_wconf 79' lang='lat' dir='ltr'>ad</span> 
     </span>
     <span class='ocr_line' id='line_1_37' title="bbox 456 3536 2945 3627; baseline -0.002 -20"><span class='ocrx_word' id='word_1_318' title='bbox 456 3540 978 3619; x_wconf 90' lang='lat' dir='ltr'>monasterium,</span> <span class='ocrx_word' id='word_1_319' title='bbox 1035 3538 1414 3627; x_wconf 89' lang='lat' dir='ltr'>Episcopus</span> <span class='ocrx_word' id='word_1_320' title='bbox 1464 3536 1804 3604; x_wconf 80' lang='lat' dir='ltr'>incumbit</span> <span class='ocrx_word' id='word_1_321' title='bbox 1855 3536 1920 3603; x_wconf 90' lang='lat' dir='ltr'>in</span> <span class='ocrx_word' id='word_1_322' title='bbox 1967 3556 2240 3623; x_wconf 85' lang='lat' dir='ltr'>preces,</span> <span class='ocrx_word' id='word_1_323' title='bbox 2285 3537 2477 3605; x_wconf 83' lang='lat' dir='ltr'>offert</span> <span class='ocrx_word' id='word_1_324' title='bbox 2526 3536 2945 3607; x_wconf 78' lang='lat' dir='ltr'>sacrificium,</span> 
     </span>
     <span class='ocr_line' id='line_1_38' title="bbox 456 3613 2945 3718; baseline -0.002 -22"><span class='ocrx_word' id='word_1_325' title='bbox 456 3641 602 3697; x_wconf 89' lang='lat' dir='ltr'>orat</span> <span class='ocrx_word' id='word_1_326' title='bbox 654 3650 775 3718; x_wconf 90' lang='lat' dir='ltr'>pro</span> <span class='ocrx_word' id='word_1_327' title='bbox 824 3627 1108 3718; x_wconf 86' lang='lat' dir='ltr'>fugitivo</span> <span class='ocrx_word' id='word_1_328' title='bbox 1157 3626 1406 3695; x_wconf 87' lang='lat' dir='ltr'>fratre:</span> <span class='ocrx_word' id='word_1_329' title='bbox 1460 3624 1748 3705; x_wconf 91' lang='lat' dir='ltr'>deinde,</span> <span class='ocrx_word' id='word_1_330' title='bbox 1804 3637 1877 3693; x_wconf 93' lang='lat' dir='ltr'>ut</span> <span class='ocrx_word' id='word_1_331' title='bbox 1926 3625 2167 3693; x_wconf 84' lang='lat' dir='ltr'>fratres</span> <span class='ocrx_word' id='word_1_332' title='bbox 2215 3623 2371 3693; x_wconf 90' lang='lat' dir='ltr'>illos</span> <span class='ocrx_word' id='word_1_333' title='bbox 2422 3626 2845 3700; x_wconf 86' lang='lat' dir='ltr'>consoletur,</span> <span class='ocrx_word' id='word_1_334' title='bbox 2887 3613 2945 3684; x_wconf 73' lang='lat' dir='ltr'>ad</span> 
     </span>
     <span class='ocr_line' id='line_1_39' title="bbox 456 3711 2945 3787; baseline -0.002 -2"><span class='ocrx_word' id='word_1_335' title='bbox 456 3717 951 3787; x_wconf 88' lang='lat' dir='ltr'>monasterium</span> <span class='ocrx_word' id='word_1_336' title='bbox 1002 3716 1206 3784; x_wconf 89' lang='lat' dir='ltr'>venit.</span> <span class='ocrx_word' id='word_1_337' title='bbox 1260 3713 1560 3784; x_wconf 84' lang='lat' dir='ltr'>Necdum</span> <span class='ocrx_word' id='word_1_338' title='bbox 1615 3726 1838 3782; x_wconf 91' lang='lat' dir='ltr'>autem</span> <span class='ocrx_word' id='word_1_339' title='bbox 1902 3712 2204 3783; x_wconf 90' lang='lat' dir='ltr'>medium</span> <span class='ocrx_word' id='word_1_340' title='bbox 2257 3735 2579 3783; x_wconf 90' lang='lat' dir='ltr'>emensus</span> <span class='ocrx_word' id='word_1_341' title='bbox 2634 3727 2769 3782; x_wconf 87' lang='lat' dir='ltr'>erat</span> <span class='ocrx_word' id='word_1_342' title='bbox 2814 3711 2945 3780; x_wconf 77' lang='lat' dir='ltr'>iter.-</span> 
     </span>
     <span class='ocr_line' id='line_1_40' title="bbox 458 3801 2945 3892; baseline -0.004 -18"><span class='ocrx_word' id='word_1_343' title='bbox 458 3828 614 3874; x_wconf 90' lang='lat' dir='ltr'>cum</span> <span class='ocrx_word' id='word_1_344' title='bbox 646 3828 801 3876; x_wconf 91' lang='lat' dir='ltr'>ecce</span> <span class='ocrx_word' id='word_1_345' title='bbox 841 3817 1213 3875; x_wconf 89' lang='lat' dir='ltr'>occurrunt</span> <span class='ocrx_word' id='word_1_346' title='bbox 1246 3805 1304 3872; x_wconf 86' lang='lat' dir='ltr'>ei</span> <span class='ocrx_word' id='word_1_347' title='bbox 1347 3803 1588 3871; x_wconf 83' lang='lat' dir='ltr'>fratres</span> <span class='ocrx_word' id='word_1_348' title='bbox 1628 3801 2002 3872; x_wconf 90' lang='lat' dir='ltr'>admodum</span> <span class='ocrx_word' id='word_1_349' title='bbox 2046 3802 2564 3892; x_wconf 87' lang='lat' dir='ltr'>gratulabundi,</span> <span class='ocrx_word' id='word_1_350' title='bbox 2611 3801 2945 3881; x_wconf 76' lang='lat' dir='ltr'>multasque</span> 
     </span>
     <span class='ocr_line' id='line_1_41' title="bbox 455 3883 2947 3985; baseline -0.007 -21"><span class='ocrx_word' id='word_1_351' title='bbox 455 3895 513 3964; x_wconf 92' lang='lat' dir='ltr'>ei</span> <span class='ocrx_word' id='word_1_352' title='bbox 566 3896 822 3985; x_wconf 84' lang='lat' dir='ltr'>gratias</span> <span class='ocrx_word' id='word_1_353' title='bbox 857 3907 1156 3985; x_wconf 87' lang='lat' dir='ltr'>agentes,</span> <span class='ocrx_word' id='word_1_354' title='bbox 1198 3893 1715 3977; x_wconf 86' lang='lat' dir='ltr'>indicantesque</span> <span class='ocrx_word' id='word_1_355' title='bbox 1757 3913 2101 3960; x_wconf 88' lang='lat' dir='ltr'>reversum</span> <span class='ocrx_word' id='word_1_356' title='bbox 2142 3891 2558 3960; x_wconf 84' lang='lat' dir='ltr'>monachum</span> <span class='ocrx_word' id='word_1_357' title='bbox 2611 3891 2729 3978; x_wconf 89' lang='lat' dir='ltr'>qui</span> <span class='ocrx_word' id='word_1_358' title='bbox 2787 3883 2947 3955; x_wconf 85' lang='lat' dir='ltr'>ausu-</span> 
     </span>
     <span class='ocr_line' id='line_1_42' title="bbox 454 3973 2945 4075; baseline -0.005 -23"><span class='ocrx_word' id='word_1_359' title='bbox 454 3997 667 4074; x_wconf 86' lang='lat' dir='ltr'>gerat,</span> <span class='ocrx_word' id='word_1_360' title='bbox 707 3984 1069 4070; x_wconf 88' lang='lat' dir='ltr'>ablataque</span> <span class='ocrx_word' id='word_1_361' title='bbox 1117 3983 1348 4051; x_wconf 90' lang='lat' dir='ltr'>omnia</span> <span class='ocrx_word' id='word_1_362' title='bbox 1390 3994 1790 4071; x_wconf 82' lang='lat' dir='ltr'>reportasse.</span> <span class='ocrx_word' id='word_1_363' title='bbox 1834 3981 1934 4049; x_wconf 84' lang='lat' dir='ltr'>Ait</span> <span class='ocrx_word' id='word_1_364' title='bbox 1974 3992 2200 4049; x_wconf 90' lang='lat' dir='ltr'>autem</span> <span class='ocrx_word' id='word_1_365' title='bbox 2246 3980 2668 4071; x_wconf 88' lang='lat' dir='ltr'>Episcopus:</span> <span class='ocrx_word' id='word_1_366' title='bbox 2720 3973 2945 4075; x_wconf 46' lang='lat' dir='ltr'>aidane</span> 
     </span>
     <span class='ocr_line' id='line_1_43' title="bbox 454 4069 2941 4159; baseline -0.004 -18"><span class='ocrx_word' id='word_1_367' title='bbox 454 4074 712 4143; x_wconf 89' lang='lat' dir='ltr'>donum</span> <span class='ocrx_word' id='word_1_368' title='bbox 768 4074 880 4143; x_wconf 93' lang='lat' dir='ltr'>Dei</span> <span class='ocrx_word' id='word_1_369' title='bbox 925 4086 1047 4152; x_wconf 89' lang='lat' dir='ltr'>est,</span> <span class='ocrx_word' id='word_1_370' title='bbox 1101 4072 1220 4159; x_wconf 89' lang='lat' dir='ltr'>qui</span> <span class='ocrx_word' id='word_1_371' title='bbox 1273 4071 1616 4140; x_wconf 89' lang='lat' dir='ltr'>neminem</span> <span class='ocrx_word' id='word_1_372' title='bbox 1650 4070 1796 4140; x_wconf 91' lang='lat' dir='ltr'>vult</span> <span class='ocrx_word' id='word_1_373' title='bbox 1831 4070 2073 4159; x_wconf 90' lang='lat' dir='ltr'>perire.</span> <span class='ocrx_word' id='word_1_374' title='bbox 2128 4074 2268 4138; x_wconf 88' lang='lat' dir='ltr'>Non</span> <span class='ocrx_word' id='word_1_375' title='bbox 2320 4082 2419 4138; x_wconf 92' lang='lat' dir='ltr'>est</span> <span class='ocrx_word' id='word_1_376' title='bbox 2454 4069 2578 4137; x_wconf 86' lang='lat' dir='ltr'>hoc</span> <span class='ocrx_word' id='word_1_377' title='bbox 2611 4077 2815 4136; x_wconf 79' lang='lat' dir='ltr'>meriti</span> <span class='ocrx_word' id='word_1_378' title='bbox 2850 4078 2941 4156; x_wconf 71' lang='lat' dir='ltr'>no·</span> 
     </span>
     <span class='ocr_line' id='line_1_44' title="bbox 456 4151 2969 4251; baseline -0.007 -22"><span class='ocrx_word' id='word_1_379' title='bbox 456 4163 610 4231; x_wconf 85' lang='lat' dir='ltr'>stri:</span> <span class='ocrx_word' id='word_1_380' title='bbox 667 4184 802 4231; x_wconf 88' lang='lat' dir='ltr'>non</span> <span class='ocrx_word' id='word_1_381' title='bbox 846 4163 1044 4231; x_wconf 89' lang='lat' dir='ltr'>nobis</span> <span class='ocrx_word' id='word_1_382' title='bbox 1093 4161 1323 4251; x_wconf 88' lang='lat' dir='ltr'>igitur,</span> <span class='ocrx_word' id='word_1_383' title='bbox 1374 4180 1505 4228; x_wconf 91' lang='lat' dir='ltr'>non</span> <span class='ocrx_word' id='word_1_384' title='bbox 1559 4159 1755 4227; x_wconf 90' lang='lat' dir='ltr'>nobis</span> <span class='ocrx_word' id='word_1_385' title='bbox 1786 4213 1800 4239; x_wconf 91' lang='lat'>‚</span> <span class='ocrx_word' id='word_1_386' title='bbox 1848 4159 1963 4226; x_wconf 91' lang='lat' dir='ltr'>sed</span> <span class='ocrx_word' id='word_1_387' title='bbox 2011 4159 2270 4226; x_wconf 92' lang='lat' dir='ltr'>nomini</span> <span class='ocrx_word' id='word_1_388' title='bbox 2323 4159 2472 4244; x_wconf 75' lang='lat' dir='ltr'>eJus</span> <span class='ocrx_word' id='word_1_389' title='bbox 2521 4157 2713 4225; x_wconf 90' lang='lat' dir='ltr'>detur</span> <span class='ocrx_word' id='word_1_390' title='bbox 2739 4151 2969 4244; x_wconf 60' lang='lat' dir='ltr'>gloria-3</span> 
     </span>
     <span class='ocr_line' id='line_1_45' title="bbox 457 4246 2969 4336; baseline -0.002 -17"><span class='ocrx_word' id='word_1_391' title='bbox 457 4255 546 4319; x_wconf 92' lang='lat' dir='ltr'>De</span> <span class='ocrx_word' id='word_1_392' title='bbox 574 4265 838 4320; x_wconf 89' lang='lat' dir='ltr'>caetero</span> <span class='ocrx_word' id='word_1_393' title='bbox 878 4251 1118 4320; x_wconf 85' lang='lat' dir='ltr'>fratres</span> <span class='ocrx_word' id='word_1_394' title='bbox 1146 4249 1546 4319; x_wconf 85' lang='lat' dir='ltr'>confirmate</span> <span class='ocrx_word' id='word_1_395' title='bbox 1582 4248 1647 4315; x_wconf 91' lang='lat' dir='ltr'>in</span> <span class='ocrx_word' id='word_1_396' title='bbox 1682 4270 1838 4316; x_wconf 90' lang='lat' dir='ltr'>eum</span> <span class='ocrx_word' id='word_1_397' title='bbox 1870 4247 2295 4328; x_wconf 89' lang='lat' dir='ltr'>charitatem,</span> <span class='ocrx_word' id='word_1_398' title='bbox 2340 4260 2412 4316; x_wconf 90' lang='lat' dir='ltr'>ut</span> <span class='ocrx_word' id='word_1_399' title='bbox 2447 4246 2652 4336; x_wconf 90' lang='lat' dir='ltr'>possit</span> <span class='ocrx_word' id='word_1_400' title='bbox 2686 4254 2933 4333; x_wconf 59' lang='lat' dir='ltr'>persev&amp;r</span> <span class='ocrx_word' id='word_1_401' title='bbox 2968 4249 2969 4314; x_wconf 61' lang='lat' dir='ltr'>l</span> 
     </span>
     <span class='ocr_line' id='line_1_46' title="bbox 454 4338 2773 4429; baseline -0.003 -24"><span class='ocrx_word' id='word_1_402' title='bbox 454 4360 606 4407; x_wconf 88' lang='lat' dir='ltr'>rare</span> <span class='ocrx_word' id='word_1_403' title='bbox 639 4339 963 4429; x_wconf 87' lang='lat' dir='ltr'>deinceps</span> <span class='ocrx_word' id='word_1_404' title='bbox 998 4361 1217 4426; x_wconf 90' lang='lat' dir='ltr'>usque</span> <span class='ocrx_word' id='word_1_405' title='bbox 1259 4339 1323 4407; x_wconf 91' lang='lat' dir='ltr'>in</span> <span class='ocrx_word' id='word_1_406' title='bbox 1368 4338 1602 4406; x_wconf 83' lang='lat' dir='ltr'>finem.</span> <span class='ocrx_word' id='word_1_407' title='bbox 1637 4359 1673 4401; x_wconf 78' lang='lat'>»</span> <span class='ocrx_word' id='word_1_408' title='bbox 2762 4417 2773 4428; x_wconf 30' lang='grc' dir='ltr'><strong><em>ο</em></strong></span> 
     </span>
    </p>

    <p class='ocr_par' dir='ltr' id='par_1_4' title="bbox 541 4423 2923 4517">
     <span class='ocr_line' id='line_1_47' title="bbox 541 4423 2923 4517; baseline -0.009 -18"><span class='ocrx_word' id='word_1_409' title='bbox 541 4430 576 4513; x_wconf 67' lang='grc' dir='ltr'>ξ,</span> <span class='ocrx_word' id='word_1_410' title='bbox 608 4433 751 4501; x_wconf 75' lang='grc'>51.</span> <span class='ocrx_word' id='word_1_411' title='bbox 805 4428 1202 4517; x_wconf 89' lang='lat' dir='ltr'>Intelligens</span> <span class='ocrx_word' id='word_1_412' title='bbox 1258 4429 1358 4496; x_wconf 91' lang='lat' dir='ltr'>vir</span> <span class='ocrx_word' id='word_1_413' title='bbox 1415 4426 1527 4495; x_wconf 84' lang='lat' dir='ltr'>Dei</span> <span class='ocrx_word' id='word_1_414' title='bbox 1563 4425 2086 4496; x_wconf 88' lang='lat' dir='ltr'>dissolutionem</span> <span class='ocrx_word' id='word_1_415' title='bbox 2124 4425 2431 4516; x_wconf 89' lang='lat' dir='ltr'>corporis</span> <span class='ocrx_word' id='word_1_416' title='bbox 2463 4424 2567 4494; x_wconf 88' lang='lat' dir='ltr'>sui</span> <span class='ocrx_word' id='word_1_417' title='bbox 2600 4423 2923 4491; x_wconf 69' lang='lat' dir='ltr'>imminere.</span> 
     </span>
    </p>
   </div>
   <div class='ocr_carea' id='block_1_3' title="bbox 2898 592 2978 2701">
    <p class='ocr_par' dir='ltr' id='par_1_5' title="bbox 2898 592 2978 2701">
     <span class='ocr_line' id='line_1_48' title="bbox 2954 592 2977 1114; baseline 0 0"><span class='ocrx_word' id='word_1_418' title='bbox 2954 592 2977 1114; x_wconf 95' lang='lat' dir='ltr'>     </span> 
     </span>
     <span class='ocr_line' id='line_1_49' title="bbox 2954 1114 2977 1191; baseline 0 3646"><span class='ocrx_word' id='word_1_419' title='bbox 2954 1114 2977 1191; x_wconf 95' lang='lat' dir='ltr'> </span> 
     </span>
     <span class='ocr_line' id='line_1_50' title="bbox 2919 1191 2978 1527; baseline 0 -160"><span class='ocrx_word' id='word_1_420' title='bbox 2919 1191 2978 1527; x_wconf 95' lang='lat' dir='ltr'>     </span> 
     </span>
     <span class='ocr_line' id='line_1_51' title="bbox 2898 1527 2978 1893; baseline 0 -177"><span class='ocrx_word' id='word_1_421' title='bbox 2898 1527 2978 1893; x_wconf 95' lang='lat' dir='ltr'>    </span> 
     </span>
     <span class='ocr_line' id='line_1_52' title="bbox 2947 1893 2978 2078; baseline 0 -96"><span class='ocrx_word' id='word_1_422' title='bbox 2947 1893 2978 2078; x_wconf 95' lang='lat' dir='ltr'>    </span> 
     </span>
     <span class='ocr_line' id='line_1_53' title="bbox 2950 2078 2978 2344; baseline 0 0"><span class='ocrx_word' id='word_1_423' title='bbox 2950 2078 2978 2344; x_wconf 95' lang='lat' dir='ltr'>   </span> 
     </span>
     <span class='ocr_line' id='line_1_54' title="bbox 2943 2344 2978 2701; baseline 0 -197"><span class='ocrx_word' id='word_1_424' title='bbox 2943 2344 2978 2701; x_wconf 95' lang='lat' dir='ltr'>    </span> 
     </span>
    </p>
   </div>
  </div>
 </body>
</html>
