2993 4837
31 393 167 461 ΠΟΥ.
219 394 281 456 Η
714 412 794 457 ua
842 411 897 457 s.
954 408 1233 456 manno
1281 410 1377 454 ar.
1433 406 1786 454 TURONm'Sl
2304 394 2419 456 -4-01

31 509 346 585 mtreptuS,
399 494 696 564 dolendo
744 494 925 564 exitu
976 493 1438 563 cruciabatur.
1495 497 1797 582 Rogatus
1845 516 2008 583 ergo
2042 495 2394 575 Martinus,
2451 509 2524 564 ut

30 583 361 673 pinianum
413 585 825 672 imponeret,
862 582 1109 651 deduci
1159 605 1317 652 eum
1370 582 1451 649 ad
1506 605 1577 651 se
1616 582 1835 670 Jubet.
1893 583 2015 652 Sed
2058 606 2347 670 nequam
2386 585 2524 673 spi-

31 668 167 767 Jn'tus
195 671 373 741 nullo
409 672 698 760 proferri
752 672 952 740 modo
1000 694 1079 741 ex
1127 671 1323 749 cella,
1371 671 1436 738 in
1473 693 1607 758 qua
1644 683 1808 740 erat.
1854 673 2114 760 potuit:
2171 674 2263 741 ita
2298 672 2364 740 in
2403 672 2522 740 ad-

31 762 318 831 §unientes
379 761 643 831 rabidis
702 760 1027 830 dentibus
1080 760 1440 830 saeviebat.
1512 764 1677 827 Turn
1745 760 2099 831 Tetradius
2149 761 2230 830 ad
2299 783 2525 850 genua

30 846 168 918 beati
201 850 312 917 viri
362 849 775 929 advolvitur,
829 870 1035 918 orans
1082 862 1159 918 ut
1207 848 1287 916 ad
1341 847 1673 927 domum,
1734 847 1800 916 in
1852 871 1987 935 qua
2038 849 2527 919 daemoniacus

31 934 377 1018 habebatur,
431 939 581 1028 ipse
621 937 1087 1007 descenderet.
1139 943 1305 1004 Tum
1361 959 1515 1005 vero
1566 938 1898 1006 Martinus
1951 952 2189 1027 negat,
2249 961 2319 1007 se
2372 959 2529 1028 pro-

32 1022 136 1095 hni
181 1040 237 1094 et
280 1028 555 1115 gentilis
607 1027 911 1096 hominis
961 1025 1244 1093 domum
1313 1025 1501 1094 adire
1551 1047 1771 1114 posse.
1828 1031 1990 1095 Nam
2048 1027 2403 1097 Tetradius
2450 1049 2529 1096 eo

35 1122 284 1205 tempore
329 1115 558 1185 adbuc
624 1115 1026 1205 gentilitatis
1072 1135 1298 1183 errore
1346 1114 1729 1203 implicitus
1791 1116 2168 1184 tenebatur.
2235 1116 2529 1204 Spondet

37 1216 157 1290 ergo
198 1227 297 1284 se,
352 1205 408 1273 si
459 1204 546 1273 de
602 1225 811 1293 puero
876 1203 1165 1271 daemon
1219 1196 1424 1271 fuerit
1469 1202 1774 1289 ejectuS‚
1834 1204 2289 1272 Christianum
2361 1204 2522 1272 sore.

38 1290 108 1361 [ta
149 1294 443 1381 imposita
499 1315 714 1361 manu
767 1313 1001 1393 puer0‚
1057 1291 1498 1359 immundum
1536 1292 1622 1359 ab
1654 1314 1732 1360 eo
1768 1293 2087 1381 spiritum
2130 1294 2345 1380 ejecit.
2384 1297 2529 1375 Quo

40 1378 165 1459 riso,
195 1381 537 1450 Tetradius
589 1387 956 1450 Dominum
1014 1383 1316 1448 nostrum
1369 1380 1598 1448 lesum
1654 1381 1992 1449 Christum
2048 1382 2359 1463 credidit,
2398 1394 2531 1450 sta-

42 1467 248 1556 timque
291 1471 833 1539 catechumenus
867 1468 1111 1545 factus,
1170 1489 1291 1535 nec
1326 1468 1539 1537 multo
1577 1483 1725 1558 post
1765 1470 2146 1559 baptizatus
2186 1484 2307 1551 est,
2355 1492 2531 1539 sem-

43 1574 245 1647 perque
276 1561 641 1627 Martinum
683 1558 926 1628 salutis
974 1578 1139 1626 suae
1187 1568 1533 1624 auctorem
1581 1558 1753 1627 miro
1803 1558 2014 1628 coluit
2046 1560 2295 1628 affectu
2305 1610 2434 1627 .....

103 1647 300 1732 ἐκ).
352 1654 566 1735 Atque
617 1661 693 1715 ut
741 1646 1006 1715 minora
1073 1644 1279 1713 tantis
1337 1645 1636 1713 inseram
1670 1700 1684 1725 ‚
1738 1649 2052 1734 quamvis
2098 1648 2205 1737 (ut
2264 1661 2363 1717 est
2416 1669 2533 1716 no-

47 1724 283 1831 storum
332 1751 516 1807 aetas
571 1747 998 1825 temporum,
1054 1733 1311 1819 quibus
1364 1734 1509 1822 jam
1571 1733 1935 1823 depravata
1985 1739 2264 1817 omnia,
2332 1750 2539 1825 atque·

47 1836 303 1914 mrrupta
360 1824 580 1913 sunt)
628 1845 798 1912 pene
848 1824 1297 1913 praecipuum
1351 1823 1437 1890 sit
1485 1821 1868 1891 adulationi
1937 1826 2159 1913 regiae
2220 1824 2535 1893 sacerdo-

46 1909 200 1991 ¹hlem
247 1936 372 1983 non
408 1915 701 1983 cessisse
733 1912 1225 1981 constantiam:
1279 1932 1436 1979 cum
1481 1910 1562 1978 ad
1604 1915 2086 1999 Imperatorem
2135 1915 2529 1993 Maximum,

49 1990 238 2069 brocis
300 2003 558 2093 ingenii
640 2001 911 2079 virum,
979 2013 1043 2068 et
1105 1999 1439 2068 bellorum
1516 2000 1823 2068 civilium
1895 2001 2175 2069 victoria
2224 2002 2478 2069 elatum
2517 2056 2531 2081 ‚

49 2080 231 2245 tiltres
273 2114 346 2160 ex
393 2089 688 2160 diversis
737 2089 1051 2179 partibus
1100 2087 1416 2177 Episcopi
1468 2088 1970 2165 convenissent,
2024 2103 2088 2157 et
2123 2089 2314 2158 foeda
2356 2091 2538 2158 circa

51 2206 52 2215 ¹
117 2176 371 2267 'ncipem
431 2179 750 2248 omnium
822 2177 1126 2245 adulatio
1187 2190 1581 2255 notaretur,
1652 2198 1858 2263 seque
1925 2178 2244 2267 degeneri
2303 2179 2539 2246 incon-

55 2268 242 2335 stantia
292 2270 515 2357 regiae
565 2266 921 2335 clientelae
970 2265 1412 2335 sacerdotalis
1453 2265 1757 2356 dignitas
1806 2266 2250 2341 subdidisset,
2290 2267 2356 2334 in
2397 2266 2540 2335 solo

51 2352 278 2427 nartino
313 2354 697 2448 Apostolica
746 2356 1116 2424 auctoritas
1155 2357 1618 2444 permanebat.
1658 2359 1822 2424 Nam
1862 2356 1987 2425 etsi
2032 2378 2152 2446 pro
2192 2355 2541 2443 aliquibus

50 2445 529 2532 supplicandum
604 2446 746 2534 regi
810 2444 983 2523 suit,
1041 2445 1397 2532 imperavit
1449 2445 1721 2533 potiuS,
1775 2466 1980 2531 quam
2036 2446 2317 2535 rogavit.
2383 2449 2457 2512 Et
2503 2465 2543 2511 a

49 2533 301 2608 eonvivio
345 2536 499 2623 ejus
540 2533 934 2620 frequenter
968 2546 1243 2623 rogatus
1274 2533 1630 2612 abstinuit,
1676 2533 1936 2614 dicem,
1977 2557 2047 2603 se
2084 2555 2357 2603 mensae
2391 2534 2542 2622 ejus

51 2621 398 2712 participem
450 2644 603 2693 esse
655 2643 784 2690 non
843 2643 1061 2711 posse,
1115 2623 1231 2707 qui
1283 2622 1457 2690 duos
1509 2626 1983 2711 Imperatores,
2030 2646 2245 2692 unum
2303 2643 2538 2712 regnO,

51 2704 290 2792 §lterum
339 2714 472 2781 vita
525 2710 902 2801 expulisset
938 2710 994 2778 ⁴.
1045 2716 1386 2779 Postremo
1433 2732 1590 2778 cum
1646 2711 1980 2780 Maximus
2021 2734 2090 2780 se
2123 2734 2253 2781 non
2308 2723 2546 2802 sponte

51 2800 377 2895 sumpsisse
425 2799 800 2890 imperium
853 2797 1269 2878 affirmaret,
1323 2797 1437 2866 sed
1492 2798 1882 2885 impositam
1938 2800 2066 2868 sibi
2118 2823 2155 2869 a
2208 2801 2545 2870 militibus

51 2880 240 2957 lhvino
286 2902 453 2958 nutu
497 2888 970 2957 necessitatem
1015 2887 1231 2976 regni,
1267 2887 1483 2954 armis
1516 2885 1938 2958 defendisse:
1975 2902 2038 2957 et
2078 2910 2210 2958 non
2253 2889 2545 2958 alienam

53 2971 207 3069 fibeo
254 2978 357 3047 Uei
409 2977 830 3046 voluntatem
882 2974 1121 3055 videri,
1180 2997 1384 3064 penes
1431 2996 1633 3060 quem
1691 2991 1823 3044 tam
1878 2977 2264 3047 incredibili
2301 2990 2550 3046 eventu

51 3065 282 3134 notoria
312 3065 575 3145 fuisset,
621 3063 1031 3150 nullumque
1058 3086 1134 3133 ex
1168 3063 1602 3142 adversariis,
1638 3065 1771 3132 nisi
1810 3064 1875 3132 in
1914 3066 2081 3142 acie,
2115 3068 2544 3136 occubuisse.

53 3152 278 3246 tandem
311 3156 530 3224 victus
559 3153 660 3222 vel
699 3154 980 3233 ratione,
1013 3152 1110 3221 vel
1154 3152 1494 3242 precibuS‚
1529 3153 1609 3220 ad
1642 3153 2027 3221 convivium
2061 3155 2260 3234 venit,
2297 3157 2547 3222 mirum

53 3251 110 3302 ln
142 3240 393 3312 modum
447 3242 792 3334 gaudente
833 3263 1028 3332 rege,
1088 3240 1268 3329 quod
1330 3240 1395 3308 id
1449 3241 1902 3328 impetrasset.
1958 3241 2284 3311 Convivae
2325 3255 2550 3310 autem

57 3324 316 3406 ederant,
359 3332 569 3400 veluti
611 3331 694 3400 ad
724 3331 902 3399 diem
935 3330 1179 3398 festum
1215 3329 1494 3409 evocati,
1538 3330 1792 3397 summi
1829 3342 2031 3415 atque
2064 3329 2365 3400 illustres
2399 3331 2549 3409 viri,

57 3411 428 3512 Praefectus,
476 3420 798 3507 idemque
847 3418 1093 3487 Consul
1157 3418 1473 3497 EvodiuS,
1539 3439 1674 3505 quo
1720 3417 1887 3485 nibil
1946 3439 2250 3504 unquam
2296 3419 2558 3507 justius

59 3495 177 3576 fuit.
217 3510 495 3577 Comites
552 3509 734 3587 duo,
797 3529 1065 3575 summa
1121 3520 1445 3595 potestate
1495 3506 1807 3593 praediti,
1863 3507 2069 3575 frater
2108 3509 2287 3597 regis
2327 3523 2390 3575 et
2444 3530 2556 3597 pa-

61 3597 259 3661 truus:
301 3597 567 3666 medius
602 3598 778 3665 inter
816 3596 942 3664 bos
977 3596 1242 3663 Mat-tini
1283 3595 1635 3684 presbyter
1667 3595 2112 3664 accubuerat:
2155 3597 2297 3686 ipse
2329 3610 2554 3666 autem

41 3677 263 3750 -sellula
290 3683 475 3769 juxta
512 3707 739 3776 regem
779 3685 994 3774 posita
1031 3684 1453 3752 consederat.
1509 3683 1600 3751 Ad
1659 3684 1959 3752 medium
2000 3684 2136 3753 fere
2169 3685 2557 3754 convivium

65 3769 145 3844 (ut
170 3773 364 3840 moris
396 3773 527 3862 est)
561 3779 861 3864 pateram
901 3773 1041 3861 regi
1081 3773 1392 3842 minister
1426 3771 1695 3843 obtulit.
1753 3772 1874 3841 Ille
1915 3786 2152 3842 sancto
2186 3773 2559 3842 admodum

67 3854 353 3949 Episcopo
385 3862 532 3930 dari
573 3864 798 3953 potius
821 3862 1041 3949 jubet,
1078 3874 1480 3951 exspectans
1516 3873 1717 3948 atque
1757 3862 2092 3942 ambienS‚
2135 3875 2208 3931 ut
2247 3863 2334 3931 ab
2375 3860 2562 3930 illius

69 3939 295 4016 dextera
343 3950 660 4039 poculum
700 3961 1020 4019 sumeret.
1078 3950 1202 4018 Sed
1238 3950 1593 4029 MartinuS,
1632 3950 1752 4018 ubi
1794 3950 2030 4030 ebibit,
2073 3954 2374 4039 pateram
2413 3972 2566 4041 pre-

71 4030 300 4118 sbytero
354 4060 478 4107 suo
529 4039 854 4120 tradidit,
910 4038 1182 4109 nullum
1244 4038 1505 4108 scilicet
1536 4038 1939 4107 existimans
1973 4039 2355 4129 digniorem
2387 4094 2401 4119 ‚
2447 4038 2568 4127 qui

73 4133 277 4202 postse
307 4129 489 4214 prior
518 4128 822 4199 biberet:
879 4150 1000 4197 nec
1034 4128 1376 4216 integrum
1416 4128 1546 4197 sibi
1583 4128 1747 4206 sore,
1788 4128 1846 4196 si
1886 4141 2003 4196 aut
2038 4151 2107 4196 re
2158 4149 2262 4197 em
2309 4129 2563 4218 ipsum,

74 4221 167 4276 aut
204 4232 331 4294 eos,
381 4216 501 4302 qui
544 4240 582 4285 a
618 4239 773 4308 rege
819 4228 1012 4286 erant
1067 4217 1386 4306 proximi,
1434 4218 1830 4306 presbytero
1868 4228 2104 4307 praetu
2141 4217 2322 4286 isset.
2378 4217 2570 4301 Quod

104 4349 131 4408 f
155 4353 251 4393 >teci
280 4358 442 4397 alludit
472 4361 672 4402 Severus
704 4360 943 4410 Sulpicius
983 4359 1196 4402 Gratiani
1235 4359 1502 4400 Occide-ntis
1538 4362 1857 4409 Imperatoris,
1879 4363 1960 4411 qui
1986 4373 2012 4401 a
2032 4362 2231 4402 Maximo
2252 4363 2299 4402 in
2321 4373 2475 4412 pugna
2495 4364 2578 4402 de-

78 4409 432 4458 mammutium
451 4415 755 4464 interemptus
773 4416 863 4455 suit
877 4414 1003 4466 (383),
1019 4420 1160 4463 atque
1178 4413 1509 4453 Valentiniano
1530 4416 1586 4459 11,
1607 4415 1819 4456 Gratiani
1840 4417 1951 4461 filio,
1971 4415 2068 4464 qui,
2088 4417 2146 4454 ob
2164 4419 2312 4464 patris
2328 4425 2578 4457 cruentum

81 4457 457 4558 ἰξὲἑιὲὅωγίὦιὲιίῧξὶο
486 4469 675 4508 orbatus
710 4471 880 4509 fuerat.
911 4472 1143 4512 Attamen,
1173 4469 1299 4517 quod
1323 4468 1378 4506 ad
1402 4469 1614 4507 Gratiani
1635 4470 1879 4510 interitum
1900 4472 2095 4520 spectat,
2116 4467 2345 4510 Maximus
2366 4470 2579 4511 criminin

221 4597 442 4657 surius
471 4634 490 4645 -
531 4602 695 4663 Vitae
723 4602 828 4664 SS.
862 4638 876 4648 -
908 4602 1045 4664 Vol.
1080 4601 1178 4662 Xl.
2343 4601 2422 4662 26
