2993 4837
56 318 194 385 Nov.
239 318 274 382 4
839 335 912 380 nr.
958 335 1011 380 s.
1065 332 1306 381 canoto
1356 333 1686 381 Βοιιιιοιιιιο
2322 319 2443 382 1177

32 419 325 498 moribus,
373 432 437 487 et
487 419 618 488 hac
676 418 1064 487 remissiore
1110 423 1467 488 Pastorum
1520 439 1729 497 cura,
1789 440 2040 508 magna
2092 420 2332 489 merito
2363 474 2378 500 ,
2432 432 2535 489 at-

40 530 150 577 -vre
187 506 337 577 adeo
401 507 710 577 maxima
761 506 1299 596 judicabantur:
1369 506 1503 575 sibi
1564 520 1787 575 tamen
1859 528 2102 596 parum
2167 507 2386 577 facere
2435 510 2535 578 vi-

44 575 307 676 ·batur,
341 596 505 682 quia
557 609 859 686 tangere,
912 606 1336 682 tractareque
1385 594 1812 684 pestilentiae
1846 597 2120 702 ιιοιψῖιθ
2153 611 2530 685 suspectos,

40 696 145 753 ῐιιῑ
172 685 345 754 etiam
389 684 706 764 infectoS,
761 684 890 753 sibi
930 705 1202 771 quoque
1246 706 1367 773 pro
1414 706 1542 753 suo
1595 706 1877 753 munere
1917 705 2051 753 non
2088 687 2533 776 contingeret.

50 773 294 862 ··pudse
324 773 538 862 igitur
572 774 800 863 primo
838 772 1179 862 cogitavit,
1232 794 1381 844 esse
1429 773 1499 840 in
1554 772 1745 853 urbe,
1800 785 2000 860 atque
2048 774 2115 841 in
2177 787 2307 843 tota
2358 775 2540 845 dioe-

68 883 164 930 ικι
200 861 542 951 plurimos,
599 862 722 949 qui
756 861 1301 931 confirmationis
1336 872 1765 931 sacramento
1810 862 2055 931 muniti
2093 884 2223 931 non
2269 876 2533 933 essent:

70 979 141 1010 .,.,·
185 971 252 1019 ex
297 952 422 1019 vita
475 951 622 1041 pati
674 950 820 1020 sine
870 950 985 1019 tali
1034 964 1461 1021 sacramento
1510 950 1874 1039 decedere,
1927 971 2063 1037 quo
2120 952 2361 1022 salutis
2408 952 2540 1020 im-

46 1039 297 1108 ·'nente
340 1039 744 1119 certamine,
798 1038 1028 1108 divina
1081 1039 1393 1118 firmitas,
1449 1051 1514 1109 et
1565 1038 1774 1109 robur
1824 1040 2077 1107 animis
2124 1039 2534 1120 adderetur,

68 1149 229 1196 ····ue
266 1129 423 1198 satis
464 1129 864 1197 animarum
900 1128 1216 1197 charitati
1267 1140 1803 1197 consentaneum
1832 1181 1852 1205 ,
1909 1139 1972 1196 et
2004 1127 2136 1196 sibi
2183 1130 2304 1215 qui
2353 1129 2542 1198 solus

70 1228 250 1295 ·=—··t,
283 1216 481 1285 etiam
520 1216 1037 1304 quodammodo
1085 1229 1333 1304 turpe,
1387 1216 1670 1284 omnino
1726 1216 1856 1284 sibi
1917 1216 2196 1284 minime
2229 1217 2541 1287 commit-

54 1307 69 1392 ‘j
110 1304 276 1374 ndum
311 1305 775 1385 existimabam
814 1304 883 1373 id
919 1327 998 1374 eo
1034 1306 1276 1395 magiS,
1312 1305 1493 1392 quod
1527 1305 1614 1375 ab
1649 1303 2008 1373 haereticis
2034 1319 2540 1376 sacramentum

74 1399 85 1426 ’·
124 1391 195 1461 ud
225 1393 338 1462 boc
373 1406 686 1483 tempore
775 1393 1019 1462 raviter
1052 1394 1309 1462 sciebat
1342 1393 1765 1482 impugnari.
1804 1399 2037 1480 Itaque
2079 1394 2334 1463 indicta
2363 1394 2544 1463 cliri-

86 1481 243 1551 atis
271 1482 440 1552 sacri
488 1505 618 1572 per
648 1506 735 1551 ur
784 1504 890 1551 em
926 1482 1546 1562 administratione,
1584 1503 1789 1568 quam
1848 1482 2065 1572 potuit
2107 1483 2371 1563 decore,
2427 1505 2545 1572 per

70 1575 166 1637 'sas
197 1570 572 1660 Episcopali
623 1570 743 1640 illo
780 1591 1061 1639 munere
1091 1570 1215 1639 diu
1249 1571 1413 1639 satis
1448 1569 1726 1640 functus
1773 1584 1896 1651 est,
1945 1570 2101 1639 licet
2132 1572 2314 1640 enim
2348 1583 2547 1659 quot-

66 1656 230 1739 asnis,
266 1672 433 1730 stato
468 1669 781 1749 tempore
816 1680 936 1748 per
969 1659 1163 1728 urbis
1193 1658 1516 1728 ecclesias
1546 1659 1725 1728 idem
1760 1659 2028 1740 faceret,
2071 1660 2287 1728 multa
2315 1673 2544 1729 tamen

88 1745 234 1815 huc
269 1749 633 1818 hominum
673 1747 892 1816 millia
942 1747 1224 1829 invenit,
1280 1748 1397 1834 qui
1454 1748 1763 1818 nondum
1817 1759 2320 1818 sacramentum
2374 1747 2550 1818 illud

100 1867 131 1888 ⁶⁴
156 1849 422 1926 perant,
458 1851 671 1924 atque
705 1837 854 1926 ipso
885 1836 1103 1918 initio,
1137 1836 1293 1905 licet
1318 1835 1402 1905 de
1427 1836 1665 1905 morbo
1701 1849 2077 1925 suspectos,
2115 1851 2177 1906 et
2202 1859 2241 1906 a
2269 1836 2552 1923 reliquis

28 2000 33 2013 ‚
102 1939 388 2017 ‚regatos
439 1927 737 1995 minime
773 1939 1096 2006 vocasset,
1136 1924 1427 1995 dubium
1475 1938 1699 1994 tamen
1738 1947 1870 1994 non
1906 1936 2028 2004 est,
2076 1926 2242 2011 quin
2281 1926 2555 1996 affectos

90 2017 202 2083 “ate
235 2036 434 2102 quam
482 2014 827 2105 plurimos
879 2015 1055 2082 inter
1105 2036 1219 2083 eos
1259 2013 1813 2093 confirmaverit;
1871 2013 2016 2082 fieri
2069 2036 2365 2101 namque
2419 2036 2551 2084 non

28 2154 33 2157 -
106 2133 109 2156 2
153 2118 283 2183 rat,
336 2117 409 2173 ut
455 2124 706 2172 omnes
754 2102 1200 2189 simulatque
1247 2100 1656 2191 contagione
1707 2101 1935 2170 infecti
1984 2116 2200 2182 erant,
2252 2125 2288 2170 a
2350 2104 2554 2171 mini-

106 2221 169 2270 ,-ι·
221 2191 943 2282 deprehenderentur,
996 2205 1061 2259 et
1108 2213 1146 2259 a
1205 2191 1444 2260 ceteris
1493 2203 2023 2279 separarentur;
2088 2213 2317 2259 verum
2375 2192 2557 2279 ipsos

106 2300 277 2366 oque
324 2281 554 2370 palam
595 2280 905 2357 infectos,
949 2293 1393 2369 aegrotosque
1430 2292 1661 2366 postea
1705 2278 1939 2358 libere,
1981 2280 2181 2349 sicuti
2215 2278 2550 2359 dicemuS,

100 2368 309 2439 misit.
342 2369 545 2440 Urbis
578 2391 737 2439 cum
774 2368 1245 2438 tantummodo
1281 2368 1610 2438 rationem
1654 2368 1785 2438 sibi
1822 2389 1954 2439 non
1988 2390 2135 2437 esse
2172 2367 2555 2437 habendam

28 2466 353 2534 .tueret,
400 2460 592 2529 vicos
642 2459 872 2538 etiam,
911 2456 1326 2544 castellaque
1376 2458 1586 2526 totius
1633 2455 2002 2538 dioecesis,
2050 2478 2224 2543 quae
2277 2456 2558 2525 morbus

104 2559 459 2635 presserat,
520 2548 697 2615 mira
748 2546 1088 2615 celeritate
1135 2547 1368 2615 omnia
1415 2545 1606 2625 adiit,
1661 2559 1724 2614 et
1773 2547 1839 2613 in
1892 2546 1976 2614 iis
2025 2546 2330 2635 ejusdem
2375 2545 2559 2613 chri-

32 2703 37 2708 .
87 2635 253 2704 atis
290 2648 811 2706 sacrosanctum
868 2633 1246 2704 remedium
1287 2635 1540 2723 passim
1594 2633 1932 2703 adhibuit.
1970 2639 2204 2704 Postea
2256 2656 2432 2715 vero,
2486 2645 2563 2717 ut

34 2811 37 2814 Ι
94 2744 350 2811 ⁴·crnque
401 2726 635 2794 locum
691 2745 927 2792 recens
973 2722 1298 2791 infectum
1352 2722 1697 2802 audiebat,
1747 2723 1836 2791 ita
1891 2743 1969 2790 eo
2026 2722 2250 2791 statim
2304 2722 2564 2792 solebat

28 2870 31 2874 ,
74 2811 375 2897 ·volare,
431 2836 515 2883 ac
564 2812 803 2882 eadem
851 2812 1118 2882 ‘ratione
1166 2810 1588 2880 calamitosis
1648 2810 2023 2880 consulere.
2099 2810 2345 2880 Eadem
2412 2833 2564 2881 vero

38 2968 42 2976 .,
102 2897 138 2955 ’-
210 2903 699 2988 occasioneque
748 2901 831 2969 ad
883 2900 1017 2969 alia
1066 2922 1339 2987 quoque
1386 2899 1709 2969 utebatur
1757 2899 2081 2989 gregibus
2121 2900 2266 2969 suis
2315 2900 2565 2970 saluta-

98 2983 363 3059 ι’·ιιιιιιιι
445 2990 789 3080 parochos
851 2988 1159 3074 aliosque
1217 2988 1603 3058 sacerdotes
1672 2988 1754 3056 ad
1817 3001 2247 3077 aegrotorum
2327 3011 2562 3057 curam

28 3135 31 3160 ἑ
110 3073 387 3148 diosius
466 3077 988 3167 suscipiendam
1061 3077 1444 3157 excitabat,
1519 3077 2155 3163 confirmabatque;
2230 3078 2562 3163 quosdam

119 3159 229 3232 'am
254 3167 734 3257 compellebat;
790 3179 1099 3256 aegrotos
1130 3166 1316 3254 ipsos
1350 3165 1880 3244 consolabatur;
1929 3166 2394 3254 precationum
2444 3187 2568 3253 pu-

98 3250 349 3325 icarum
421 3256 762 3325 rationem
829 3254 1377 3344 p1·aescribebat;
1445 3276 1719 3323 omnem
1790 3253 2022 3343 populi
2132 3252 2563 3332 ubernandi,

28 3345 33 3350 ’
94 3366 120 3397 =r
167 3343 472 3426 todiendi,
527 3344 980 3432 eleemosynis
1005 3342 1296 3431 juvandi
1333 3343 1660 3411 rationem
1698 3364 2104 3431 recognosce
2157 3355 2264 3420 at;
2304 3362 2567 3411 coeme-

98 3459 105 3465 ·
147 3430 199 3500 ia
240 3434 707 3513 consecrabat,
759 3453 896 3519 quo
936 3432 1060 3500 rite
1102 3430 1470 3500 multitudo
1500 3431 1909 3500 cadaverum
1950 3430 2337 3500 inferretur.
2376 3434 2572 3498 Prae-

86 3546 114 3585 ,ι
148 3530 236 3590 tos
283 3524 440 3592 item
481 3578 499 3604 ‚
565 3521 1054 3607 ministrosque
1105 3519 1338 3589 civiles
1376 3520 1622 3610 juvare
1671 3519 2008 3600 studebat,
2071 3517 2438 3600 monendo,
2484 3517 2570 3587 ad

72 3618 122 3667 ²2?
157 3609 252 3678 cia
301 3611 676 3681 commissa
725 3607 1268 3689 inflammando,
1327 3608 1709 3678 mercedem
1779 3608 2283 3698 promittendo;
2344 3628 2575 3676 sacros

83 3696 378 3770 ··inistros
428 3699 754 3790 pluribus
804 3697 972 3766 locis
1021 3698 1108 3765 ab
1154 3719 1388 3766 eorum
1431 3698 1515 3778 vi,
1557 3710 1758 3783 atque
1801 3697 2052 3787 injuria
2094 3695 2419 3776 defendit,
2455 3696 2577 3783 qui

104 3807 379 3856 crorum
437 3809 806 3857 munerum
861 3785 1149 3854 liberam
1201 3786 1647 3866 functionem,
1703 3785 2322 3855 ecclesiasticamve
2356 3784 2580 3853 admi-

86 3871 505 3945 istrationem
548 3929 561 3955 ,
617 3876 757 3944 sive
808 3875 874 3942 in
928 3873 1281 3964 sepultura
1330 3897 1697 3963 corporum
1729 3929 1747 3954 ,
1797 3875 1936 3944 sive
1977 3875 2044 3941 in
2100 3873 2580 3944 distributione

87 3958 307 4031 iorum
369 3964 1024 4043 emolumentorum,
1079 3964 1494 4050 quandoque
1544 3963 1612 4031 in
1664 3964 2077 4064 oppidorum
2132 3964 2451 4052 ingressu
2521 3972 2586 4032 et

66 4072 341 4133 ··ressu,
398 4052 499 4123 vel
552 4053 619 4121 in
674 4053 1141 4143 segregatione
1189 4073 1541 4122 sacrorum
1597 4053 2011 4130 hommum,
2065 4063 2130 4118 et
2185 4052 2583 4142 hujusmodi

86 4182 89 4189 -
129 4138 222 4220 iis,
252 4141 743 4231 impediebant;
803 4141 1092 4231 populos
1123 4141 1207 4210 ad
1259 4140 1704 4210 ecclesiarum
1759 4139 2329 4221 aedificationem,
2374 4140 2458 4209 ad
2496 4142 2587 4210 fe-

72 4244 93 4291 ·2-
123 4248 299 4297 orum
349 4230 622 4300 dierum
673 4231 1016 4318 integrum
1069 4229 1360 4308 cultum,
1399 4228 1945 4313 chorearumque
1989 4223 2485 4308 refutationem,
2524 4242 2590 4298 et

60 4311 181 4382 lia
219 4317 322 4406 pia
352 4341 560 4409 opera
608 4319 887 4409 publice
935 4318 1257 4399 vovenda,
1318 4314 1655 4414 perduxit.
1713 4322 2017 4400 Cumque
2051 4314 2142 4381 ita
2177 4316 2583 4403 frequenter,

80 4409 516 4478 'tuccessitas
565 4407 847 4486 ferebat,
889 4406 1031 4496 ipse
1066 4407 1214 4476 loca
1262 4424 1500 4475 omma
1533 4404 1718 4475 obire
1762 4424 1895 4472 non
1953 4415 2198 4489 posset,
2238 4428 2398 4475 suos
2428 4425 2589 4475 cum

213 4525 443 4584 surius
471 4558 492 4570 -
534 4524 705 4586 Vitae
737 4522 842 4584 SS.
873 4555 891 4567 -
922 4521 1056 4586 Vol.
1092 4522 1190 4584 xl.
2363 4525 2437 4580 12
