2993 4837
513 309 641 374 596
961 324 1039 369 nr.
1087 324 1141 370 s.
1197 323 1562 381 susanam,
1618 323 1797 370 assis
1846 322 2214 370 nummatas
2260 322 2428 368 rma
2620 301 2767 366 NOV.
2805 304 2858 368 tt

424 410 848 500 prolabitur:
901 420 976 476 ut
1034 406 1377 476 Elisabeth
1434 409 1799 489 extinctam
1869 420 2290 485 autumans,
2355 427 2486 474 non
2558 426 2762 493 parum
2805 407 2866 474 sit

427 499 657 577 verita,
697 497 1058 587 pretiosius
1091 496 1282 582 justo
1324 518 1583 566 munus
1640 496 2005 586 accipienti
2047 495 2286 564 mortis
2319 517 2388 565 se
2434 515 2695 563 causam
2735 514 2868 582 prae·

423 587 700 656 stitisse.
753 585 1202 674 Pauperibus,
1242 586 1360 672 qui
1405 586 1608 654 vitam
1643 597 2038 674 posuerant,
2096 606 2230 652 noc
2271 583 2472 653 modo
2519 596 2733 660 vestes,
2755 604 2870 667 quas

424 697 638 744 manu
688 697 813 744 sua
853 674 935 743 ad
1003 673 1071 742 id
1120 675 1349 764 operis
1396 687 1774 762 paraverat,
1829 672 2216 743 involvendi
2283 674 2503 761 gratia
2540 671 2729 749 dedit,
2770 669 2868 738 lotis

420 785 503 833 ac
557 764 739 832 varie
785 763 1154 832 attrectatis
1204 764 1352 832 sine
1399 761 1674 833 fastidio
1721 762 2210 833 cadaveribus:
2263 783 2498 831 verum
2560 760 2742 828 etiam
2775 780 2876 828 exe—

422 852 623 939 quias
654 853 833 932 lecit,
886 851 972 920 ad
1011 851 1404 940 sepulcrum
1457 873 1679 938 usque
1726 851 1936 921 sunus
1984 850 2359 938 cujuslibet
2406 860 2760 939 prosecuta.
2799 846 2880 915 td-

420 962 639 1027 eoque
684 940 766 1010 ad
822 942 949 1011 hoc
998 941 1268 1028 pietatis
1316 939 1617 1010 officium
1671 940 2136 1020 incumbebat,
2191 953 2268 1008 ut
2323 939 2734 1027 justissimae
2769 936 2882 1005 telae

422 1051 733 1120 pannum
802 1030 1060 1098 lineum
1106 1030 1224 1098 tali
1272 1029 1785 1117 dispensatione
1851 1030 2410 1117 consumpserit,
2486 1026 2880 1110 uolueritque,

418 1132 759 1205 quantum
813 1120 881 1187 in
924 1119 1072 1208 ipsa
1123 1118 1274 1198 suit,
1327 1117 1615 1186 divitum
1669 1129 2095 1187 mortuorum
2147 1138 2438 1207 corpora
2490 1116 2705 1185 linteis
2755 1113 2884 1182 novis

416 1210 737 1297 contegi,
792 1206 909 1276 sed
963 1228 1070 1275 ma
1127 1209 1183 1276 is
1246 1207 1588 1277 veteribus
1636 1228 1715 1275 ac
1763 1206 2009 1276 laceris
2044 1261 2060 1287 ‚
2112 1227 2251 1292 quo
2323 1205 2735 1295 pauperibus
2774 1223 2884 1271 non

425 1296 849 1382 melioraque
881 1295 1070 1364 subsi
1126 1308 1336 1364 erent.

510 1387 547 1470 ξ
593 1391 741 1457 12.
796 1389 1165 1453 Reversum
1220 1395 1370 1473 post
1417 1383 1677 1470 aliquot
1749 1404 2020 1453 menses
2068 1404 2147 1452 ex
2210 1382 2458 1473 Apulia
2530 1381 2881 1474 principem..

420 1472 853 1542 edeatrarum
928 1494 1600 1559 oeconomorumque
1680 1473 2035 1562 excipiunt
2101 1472 2424 1557 querelae
2458 1526 2475 1553 ,
2555 1468 2885 1558 profusionis

422 1561 897 1631 accusantium
938 1561 1304 1640 Elisabeth,
1349 1561 1437 1630 ob
1476 1562 2073 1651 eleemosynarum
2118 1561 2186 1630 in
2224 1582 2567 1651 pauperes
2598 1559 2886 1627 exhibitam

423 1649 833 1739 largitatem.
915 1651 1180 1731 Quibus
1241 1650 1357 1719 ille
1420 1651 1817 1740 respondit:
1869 1672 1906 1715 «
1953 1650 2166 1719 Sinite
2215 1671 2520 1719 sororem
2592 1670 2811 1722 meam,
2847 1658 2887 1708 ut

420 1739 693 1823 coepit,
752 1738 1147 1808 benefacere
1182 1793 1196 1819 ,
1255 1738 1455 1807 modo
1505 1760 1695 1807 arces
1748 1739 1915 1808 mihi
1959 1739 2344 1808 incolumes
2394 1737 2759 1827 supersint.
2801 1737 2887 1802 Non

421 1827 636 1896 deerit
695 1827 900 1915 (scio)
952 1828 1192 1906 victuS,
1249 1827 1563 1914 quandiu
1614 1828 1802 1897 illam
1858 1827 2378 1915 permiserimus
2429 1826 2669 1917 egenis
2721 1824 2888 1891 subre

424 1916 593 1985 nire.
634 1938 669 1983 »
724 1917 1017 2006 Dignum
1065 1915 1361 2005 profecto
1398 1917 1707 2005 principe
1758 1937 2191 2006 responsum,
2229 1917 2344 1986 cui
2398 1915 2561 2005 plus
2610 1912 2888 1983 cordient

421 2005 655 2073 uxoris
707 2005 942 2094 pictaS,
975 2027 1183 2090 quam
1213 2026 1451 2073 omnes
1502 2005 1800 2084 divitiae,
1847 2027 2022 2092 quas
2056 2018 2120 2073 et
2158 2004 2452 2093 amplaS‚
2489 2018 2561 2073 et
2599 2000 2890 2094 exquisitas

348 2172 377 2189 x
423 2092 761 2163 habebat:
819 2093 1080 2162 malens
1132 2093 1253 2163 has
1297 2093 1565 2162 liberali
1618 2116 1828 2163 manu
1877 2093 2228 2181 dissipari,
2282 2114 2461 2178 quae
2513 2115 2641 2161 nec
2688 2091 2883 2159 viventi.

423 2204 547 2251 nec
585 2183 899 2251 morienti
950 2195 1113 2251 sunt
1146 2182 1345 2257 lidae.
1401 2204 1611 2269 quam
1663 2182 1853 2251 illam
1905 2203 2038 2250 non
2072 2183 2393 2261 exerceri,
2434 2203 2618 2268 quae
2649 2192 2710 2248 et
2736 2178 2888 2246 viren-

425 2284 558 2341 tem
609 2270 998 2360 locupletat,
1053 2283 1116 2339 et
1168 2272 1566 2340 morientem
1620 2293 1754 2340 non
1801 2271 2147 2357 relinquit.
2203 2271 2466 2359 Dignus
2497 2270 2701 2359 plane
2728 2266 2888 2353 etipse

426 2360 758 2449 sapientis
803 2359 1097 2450 eulogiO,
1162 2381 1299 2447 quo
1332 2360 1470 2430 ait:
1525 2363 1767 2430 Mulier
1813 2362 1870 2430 is
1917 2361 2122 2429 bonae
2170 2361 2403 2430 beatus
2449 2363 2584 2428 vir.
2647 2363 2719 2427 Et
2759 2350 2891 2443 paulo

425 2463 610 2539 post:
664 2452 908 2519 Mulier
953 2452 1121 2519 bona
1167 2451 1237 2518 in
1281 2460 1475 2540 parte
1530 2452 1700 2519 bona
1748 2451 2126 2518 timentium
2186 2454 2388 2518 Deum
2425 2504 2439 2527 ,
2503 2449 2765 2517 dabitur
2804 2445 2890 2537 vira

418 2562 543 2629 pro
587 2541 787 2626 factis
817 2541 998 2608 bonis
1041 2539 1276 2628 (Eccli.
1313 2539 1514 2626 xxvi).
1557 2544 1646 2606 De
1682 2560 1817 2624 quo
1850 2538 2033 2620 (licet
2073 2537 2409 2624 digressio
2445 2538 2750 2606 videatur
2784 2531 2893 2604 lieni

424 2649 645 2716 pauca
694 2640 853 2696 sunt
889 2627 1429 2715 perstringenda,
1482 2627 1739 2712 quibus
1791 2626 2053 2712 liquido
2102 2625 2639 2706 demonstretur,
2689 2643 2821 2692 eum
2855 2631 2890 2683 et

423 2715 894 2804 taliconjuge,
948 2729 1012 2784 et
1058 2716 1261 2784 citato
1314 2716 1677 2804 praeconio
1723 2715 1791 2783 di
1853 2737 2016 2783 num
2052 2714 2286 2783 fuisse.
2342 2720 2435 2783 Ex
2482 2715 2761 2784 editiore
2799 2709 2889 2777 loco

421 2803 751 2872 ducentes
804 2804 1122 2873 choream
1186 2802 1633 2893 despicienti,
1692 2803 2100 2872 muiercula
2169 2803 2509 2889 quaedam
2573 2800 2828 2872 caeteris
2857 2807 2894 2862 et

424 2891 643 2960 forma
671 2905 737 2960 et
768 2906 1015 2962 ornatu
1056 2894 1530 2982 praestantior,
1584 2916 1625 2962 a
1675 2892 2038 2970 nebulone,
2093 2893 2211 2978 qui
2266 2906 2405 2960 tum
2465 2893 2761 2982 proxime
2791 2907 2891 2975 spe-

423 2980 673 3060 ctabat,
705 2982 1087 3050 ostenditur
1112 3004 1271 3050 cum
1301 2982 1487 3050 hisce
1517 2981 1761 3050 verbis.
1819 2983 2090 3049 «Istius
2123 3002 2275 3068 ego,
2331 2981 2656 3070 princeps
2681 2978 2889 3067 optime.

423 3080 501 3137 ut
547 3068 868 3159 amplexu
917 3069 1167 3139 fruaris
1212 3071 1301 3159 (si
1365 3069 1559 3158 libet)
1611 3070 2014 3159 procurabo.
2072 3092 2108 3136 »
2158 3075 2327 3138 Tum
2379 3069 2497 3138 ille
2558 3069 2754 3139 torvis
2802 3085 2893 3133 sce-

427 3157 677 3227 lestum
737 3181 1086 3229 suasorem
1141 3159 1417 3229 intuens
1466 3159 1897 3228 luminibus:
1955 3183 1990 3223 «
2027 3162 2196 3226 Tace
2232 3213 2246 3239 ,
2312 3159 2588 3244 inquit,
2660 3153 2891 3246 perdite.

424 3260 491 3316 et
554 3247 680 3315 hac
722 3248 1159 3336 suggestione
1199 3248 1591 3336 Supersede,
1647 3249 1706 3316 si
1745 3246 2049 3336 gaudere
2099 3259 2330 3316 nostro
2369 3248 2575 3335 cupis
2625 3247 2836 3314 favore.
2873 3261 2892 3292 ³

425 3341 710 3426 Peregre
762 3357 1036 3423 quoque
1097 3336 1280 3424 apud
1352 3335 1701 3422 quendam
1762 3336 2362 3424 consanguineum
2431 3336 2565 3404 sibi
2641 3332 2892 3404 Comitem

424 3427 861 3506 constitutus,
915 3447 1073 3493 cum
1140 3438 1344 3493 noctu
1404 3426 1779 3511 quiescenti
1838 3425 2022 3492 nuda
2071 3446 2143 3492 se
2203 3424 2521 3494 meretrix
2582 3420 2890 3512 adjecisset.

429 3514 792 3594 GualterO,
852 3515 972 3600 qui
1029 3535 1067 3581 a
1114 3514 1393 3584 secretis
1429 3526 1573 3581 erat
1617 3513 1900 3602 propius
1948 3511 2231 3582 cubanti
2281 3534 2567 3602 surgere
2605 3512 2820 3601 jubet.
2854 3516 2894 3570 et

425 3617 722 3671 amotam
777 3603 999 3670 lenam
1040 3602 1344 3672 nummis
1376 3602 1638 3689 aliquot
1670 3601 1968 3670 donare:
2010 3614 2292 3670 testatus
2336 3617 2592 3691 postea,
2631 3624 2715 3680 se,
2746 3597 2890 3665 etiam
2945 3609 2946 3618 ¹

426 3692 485 3760 si
535 3691 948 3761 adulterium
986 3691 1072 3760 ob
1134 3691 1242 3759 Dei
1303 3692 1613 3760 timorem
1670 3691 1954 3759 minime
2013 3690 2454 3768 abhorreret,
2511 3690 2686 3759 nolle
2728 3698 2889 3754 tamen

427 3802 624 3849 suam
678 3780 1020 3850 Elisabeth
1076 3791 1257 3847 tanto
1313 3781 1717 3849 contristare
1764 3778 2116 3847 dedecore.
2195 3778 2658 3848 Familiarium
2711 3800 2776 3843 ac
2809 3769 2890 3837 de

428 3869 866 3950 mesticorum
907 3867 1141 3936 nullus
1170 3882 1336 3947 erat,
1376 3869 1494 3954 qui
1535 3869 1844 3957 principe
1879 3868 1946 3935 in
1989 3869 2530 3957 praesentiarum
2574 3864 2883 3938 constituto.

426 3957 861 4047 impudicum
898 3957 998 4025 vel
1036 3968 1301 4045 gestum
1353 3957 1700 4046 effingere,
1756 3957 1856 4025 vel
1906 3956 2190 4026 verbum
2228 3978 2626 4045 expromere
2655 3951 2882 4024 auderet:

427 4046 610 4133 quod
657 4059 973 4115 neutrum
1013 4045 1262 4124 scelus,
1300 4047 1354 4113 si
1389 4046 1560 4115 forte
1607 4046 2056 4115 commissum
2109 4045 2372 4126 fuisset,
2430 4046 2699 4136 impune
2727 4054 2882 4136 trans·

428 4136 575 4204 iret.
633 4135 749 4205 Rei
810 4135 1083 4203 divinae
1130 4135 1435 4221 quotidie
1494 4136 1816 4204 interesse
1877 4134 2112 4213 voluit,
2172 4156 2380 4220 quam
2440 4147 2506 4204 et
2567 4133 2808 4202 solemni
2840 4133 2881 4184 et

430 4225 798 4312 magnifico
837 4234 1173 4313 apparatu
1213 4224 1540 4293 celebrari
1577 4224 1754 4293 fecit.
1796 4228 2030 4293 Sermo
2063 4222 2252 4291 illius
2283 4218 2494 4293 'verax
2525 4229 2871 4291 etconstans-

430 4313 605 4408 grati
643 4326 708 4380 et
746 4312 1008 4380 honesti
1050 4333 1294 4393 mores,
1338 4312 1809 4382 misericordia
1850 4313 1918 4381 in
1958 4333 2294 4400 pauperes
2326 4312 2666 4389 munifica,
2699 4304 2763 4374 ad
2784 4299 2875 4368 [οΔ-

431 4418 658 4466 minas
713 4421 950 4469 omnes
1007 4401 1417 4471 verecundia
1467 4400 1865 4492 singularis,
1936 4414 2000 4470 et
2046 4402 2307 4490 optimo
2355 4401 2565 4492 digna
2619 4396 2868 4489 principe-

2943 740 2946 783 l
