2993 4837
486 308 613 370 450
848 287 859 298 ”
1255 323 1333 368 m:
1381 323 1436 369 s.
1492 320 1719 369 mnAco
1769 321 2063 368 conrsss.
2603 301 2755 367 NOV.
2795 304 2861 367 {3

527 410 537 419 ο
596 410 607 420 0
664 408 675 419 0
734 407 769 429 n

452 497 701 566 rofiteri
758 518 877 565 coe
933 497 1004 565 it.

400 519 440 587 p
485 587 519 673 ξ
566 591 698 658 11.
737 519 973 672 Itaqfie
1024 585 1179 674 pius
1212 588 1349 653 Rex
1378 607 1538 653 cum
1574 584 1919 654 carissimi
1957 596 2022 653 et
2057 582 2502 672 primogeniti
2537 582 2655 651 filii
2682 583 2868 663 vitam,
2963 620 2964 650 ;

396 696 672 744 summa
724 674 837 743 Dei
885 673 1287 753 clementia,
1344 695 1463 761 per
1514 674 1755 742 merita
1814 684 1879 741 et
1928 693 2165 761 preces
2210 671 2391 740 beati
2445 671 2668 764 Didaci
2717 671 2876 742 ferret

392 775 768 852 acceptam,
806 778 1220 851 cuperetque
1267 783 1709 849 quacumque
1743 761 2003 830 ratione
2041 774 2268 849 posset
2298 762 2587 848 gratiam
2623 760 2874 847 aliquam
2963 810 2964 827 ,

396 858 528 922 Deo
580 852 643 919 in
701 856 944 920 Sancto
998 874 1125 921 suo
1192 849 1475 931 referre,
1544 872 1725 919 anno
1797 850 2211 936 insequenti,
2281 849 2368 917 ad
2437 847 2652 919 felicis
2708 870 2878 918 recor-

395 940 694 1010 dationis
755 939 950 1008 Pium
1023 945 1135 1021 IV,
1193 939 1783 1028 praedecessorem
1817 951 2167 1019 nostrum,
2223 960 2364 1006 una
2411 959 2570 1006 cum
2625 937 2881 1094 principe

395 1029 538 1098 filio
576 1042 641 1098 et
671 1042 918 1098 cuncta
970 1027 1106 1097 fere
1145 1028 1503 1117 Hispania,
1562 1029 1821 1097 litteras
1867 1027 2078 1106 dedit,
2113 1026 2371 1112 quibus
2417 1029 2507 1096 ab
2554 1048 2633 1096 eo
2666 1049 2821 1116 supp
2843 1027 2882 1094 i·
2963 1081 2964 1090 ,

395 1118 562 1187 citer
642 1118 907 1206 petebat
980 1130 1098 1196 ut,
1154 1139 1276 1206 pro
1336 1140 1461 1186 sua
1531 1132 1595 1186 et
1659 1129 1932 1185 sanctae
1982 1115 2194 1205 hujus
2252 1114 2679 1200 Apostolicae
2739 1115 2884 1184 Sedis
2963 1153 2964 1192 f

397 1228 669 1276 summa
727 1205 1149 1286 auctoritate,
1197 1206 1470 1275 beatum
1526 1206 1856 1276 Didacum
1891 1259 1906 1284 ‚
1963 1217 2097 1273 tam
2149 1203 2508 1273 excellenti
2582 1207 2887 1273 sanctitate
2962 1257 2964 1262 ⁴

398 1297 646 1374 virum,
707 1306 770 1363 et
831 1306 1018 1363 tanta
1072 1293 1566 1364 miraculorum
1633 1294 1941 1363 claritate
2001 1292 2368 1372 illustrem,
2409 1292 2479 1361 in
2533 1297 2884 1362 Sanctorum
2963 1337 2964 1344 κ

397 1406 762 1454 numerum
818 1384 1065 1452 referre
1122 1382 1339 1462 vellet,
1380 1395 1584 1469 atque
1640 1384 1727 1452 ab
1776 1383 2099 1451 universa
2160 1380 2463 1451 Ecclesia
2513 1403 2638 1470 pro
2694 1386 2839 1450 Sanc

397 1472 861 1542 venerandum
889 1494 1037 1541 esse
1066 1483 1410 1541 statueret.
1457 1477 1619 1540 Tam
1654 1472 1914 1541 devotis
1953 1470 2346 1556 iteratisque
2377 1470 2699 1540 catholici
2731 1470 2890 1559 Regis
2963 1527 2964 1532 ,

395 1561 828 1646 aliorumque
862 1560 1440 1650 postulationibus
1478 1574 1849 1648 permotuS,
1887 1559 2069 1628 idem
2108 1559 2270 1627 Pius
2308 1559 2802 1646 praedecessor,
2827 1558 2888 1626 de

396 1651 480 1719 iis
522 1650 587 1717 in
626 1649 1030 1718 consistorio
1072 1672 1198 1719 suo
1230 1661 1487 1719 secreto
1530 1648 1763 1718 referri
1790 1649 2024 1736 jussit,
2065 1662 2131 1715 et
2169 1648 2478 1735 quinque
2512 1647 2888 1725 Cardinalae,
2963 1701 2964 1706 η

396 1737 683 1807 consilio
729 1750 793 1807 et
841 1737 1153 1807 doctrina
1217 1752 1640 1827 praestantes
1694 1737 1969 1827 delegit,
2014 1736 2134 1822 qui
2184 1735 2525 1823 ejusmodi
2580 1733 2886 1826 permagu'
2963 1791 2964 1800 ,

396 1827 726 1896 momenti
791 1827 1058 1916 negotio
1136 1840 1579 1915 praeessent;
1657 1828 1832 1895 inter
1900 1848 2074 1912 quos
2144 1847 2331 1894 unus
2379 1824 2506 1894 fuit
2556 1823 2888 1895 Cardinalis
2962 1867 2965 1888 2

392 1915 937 1995 Alexandrinus,
1006 1915 1214 2000 cujus
1279 1916 1609 1984 momoria
1669 1916 1736 1983 in
1792 1914 2265 1984 benedictione
2323 1926 2469 1992 est,
2522 1917 2649 2001 qui
2709 1925 2888 2004 postet

394 2004 697 2073 Pontifex
744 2005 1005 2085 factus,
1063 2005 1220 2073 Pius
1269 2005 1419 2094 ejus
1483 2004 1786 2072 nominis
1849 2009 1897 2070 V
1957 2014 2060 2071 est
2134 2002 2545 2090 appellatus.
2607 2009 2738 2073 Res
2798 2021 2888 2071 suo

395 2094 675 2162 nomine
761 2092 872 2183 agi
948 2106 1187 2182 coepta
1254 2108 1354 2162 est
1429 2093 1559 2162 sub
1638 2093 1754 2162 Pio
1834 2097 1915 2161 IV
1946 2146 1961 2171 ‚
2045 2091 2285 2159 litteris
2375 2092 2441 2159 in
2524 2091 2890 2182 Hispaniam
2963 2169 2964 2172 Ἴ

397 2182 862 2262 transmissiS,
940 2181 1023 2250 ad
1107 2193 1308 2251 testes
1377 2203 1457 2250 ex
1533 2180 1826 2251 formula
1876 2179 2408 2260 examinandos,
2474 2196 2628 2250 acta
2677 2180 2890 2268 querite
2963 2255 2964 2260 ἵ

394 2271 847 2340 conficienda.
902 2273 1209 2356 Cumque
1259 2271 1407 2357 ipse
1476 2269 1642 2340 Pius
1711 2275 1791 2338 IV
1840 2291 1877 2338 e
1926 2269 2062 2338 vita
2133 2269 2537 2355 migrasset,
2618 2293 2753 2339 non
2809 2268 2892 2336 de⁴

394 2360 562 2431 stitit
611 2360 790 2429 idem
842 2358 1067 2449 Philip
1123 2381 1206 2430 us
1248 2363 1296 2429 V
1352 2372 1416 2429 et
1475 2359 1880 2449 Gregorium
1957 2362 2156 2437 x111,
2244 2357 2478 2426 itidem
2536 2359 2888 2448 praedeces·
2963 2401 2964 2437 3

394 2465 580 2519 sores
630 2463 921 2528 nostrOS,
979 2382 1219 2517 sedjulo
1268 2448 1549 2532 instare;
1604 2447 1746 2528 sed,
1802 2452 1936 2516 Deo
1985 2448 2075 2515 ita
2127 2446 2559 2535 disponente,
2616 2446 2889 2535 quamvis
2963 2490 2964 2527 3

396 2538 721 2626 pleraque
790 2537 1269 2625 superioribus
1339 2537 1543 2607 annis
1613 2536 1752 2605 sint
1823 2549 2010 2615 acta,
2083 2557 2189 2603 res
2261 2548 2487 2604 tamen
2561 2538 2717 2625 ipsa
2783 2554 2888 2625 per·

396 2627 505 2695 fici
555 2627 684 2695 sub
740 2626 879 2694 illis
935 2625 1382 2695 Pontificibus
1451 2641 1656 2712 atque
1712 2624 1974 2695 absolvi
2047 2645 2178 2692 non
2256 2626 2497 2713 potuit.
2572 2631 2740 2695 Cum
2789 2622 2896 2714 pri·
2963 2665 2964 2677 κ

396 2738 585 2784 mum
640 2715 850 2805 igitur
899 2714 1257 2784 humilitas
1307 2726 1584 2794 nostra,
1643 2736 1777 2783 non
1832 2713 2084 2781 nostris
2137 2713 2420 2792 meritis,
2478 2714 2599 2782 sed
2666 2716 2890 2784 divinae
2962 2766 2965 2793 ἶ

392 2802 793 2881 clementiae
833 2802 1284 2883 abundantia,
1341 2803 1407 2871 in
1451 2802 1714 2873 excelsa
1768 2802 2183 2892 apostolicae
2234 2801 2732 2875 sollicitudinis
2776 2826 2806 2871 s

392 2890 546 2960 cula
579 2891 689 2962 his
730 2891 1162 2961 difficillimis
1207 2892 1632 2981 temporibus
1679 2905 1780 2959 est
1827 2891 2219 2969 constituta,
2265 2891 2493 2959 statim
2549 2892 2733 2961 idem
2773 2897 2810 2960 P
2853 2890 2889 2955 i·
2963 2958 2964 2965 χ

392 2980 627 3069 lippus
692 3002 851 3061 rex,
922 2979 1110 3049 nulla
1161 3002 1241 3048 ex
1291 2994 1480 3069 parte
1532 2980 1851 3049 restincto
1913 2993 2031 3049 aut
2104 2978 2497 3067 refrigerato
2548 2980 2710 3049 fidei
2767 2998 2892 3051 suae
2963 3038 2964 3057 2

390 3069 578 3150 zelO,
654 3070 850 3139 nobis
915 3092 1033 3157 per
1078 3068 1404 3137 dilectum
1471 3068 1694 3137 filiurn
1766 3068 2066 3137 nobilem
2128 3067 2351 3136 virum
2412 3070 2782 3139 Henricum
2833 3065 2893 3133 de
2963 3104 2964 3145 3

391 3163 693 3229 Guzman
738 3159 1055 3227 comitem
1107 3158 1190 3227 de
1239 3157 1565 3237 OlivareS,
1622 3179 1825 3225 suum
1864 3156 2046 3245 apud
2093 3178 2216 3224 nos
2245 3170 2310 3225 et
2359 3157 2604 3227 Sedern
2655 3164 2891 3247 Aposto·
2963 3194 2964 3233 1

388 3247 591 3318 licam
628 3259 988 3327 oratorem,
1031 3269 1281 3336 magno
1336 3268 1446 3316 ere
1480 3245 2021 3334 supplicandum
2057 3244 2342 3325 curavit,
2377 3259 2452 3313 ut
2487 3260 2889 3335 posteaquam
2963 3300 2964 3313 ,

388 3359 466 3405 ea
516 3335 652 3405 fere
700 3335 957 3415 omnia,
1002 3357 1177 3422 quae
1226 3358 1265 3403 a
1349 3348 1498 3404 acta
1544 3347 1609 3403 et
1657 3356 2053 3424 processum
2113 3334 2287 3403 beati
2349 3333 2584 3403 Didaci
2637 3334 2891 3425 pertine·
2963 3370 2964 3407 ;

388 3425 587 3506 bant,
652 3446 731 3493 ex
782 3424 993 3510 hujus
1043 3437 1318 3494 sanctae
1368 3423 1561 3493 Sedis
1613 3424 2077 3513 praescriptO,
2143 3420 2450 3491 confecta
2509 3438 2747 3504 erant,
2796 3440 2890 3488 nos
2962 3472 2964 3483 .

387 3514 645 3600 quibus
692 3512 1101 3582 universalis
1151 3513 1491 3583 Ecclesiae
1524 3535 1692 3583 cura
1723 3525 1901 3582 esset
1940 3511 2219 3592 credita,
2259 3524 2325 3579 et
2379 3510 2464 3579 ad
2516 3534 2691 3599 quos
2745 3508 2888 3580 solos
2963 3568 2964 3587 2

387 3604 538 3692 ejus
572 3602 669 3673 rei
707 3602 1055 3691 judicium
1111 3603 1496 3689 pertineret,
1540 3615 1677 3671 tam
1737 3602 1873 3690 pio,
1925 3612 1989 3669 et
2039 3612 2172 3668 tam
2225 3600 2311 3669 ab
2374 3601 2528 3688 ejus
2580 3602 2886 3687 majestate

388 3704 659 3779 totaque
689 3691 1017 3782 Hispania
1051 3702 1364 3780 exoptato
1412 3692 1626 3779 operi,
1662 3690 1843 3779 quod
1894 3703 1995 3758 est
2043 3693 2126 3757 de
2161 3688 2405 3757 eodem
2441 3689 2638 3758 beato
2677 3688 2884 3758 Didaco

387 3786 792 3850 Sanctorum
844 3779 1151 3868 catalogo
1209 3779 1709 3860 adscribendO,
1767 3799 2161 3868 supremam
2234 3799 2518 3847 manum
2573 3780 2884 3867 imponere

383 3869 743 3940 vellemus,

468 3963 505 4045 ξ
551 3963 698 4032 1².
747 3962 823 4027 Et
856 3979 980 4028 nos
1010 3956 1317 4044 quidem,
1374 3962 1467 4027 Re
1524 3958 1578 4025 is
1627 3958 1849 4046 ipsius
1885 3955 2282 4045 religiosum
2327 3956 2634 4026 studium
2671 3967 2731 4023 et
2763 3971 2880 4041 per·

382 4061 803 4117 severantem
853 4046 981 4117 hac
1045 4048 1113 4115 in
1182 4068 1253 4115 re
1314 4047 1485 4115 sedu
1522 4047 1751 4115 itatem
1816 4044 2408 4125 commendantes,
2471 4044 2880 4134 cupiebamus

380 4136 531 4223 ejus
582 4137 732 4225 piae
768 4136 1098 4225 petitioni,
1134 4147 1471 4223 quantum
1501 4156 1667 4204 >cum
1720 4134 2006 4202 Domino
2048 4134 2301 4213 liceret,
2342 4134 2755 4209 satisfacere;
2803 4140 2879 4195 ta-

377 4244 563 4302 men,
601 4248 721 4313 pro
752 4238 981 4294 nostro
1016 4223 1379 4313 pastoralis
1416 4224 1725 4293 muneris
1754 4222 2005 4301 officie,
2042 4223 2515 4292 statuebamus
2556 4224 2618 4290 in
2670 4241 2733 4289 re
2766 4230 2871 4284 tam

382 4313 568 4408 gravi
606 4313 794 4381 nulla
831 4335 1287 4402 praepropera
1315 4313 1749 4383 festinatione
1781 4311 2143 4385 utendum.
2188 4312 2306 4380 sed
2341 4312 2570 4380 omnia
2601 4332 2675 4377 ex
2698 4302 2872 4400 eccle·

383 4410 659 4467 stasttca
688 4401 1078 4489 disciplina,
1118 4425 1196 4471 ex
1241 4402 1579 4491 majorum
1618 4415 2005 4471 nostrorum
2044 4399 2523 4469 saluberrimis
2560 4397 2862 4467 institutis,
