2993 4837
49 328 178 393 lov.
240 330 313 393 ¹6
677 348 753 393 ns
802 346 853 393 s.
897 345 1194 394 Emnmno
1244 349 1340 393 Ep.
1398 347 1857 395 CANTUAROENSI
2324 333 2438 396 521

49 432 453 500 [dmiratione
509 430 965 502 afficerentur.
1014 437 1178 500 Cum
1232 445 1459 502 autern
1525 432 1909 523 baptizatus
1955 443 2076 512 est,
2119 446 2334 502 mater
2379 456 2537 503 eum

49 549 55 586 t
95 520 430 589 munditia
480 519 923 589 Edmundum
978 520 1622 610 voluit-appellari:
1670 535 1812 591 tum
1863 522 2092 603 etiam,
2145 523 2328 609 quod
2378 545 2536 592 cum

54 631 152 677 um
202 609 432 678 adhuc
486 622 679 679 utero
726 621 1066 699 gestaret,
1133 608 1218 678 ad
1270 610 1448 679 beati
1520 610 1866 680 Edmundi
1920 612 2242 699 martyris
2294 633 2541 682 monu-

49 709 301 767 [tentum
353 718 588 777 orans,
645 697 786 767 illic
836 698 1139 788 primum
1192 698 1462 768 vitalem
1519 700 1585 767 in
1651 721 1730 768 eo
1781 699 2101 787 spiritum
2155 699 2538 787 deprehen-

50 788 225 854 ¹isset.
284 787 473 855 Dicta
528 800 631 856 est
684 786 803 856 illa
860 786 1160 867 Mabilia,
1219 800 1408 875 pater
1457 810 1612 856 vero
1670 788 2081 857 Eduardus:
2135 791 2281 874 qui,
2329 810 2542 858 uxore

49 874 263 943 labilia
285 876 777 957 consentiente,
802 875 1062 945 mundo
1087 875 1518 957 valefaciens,
1545 878 1614 944 in
1642 878 2053 946 monasterio
2070 877 2156 946 de
2177 878 2532 958 Evesbam,

49 964 447 1034 monasticam
516 964 743 1034 induit
790 976 1039 1034 vestem
1072 1018 1091 1042 ,
1147 978 1211 1033 et
1262 964 1441 1034 felici
1493 987 1707 1034 cursu
1766 966 1938 1035 vitae
1995 966 2203 1054 hujus
2276 966 2538 1053 reliqua

50 1053 211 1139 patia
257 1074 588 1123 emensus
628 1066 753 1122 est.
808 1058 1013 1122 Porro
1063 1053 1337 1123 Mabilia
1394 1054 1463 1122 in
1516 1054 1747 1124 seculo
1805 1076 1940 1123 non
1998 1054 2397 1124 seculariter
2447 1056 2541 1124 vi-

52 1162 183 1222 enS‚
219 1164 498 1211 carnem
551 1165 747 1210 suam
789 1165 948 1211 cum
1001 1141 1183 1210 vitiis
1214 1155 1280 1211 et
1318 1143 1899 1232 concupiscentiis
1931 1142 2293 1212 crucifixit.
2341 1145 2538 1234 Reje-

50 1242 111 1297 to
152 1231 326 1299 enim
381 1230 680 1299 seculari
737 1230 1000 1310 habitu,
1058 1231 1357 1319 singulis
1408 1253 1620 1322 prope
1670 1233 1989 1301 noctibus
2038 1231 2360 1301 intererat
2419 1256 2536 1303 no·

49 1320 262 1388 :turnis
287 1319 920 1388 Abendoniensium
952 1320 1445 1389 monachorum
1475 1320 1903 1408 psalmodiiS‚
1925 1332 2128 1406 atque
2153 1321 2236 1390 ad
2268 1322 2533 1390 nudum

49 1427 244 1495 :orpus
294 1421 550 1478 vestem
613 1407 982 1478 adhibebat
1020 1408 1395 1488 cilicinam,
1448 1431 1627 1495 quae
1672 1423 1737 1477 et
1796 1431 2036 1497 aspera
2087 1422 2285 1490 esset,
2338 1422 2403 1479 et
2448 1411 2534 1479 ad

49 1494 171 1563 alos
212 1518 431 1582 usque
480 1519 555 1566 se
607 1497 1023 1586 porrigeret:
1081 1510 1292 1584 utque
1330 1519 1405 1566 ea
1452 1499 1672 1587 magis
1711 1497 2040 1587 affligeret
2088 1520 2392 1578 carnem,
2435 1498 2535 1568 lo-

49 1582 208 1651 ·icam
256 1584 545 1654 ferream
614 1586 676 1654 ei
725 1585 1038 1675 adjunxit
1086 1585 1167 1653 ad
1221 1607 1421 1655 suras
1486 1608 1710 1673 usque
1761 1588 2284 1677 pertingentem.
2348 1593 2535 1657 Intra

50 1692 216 1758 psam
251 1687 480 1742 autem
530 1673 810 1744 loricam
846 1674 1024 1742 duae
1056 1687 1251 1744 erant
1300 1674 1598 1743 laminae
1633 1675 1909 1755 ferreae,
1944 1697 2118 1761 quae
2150 1678 2534 1746 cruciatum

49 1775 342 1847 tugerent.
380 1767 645 1831 Horum
700 1776 923 1831 autem
979 1763 1129 1852 ipsa
1179 1765 1478 1832 moriens
1528 1763 1853 1833 haeredes
1905 1764 2114 1833 voluit
2160 1787 2310 1836 esse
2360 1766 2536 1835 duos

49 1845 178 1917 ilios
222 1872 381 1920 suos
434 1850 881 1920 Edmundum
935 1864 1000 1920 et
1056 1853 1452 1921 Robertum.
1508 1851 1665 1921 Tale
1712 1852 1899 1922 fuere
1955 1853 2130 1922 beati
2191 1853 2536 1923 Edmundi

49 1951 331 2020 >arentes
387 1941 598 2008 rebus
647 1939 924 2025 quidem
979 1940 1412 2028 temporariis
1473 1939 1844 2031 locupletes
1907 1942 2362 2021 mediocriter,
2417 1942 2534 2012 sed

49 2044 263 2095 norum
324 2029 583 2118 opibus
656 2028 1175 2116 praepollentes,
1232 2034 1444 2115 Atque
1517 2030 1603 2098 ita
1668 2029 1919 2098 factum
1971 2043 2110 2109 est,
2170 2045 2247 2100 ut
2296 2031 2536 2101 beatus

49 2111 399 2185 Edmundus
440 2118 532 2186 ab
563 2117 733 2200 ipsis
777 2139 985 2206 prope
1019 2117 1466 2186 incunabulis
1500 2118 1872 2187 admodum
1913 2118 2229 2212 religiose
2256 2142 2293 2189 a
2324 2133 2538 2190 matre

49 2199 425 2297 educaretur,
472 2217 538 2274 et
586 2205 654 2272 in
718 2217 945 2274 tenera
1003 2218 1216 2274 aetate
1286 2207 1600 2287 disceret,
1645 2207 2230 2294 quemadmodum
2301 2221 2536 2297 postea

49 2298 206 2356 ettam
256 2293 541 2362 adultus
599 2292 665 2361 in
771 2316 954 2362 reces
1002 2307 1068 2363 et
1111 2296 1379 2384 jejunia
1432 2297 1830 2364 incumbere
1887 2295 2183 2365 deberet.
2249 2302 2414 2366 Nam
2460 2310 2538 2366 ut

49 2394 146 2473 Stia
178 2396 400 2469 sponte
441 2381 650 2452 sextis
732 2383 894 2453 eriis
937 2404 1110 2471 pane
1157 2396 1220 2452 et
1260 2406 1441 2472 aqua
1480 2397 1844 2455 contentus
1897 2397 2098 2466 esset,
2158 2385 2263 2475 pia
2320 2399 2535 2456 mater

49 2484 88 2529 et
115 2479 166 2533 et
196 2473 603 2558 promittere,
648 2484 712 2541 et
760 2472 997 2560 largiri
1034 2472 1293 2543 solebat
1328 2474 1769 2556 munuscula,
1807 2475 2063 2562 quibus
2103 2476 2307 2544 sciret
2343 2474 2529 2544 illam

49 2558 356 2650 aetatulam
416 2559 621 2628 facile
669 2562 966 2642 invitari,
1014 2574 1089 2631 ut
1137 2563 1234 2630 sic
1284 2576 1426 2631 arte
1473 2564 1772 2650 quadarn
1826 2564 2150 2633 salutaris
2201 2564 2535 2654 parsimo-

49 2660 157 2711 itae
183 2647 485 2729 studium
526 2649 587 2718 ei
620 2649 768 2736 jam
819 2661 963 2718 turn
1008 2650 1392 2719 instillaret.

60 2734 134 2826 ,ἓ
178 2739 258 2804 2.
313 2742 479 2806 Cum
535 2751 761 2815 autem
816 2739 1109 2808 mitteret
1156 2761 1311 2807 eum
1364 2761 1523 2809 curn
1575 2740 1780 2810 fratre
1834 2741 1984 2831 ejus
2048 2741 2340 2812 Parisios
2375 2796 2389 2821 ,
2458 2753 2533 2811 ut

50 2817 397 2895 ¹lberalibus
446 2825 839 2915 disciplinis
873 2827 1417 2908 instituerentur,
1459 2849 1543 2897 ne
1590 2851 1669 2897 ex
1720 2830 2105 2918 ignorantia
2139 2831 2532 2900 laberentur

50 2927 88 2971 ιη
124 2930 389 2994 errores,
430 2915 570 2984 duo
601 2916 700 2983 eis
748 2915 976 2984 cilicia
1026 2916 1236 2995 dedit,
1264 2916 1613 3006 jussitque
1646 2931 1722 2986 ut
1771 2918 1875 2985 bis
1931 2918 2027 2986 vel
2083 2931 2179 2987 ter
2224 2919 2532 3006 qualibet

50 2997 427 3092 aebdomada
461 3026 544 3073 ea
591 3004 977 3073 induerent.
1012 3005 1319 3074 Timebat
1366 3006 1550 3075 enim
1606 3005 1910 3095 prudens
1939 3020 2004 3074 et
2037 3006 2357 3096 religiosa
2399 3007 2533 3079 foe·

49 3100 230 3168 tima,
285 3113 365 3161 ne
425 3106 802 3180 postquam
865 3094 1244 3183 pubertatis
1313 3116 1532 3163 annos
1580 3094 2010 3182 attigissent,
2070 3116 2190 3183 per
2238 3097 2532 3186 abrupta

50 3190 394 3267 nsanarum
452 3181 823 3251 libidinum
863 3183 1262 3272 praecipitia
1313 3182 1566 3252 incauti
1619 3185 2066 3272 agitarentur.
2109 3188 2343 3271 ltaque
2393 3186 2529 3271 spi·

49 3264 346 3359 'ttualium
399 3268 737 3339 bellorum
775 3272 978 3340 rudes
1009 3283 1074 3340 et
1120 3271 1473 3360 imperitos
1524 3273 1867 3360 sapienter
1900 3274 2341 3359 praemunire
2390 3286 2533 3342 stu-

49 3342 196 3419 luit:
247 3357 513 3444 ipsique
580 3359 985 3440 Edmundo,
1038 3382 1244 3447 quem
1299 3362 1605 3448 praescia
1661 3360 2043 3430 sanctitatis
2104 3361 2301 3449 ejus„
2369 3383 2531 3448 prae

49 3443 279 3513 eaeteris
319 3445 480 3515 siliis
532 3448 918 3536 impensius
950 3450 1250 3529 amabat,
1289 3471 1447 3518 cum
1499 3450 1798 3518 Lutetiae
1858 3449 2099 3518 litteris
2138 3448 2329 3518 d‘aret
2370 3470 2533 3537 ope-

49 3541 195 3608 Ἣῐῐῑ,
242 3556 396 3603 cum
452 3534 652 3606 lineis
702 3536 1126 3606 indumentis
1183 3539 1386 3606 etiam
1437 3537 1743 3607 cilicium
1807 3539 2072 3607 mittere
2122 3537 2323 3607 solita
2372 3537 2524 3607 fuit.

49 3611 210 3710 ltque
239 3621 348 3690 ille
388 3637 667 3693 sanctus
716 3646 908 3712 puer,
945 3647 1220 3694 omnem
1256 3649 1290 3693 a
1329 3648 1400 3694 se
1436 3626 1775 3696 levitatem
1817 3626 2177 3716 repellens,
2217 3625 2526 3707 choreaS,

49 3698 267 3796 illaque
306 3709 565 3781 ludicra
606 3726 669 3782 et
718 3713 1109 3801 spectacula
1161 3714 1505 3784 devitavit.
1551 3722 1753 3785 Porro
1803 3715 2176 3785 Dominicis
2225 3727 2289 3784 et
2337 3714 2530 3785 festis

50 3783 267 3875 liebus,
324 3814 398 3868 ut
442 3815 587 3870 erat
635 3824 673 3869 a
718 3815 930 3872 matre
978 3802 1300 3884 edoctus,
1355 3817 1514 3873 ante
1570 3817 1923 3893 sumptum
1989 3804 2251 3884 cibum,
2316 3817 2528 3874 totum

49 3879 282 3972 verlegit
326 3889 755 3958 Psalterium.

104 3968 256 4051 §a
308 3979 505 4046 Eunti
571 3979 946 4066 aliquando
1009 3979 1193 4067 apud
1254 3984 1556 4049 Oxonam
1593 3980 1625 4015 ⁴*
1683 4003 1805 4069 per
1841 3987 2126 4068 'pratum
2178 3980 2526 4067 quoddam

50 4046 479 4134 leambulandi
529 4088 760 4148 causa,
815 4066 1192 4148 sodalibuS,
1252 4081 1326 4137 ut
1379 4069 1442 4136 id
1496 4068 1767 4149 faceret,
1828 4092 1983 4138 eum
2046 4068 2521 4151 invitantibuS,

49 4157 163 4208 :uin
206 4171 271 4217 se
316 4153 602 4225 celerius
650 4156 737 4224 ab
790 4155 928 4224 illis
991 4156 1453 4237 subduxisset,
1518 4179 1603 4225 ne
1651 4158 2111 4227 conscientiae
2161 4159 2525 4247 puritatem

49 4228 121 4294 Vel
159 4240 343 4336 nujris
396 4243 799 4331 puerilibuS‚
854 4243 951 4312 vel
994 4245 1231 4315 otiosis
1279 4246 1717 4315 sermonibus
1755 4247 2302 4316 contaminaret:
2359 4268 2528 4335 puer

49 4315 207 4391 lesus
238 4348 253 4392 1
288 4328 327 4396 li
368 4332 709 4420 apparuit,
748 4332 1089 4402 candidus
1139 4347 1202 4400 et
1256 4334 1714 4416 rubicundus,
1755 4334 2026 4421 qualem
2079 4357 2235 4404 eum
2275 4356 2526 4424 sponsa

87 4440 104 4463 ‘
129 4445 239 4496 3¹²8&
268 4453 443 4503 Ooesord.
