2993 4837
31 310 145 375 OV.
202 312 293 375 ⁴9
530 328 607 374 nr.
656 327 712 374 s.
766 328 1132 387 ausuum,
1187 328 1368 375 natus
1418 328 1787 376 HUNGARIAE
1834 330 2004 376 ιτιιιΑ
2328 314 2455 379 593

31 413 310 493 Jdierat,
350 412 743 501 cognoscit.
782 410 976 481 Illico
1011 425 1289 500 stupore
1327 412 1706 482 vehementi
1739 413 2080 502 perfusuS,
2125 435 2255 482 non
2297 436 2543 503 parum

32 500 364 581 ldubitat,
417 512 651 568 tantae
701 521 786 568 ne
836 501 932 568 rei
982 501 1422 581 miraculum,
1484 523 1570 571 an
1635 503 1978 593 egregiam
2025 504 2258 573 uxoris
2308 504 2540 585 fidem,

31 589 163 658 rius
201 591 271 658 in
327 588 613 658 coelum
651 588 931 657 ferat...

63 680 97 763 ξ
146 682 245 748 θ.
304 677 773 747 celebrationi
815 676 1138 748 salutaris
1168 678 1431 747 hostiae
1468 699 1625 747 cum
1663 678 1749 747 ab
1786 680 2063 748 ineunte
2089 677 2551 749 adolescentia

33 767 292 846 benter,
342 778 503 835 tum
558 787 715 835 vero
764 787 1090 855 processu
1148 767 1424 847 aetatiS,
1496 766 1951 836 libentissime
2010 769 2337 837 interesse
2384 790 2551 837 con-

31 856 216 935 Jevit,
265 856 367 924 ita
420 865 503 923 ut
550 876 708 924 cum
747 854 1132 924 audiendae
1181 856 1277 925 rei
1324 855 1598 924 divinae
1648 869 1920 946 tempus
1961 868 2344 946 appeteret,
2400 858 2554 947 ipsa

32 964 304 1033 igressu
356 943 562 1012 aedis
612 965 746 1012 non
790 943 999 1012 semel
1035 943 1324 1013 ancillas
1358 945 1812 1014 anteverterit.
1844 949 1990 1027 Quo
2027 958 2325 1033 tempore
2363 946 2552 1015 cohi·

36 1032 120 1099 ita
167 1044 535 1118 quatenus
584 1032 851 1101 valebat
892 1034 1140 1103 mentis
1179 1033 1618 1121 evagatione,
1673 1035 1730 1102 si
1779 1034 1944 1121 quid
1997 1034 2303 1123 gestabat
2349 1056 2552 1104 orna·
2593 1056 2604 1067 ·

31 1121 218 1203 menti,
276 1143 427 1207 quo
480 1121 653 1189 citra
716 1121 957 1190 vitium
1023 1121 1382 1190 muliebris
1442 1122 1791 1191 decentiae
1852 1144 2082 1191 carere
2142 1137 2422 1212 poterat,
2479 1122 2549 1192 id

32 1230 183 1278 *mne
234 1211 587 1297 tantisper
634 1208 735 1277 vel
771 1209 1178 1299 deponebat,
1212 1210 1313 1279 vel
1350 1210 1761 1291 occultabat,
1794 1210 1957 1280 dum
1996 1223 2277 1301 coeptus
2312 1212 2549 1302 magni

31 1296 171 1366 llius
219 1298 564 1368 sacrificii
616 1298 789 1367 ritus
831 1313 1293 1388 perageretur.
1330 1300 1618 1369 Maxime
1669 1322 1821 1370 vero
1862 1300 2236 1389 singularis
2284 1299 2549 1388 aliquid

31 1388 411 1455 everentiae
468 1386 936 1475 praeferebat,
990 1409 1148 1456 cum
1223 1400 1342 1457 aut
1411 1393 1589 1457 Evan
1645 1388 1854 1459 elium
1937 1389 2369 1470 recitaretur,
2433 1400 2554 1459 aut

32 1472 231 1543 {bristi
279 1497 552 1564 corpus
593 1487 1015 1545 tractaretur.
1056 1477 1394 1546 Nimirum
1446 1476 1531 1545 ad
1573 1477 1593 1545 i
1629 1477 1743 1546 lud
1797 1498 1998 1546 aures
2045 1478 2426 1559 advertenS,
2464 1477 2549 1547 ad

32 1582 119 1629 ioc
164 1562 400 1632 fauces
437 1564 662 1633 animi
705 1586 1149 1654 praeparans,
1207 1586 1459 1653 magno
1509 1566 1869 1653 utriusque
1904 1566 2238 1657 flagrabat
2282 1566 2548 1636 deside-

31 1649 123 1732 ·io;
173 1651 380 1720 simul
440 1651 898 1722 admiransin
952 1666 1088 1721 tam
1142 1653 1434 1723 mirifico
1483 1667 1910 1724 sacramento
1943 1656 2247 1725 exhiberi
2301 1667 2552 1725 morta-

32 1737 177 1807 ,ibus
222 1742 340 1809 Dei
394 1742 803 1831 potentiam,
858 1741 1266 1831 sapientiam
1304 1743 1372 1810 in
1410 1742 1698 1812 antidoti
1748 1745 2301 1834 praeparatione,
2356 1744 2552 1812 beni-

31 1828 317 1912 gnitatem
374 1831 447 1898 in
489 1831 790 1920 gratuita
830 1853 908 1899 ac
979 1829 1243 1899 liberali
1294 1829 1830 1919 dispensatione.
1887 1833 2341 1902 Succurrebat
2387 1831 2555 1901 haec

31 1917 406 2003 expendenti
458 1941 499 1987 e
549 1920 828 2008 regione
875 1918 1176 2008 dignitas
1226 1920 1572 1989 humanae
1618 1919 2073 2003 conditionis,
2125 1942 2332 2007 quam
2388 1922 2558 1990 tanti

31 2004 377 2076 aestimavit
430 2008 577 2087 ille,
641 2009 761 2094 qui
809 2007 1010 2088 fecit,
1065 2020 1141 2076 ut
1213 2008 1548 2097 perditam
1612 2007 2017 2078 redemerit:
2073 2008 2497 2097 redemptam
2534 2063 2548 2090 ,

31 2091 279 2163 salutari
312 2097 475 2166 cibo
513 2097 1017 2176 sustentaverit3
1054 2107 1491 2176 sustentatae,
1524 2097 1974 2185 praesentiam
2008 2098 2113 2166 sui
2146 2098 2556 2187 copiamque

36 2186 439 2253 concesserit.
495 2189 677 2254 Haec
726 2198 951 2254 autem
997 2186 1256 2265 omnia,
1299 2185 1705 2275 magnitudo
1764 2184 2035 2254 divinae
2088 2185 2547 2275 dignationiS,

41 2277 95 2363 et
131 2266 459 2342 humanae
497 2273 921 2362 ingratitudo
965 2285 1271 2353 naturae,
1311 2273 1516 2343 veluti
1568 2274 1783 2343 moles
1817 2274 2154 2361 quaedam
2198 2273 2557 2343 confertis-

45 2373 183 2424 snma
212 2361 691 2453 exaggerabat,
733 2385 891 2432 cum
934 2374 1000 2432 et
1033 2362 1219 2431 hanc·
1260 2363 1837 2444 inexcusabilem,
1891 2375 1956 2432 et
2005 2362 2191 2433 illam
2244 2361 2556 2432 ineffabi-

40 2438 146 2542 lem
192 2468 472 2535 prorsus
513 2473 664 2521 esse
703 2463 1068 2521 constaret.
1110 2457 1353 2520 Verum
1381 2453 1545 2538 quia
1596 2475 1729 2522 non
1775 2452 1974 2522 facile
2016 2453 2145 2542 tegi
2185 2453 2553 2522 vehemens

42 2536 221 2603 animi
253 2552 472 2693 potest
513 2541 822 2620 intenti0,
876 2542 1043 2628 quin
1096 2540 1469 2627 aliquando
1513 2541 1855 2611 exundet:
1909 2542 2193 2630 contigit
2242 2540 2554 2628 quando-

40 2638 147 2702 que
191 2636 245 2692 ta
280 2628 404 2698 iter
437 2629 778 2709 affectam,
833 2630 1343 2698 consecratione
1393 2629 1714 2699 salutaris
1764 2631 2025 2700 hostiae
2067 2643 2364 2721 peracta,
2406 2630 2558 2699 luce

43 2726 154 2776 non
200 2716 523 2788 mediocri
578 2717 923 2806 perfundi,
979 2718 1283 2804 adeoque
1332 2718 1831 2808 splendescere,
1884 2732 1961 2790 ut
1998 2720 2062 2788 in
2116 2719 2353 2788 faciem
2405 2718 2560 2805 ejus

47 2803 322 2899 sacerdos
370 2806 704 2892 quidam,
761 2806 848 2875 ob
898 2807 1071 2875 vitae
1149 2807 1468 2877 meritum
1532 2807 1648 2875 tali
1708 2808 1965 2896 dignus
2026 2829 2356 2889 munere,
2412 2808 2560 2876 sine

50 2902 206 2968 gravi
250 2894 610 2964 oculorum
651 2895 1214 2974 reverberatione,
1262 2895 1548 2964 minime
1599 2910 1844 2983 posset,
1900 2907 1975 2965 ut
2025 2910 2252 2983 postea
2295 2896 2560 2966 confes-

52 2989 149 3067 S·us
189 2993 302 3060 est,
343 2983 621 3053 intueri.
679 2984 1078 3052 Sanctiones
1128 2983 1661 3064 Ecclesiasticas,
1702 2997 1765 3052 et
1797 2984 2215 3055 christianas
2242 2986 2558 3055 observa-

51 3068 234 3133 tiones
266 3089 421 3139 cum
468 3094 742 3162 semper
776 3072 1144 3153 Elisabeth,
1173 3085 1316 3141 tum
1354 3071 1931 3161 Quadragesimae
1972 3072 2216 3143 diebus
2245 3074 2561 3164 religiose

55 3156 452 3250 mancipabat
498 3161 807 3230 effectui:
865 3183 999 3230 non
1071 3160 1274 3230 modo
1340 3161 1692 3249 precibus,
1746 3161 2236 3248 eleemosynis,
2295 3163 2561 3252 jejunio

54 3230 295 3338 dedita,
360 3250 807 3319 verumetiam
886 3249 1379 3340 corpusculum
1439 3249 1697 3320 crebris
1748 3249 2096 3339 virgarum
2157 3250 2558 3319 verberibus

56 3339 380 3417 castlganS.
421 3343 648 3407 Festos
682 3338 853 3418 dies,
889 3360 1046 3407 cum
1086 3337 1598 3429 Redemptionis
1622 3349 1893 3407 nostrae
1929 3340 2254 3427 mysteria
2293 3360 2565 3427 reprae-

59 3428 398 3504 sentantur,
456 3438 641 3494 tanto
691 3426 904 3497 coluit
950 3426 1203 3507 studi0,
1259 3439 1580 3514 tantaque
1645 3427 1856 3495 animi
1910 3427 2265 3496 devotione
2331 3448 2564 3517 prose-

60 3513 198 3602 outa,
216 3521 329 3588 est,
368 3527 442 3582 ut
476 3515 697 3604 ipsius
746 3516 815 3583 in
853 3515 1196 3584 Christum
1252 3516 1835 3606 propensissimus
1865 3537 2062 3585 amor
2096 3516 2202 3584 vix
2249 3535 2560 3602 unquam

63 3583 284 3662 clarius
315 3603 656 3673 emicaret.
710 3608 855 3686 Quo
889 3604 1000 3673 die
1032 3604 1347 3673 ultimam
1400 3604 1646 3676 Christi
1680 3626 1960 3673 coenam
1999 3604 2294 3673 recolere
2334 3605 2401 3672 in
2433 3626 2569 3673 usu

69 3686 149 3772 est
189 3681 596 3772 Christianis,
652 3692 1014 3763 interdicto
1062 3693 1336 3762 sibimet
1391 3696 1661 3782 penitus
1732 3693 2182 3781 pretiosarum
2245 3715 2381 3762 usu
2460 3713 2568 3759 ve-

69 3773 265 3868 suun),
302 3775 383 3844 ad
431 3780 954 3850 similitudinem
1012 3781 1319 3871 plebejae
1366 3780 1737 3871 cujuslibet
1788 3782 2099 3852 mulieris
2154 3783 2435 3862 vestita,
2496 3781 2564 3848 in

75 3851 380 3942 publicum
453 3869 880 3959 procedebat,
941 3870 1547 3960 postmeridianam
1600 3869 2045 3939 basilicarum
2110 3870 2567 3939 visitationem

76 3947 143 4029 318
187 3941 416 4020 humili
465 3958 808 4027 schemate
858 3980 1213 4049 peragens,
1248 3972 1324 4028 ut
1373 3980 1504 4027 non
1547 3958 1676 4025 nisi
1728 3980 1865 4027 una
1901 3980 1937 4027 e
1972 3959 2176 4049 vulgo
2227 3959 2451 4048 putari
2483 3957 2570 4026 ab

76 4041 499 4116 lgnorantibus
536 4060 783 4135 posset.
816 4053 984 4116 Tum
1017 4048 1217 4116 etiam
1255 4049 1509 4116 accitos
1540 4046 1904 4116 duodecim
1941 4069 1978 4115 e
2012 4048 2566 4137 pauperioribUS,

78 4117 228 4186 tanto
256 4123 519 4220 dignata
555 4149 657 4205 est
707 4137 985 4217 honore,
1045 4149 1120 4205 ut
1169 4149 1506 4226 prostrata
1571 4135 1776 4224 pedes
1823 4157 2060 4205 eorum
2113 4136 2387 4217 laverit,
2455 4157 2572 4205 ex-

81 4205 320 4293 tffl'Sffl'st,
367 4223 594 4294 osculo
628 4225 1076 4314 impertiverit
1107 4249 1121 4292 :
1163 4224 1459 4314 singulis
1500 4223 1798 4311 denique
1828 4224 2183 4294 duodenos
2213 4246 2559 4306 numm03‚

85 4301 475 4391 pannumque
521 4314 603 4382 ad
644 4335 1039 4384 mensuram
1091 4313 1493 4384 commodae
1543 4314 1768 4393 vestis,
1808 4326 2010 4400 atque
2059 4314 2400 4383 triticeum
2454 4337 2573 4404 pa-

87 4387 209 4447 nem
251 4385 601 4471 donaverit.
642 4408 970 4492 Leprosos
995 4424 1073 4472 eo
1121 4402 1231 4472 die
1265 4423 1401 4472 non
1438 4424 1697 4493 paucos
1731 4402 2107 4491 aliquando
2135 4417 2568 4494 susceperat:

214 4502 428 4617 surius
450 4546 478 4562 -
514 4519 678 4580 Vitae
709 4518 813 4583 SS.
843 4552 869 4566 -
896 4518 1022 4582 Vol.
1052 4518 1149 4581 XI.
2336 4520 2415 4581 38
