2993 4837
536 289 662 353 362
1123 308 1201 353 m:
1248 308 1304 353 s.
1357 305 1707 353 consanum
1755 306 1854 351 ΕΡ.
1908 305 2295 353 amanuensi
2700 288 2853 354 Nor.
2894 294 2923 353 S

452 391 740 459 mirifice
790 391 1269 481 gratularetur.
1313 390 1692 460 Sordebant
1725 402 1987 459 terrena
2038 391 2203 469 viro,
2251 390 2436 459 subit
2475 390 2736 460 aethera
2771 393 2923 463 votis,

450 501 605 548 cum
659 481 991 569 Propheta
1025 481 1242 570 plorat
1277 481 1485 548 nimis
1536 478 1927 570 prolongari
1980 478 2348 547 incolatum
2402 501 2630 548 suum.
2667 483 2815 548 Cum
2837 502 2928 548 au-

451 581 582 637 tem
619 569 1033 656 quandoque
1073 569 1503 638 venerandus
1539 581 1726 657 pater
1759 568 1977 656 Guigo
2007 566 2292 636 cellulas
2350 567 2821 638 monachorum
2850 569 2928 654 pia

450 655 915 726 sollicitudine
966 658 1304 738 inviseret,
1342 658 1542 725 etiam
1578 656 1662 725 ad
1713 656 1984 726 beatum
2030 655 2470 725 Godefridum
2525 657 2831 747 pervenit,
2855 658 2931 723 in-

449 746 768 832 venitque
843 769 999 816 eum
1063 747 1289 815 nescio
1338 767 1513 832 quae
1576 745 1808 814 divina
1865 745 2118 833 scripta
2182 744 2564 833 legentem,
2630 758 2692 813 et
2738 745 2930 814 uberes

451 833 848 903 fundentem
902 835 1267 923 lacrymaS,
1306 856 1514 921 seque
1555 834 1845 902 hostiam
1890 835 2108 901 vivam
2145 834 2407 903 Christo
2448 833 2767 903 Salvatori
2803 835 2932 901 mira

452 924 783 992 suavitate
818 926 885 991 in
923 924 1150 993 cordis
1189 946 1305 993 ara
1354 922 1851 992 immolantem.
1896 922 2104 990 Valde
2150 934 2377 991 autem
2412 923 2561 1011 ejus
2609 944 2825 991 amore
2861 924 2931 989 in·

451 1033 722 1092 census,
776 1025 839 1082 et
888 1036 1084 1082 nosse
1131 1013 1442 1102 cupienS‚
1480 1024 1715 1080 utrum
1772 1023 1997 1098 posset
2044 1032 2261 1097 aequo
2311 1012 2543 1079 animo
2582 1010 2751 1080 ferre
2803 1011 2932 1099 inju-

453 1100 611 1179 rias,
653 1101 742 1170 ita
772 1102 867 1170 ait
896 1102 979 1170 ad
1013 1124 1210 1171 eum:
1251 1123 1285 1166 «
1332 1099 1720 1175 Solebasne,
1769 1100 2126 1188 Episcope‚
2234 1121 2303 1168 ro
2356 1100 2572 1169 sacris
2628 1099 2933 1168 ordinibus

451 1210 697 1257 aurum
751 1204 814 1258 et
862 1204 1220 1280 argentum
1289 1202 1352 1258 et
1413 1189 1475 1257 id
1548 1211 1765 1276 genus
1832 1210 2177 1257 munuscu
2211 1211 2250 1256 a
2321 1190 2737 1277 recipereP»
2790 1186 2933 1255 Multi

451 1277 633 1345 enim
681 1301 795 1367 per
835 1280 899 1348 id
941 1293 1210 1367 tempus
1259 1277 1384 1347 hoc
1436 1278 1619 1359 vitio,
1725 1276 1846 1345 roh
1895 1276 2127 1346 dolori
2192 1276 2419 1346 infecti
2476 1288 2693 1357 erant,
2748 1290 2815 1345 ut
2859 1276 2931 1341 vix

452 1366 774 1451 cuiquam
833 1368 982 1436 sine
1033 1367 1245 1454 pretio
1301 1388 1530 1435 sacros
1580 1388 1656 1435 or
1711 1367 1855 1434 ines
1922 1365 2326 1434 conferrent.
2394 1365 2769 1456 Respondit
2815 1385 2931 1432 cum

457 1455 670 1524 multo
704 1456 964 1544 gemitu
1011 1455 1419 1611 Episcopus:
1474 1478 1511 1521 «
1546 1454 1872 1540 Equidem
1914 1467 2101 1543 pater
2148 1455 2565 1534 beatissime,
2605 1477 2737 1524 non
2784 1472 2933 1521 num-

455 1565 603 1612 mos
652 1544 1046 1633 expetebam
1100 1545 1185 1612 ab
1219 1566 1256 1612 a
1289 1543 1472 1630 iquo,
1515 1543 1628 1612 sed
1673 1542 1770 1611 vel
1825 1542 2078 1613 invitus
2138 1564 2341 1632 saepe
2389 1542 2682 1612 humani
2740 1541 2932 1610 favoris

454 1654 622 1701 aura
659 1633 850 1701 inani
909 1633 1347 1701 inficiebar.»
1388 1632 1464 1700 Id
1514 1632 1805 1702 audiens
1855 1632 2097 1721 Guig0‚
2158 1633 2450 1702 miratur
2494 1654 2655 1700 eum
2707 1630 2932 1699 minime

455 1744 525 1790 se
575 1722 876 1810 palpare,
931 1721 1045 1790 sed
1082 1720 1434 1790 humiliter
1464 1742 1791 1790 accusare
1823 1722 2023 1788 etiam
2063 1733 2359 1790 extrema
2394 1741 2731 1807 quaeque.

541 1812 575 1897 ξ
623 1813 782 1882 46.
827 1810 1104 1879 Interim
1142 1815 1365 1878 Conon
1420 1809 1823 1890 Cardinalis,
1870 1809 2214 1879 Pontificis
2250 1810 2530 1878 maximi
2588 1810 2856 1899 legatus,
2894 1816 2932 1870 et

454 1898 865 1989 Radulphus
897 1900 1313 1967 Rhemorum
1366 1898 1958 1987 ArchiepiscopuS,
2010 1898 2194 1988 apud
2239 1898 2671 1967 Bellovacum
2708 1898 2741 1933 ⁴*
2786 1916 2929 1983 syno-

454 1986 620 2055 dum
673 1988 1040 2057 celebrant.
1081 1987 1171 2056 Ad
1215 2008 1361 2055 eam
1400 1986 1736 2056 accedunt
1789 1986 2348 2055 Ambianensium
2402 1987 2632 2067 leuati,
2697 2003 2929 2069 conque·

456 2088 704 2145 runtur
737 2098 807 2145 se
855 2077 1212 2146 destitutos
1260 2076 1517 2163 optimo
1557 2087 1821 2164 pastore
1870 2098 2017 2146 suo,
2072 2076 2163 2144 Ad
2202 2098 2376 2161 quos
2416 2040 2817 2144 Rbemensis
2849 2076 2929 2163 ,trf

453 2166 970 2255 chiepiscopus:
1011 2170 1216 2248 «Qua
1257 2163 1496 2245 fronte,
1541 2165 1785 2250 inquit,
1822 2164 1990 2233 haec
2028 2164 2211 2252 apud
2249 2185 2368 2232 nos
2420 2184 2793 2254 proponere
2825 2178 2927 2227 aust

453 2255 639 2336 estiS‚
693 2255 810 2342 qui
844 2255 1064 2322 virum
1119 2253 1474 2342 pudicum,
1533 2252 2011 2332 orthodoxum,
2052 2252 2416 2321 virtutibus
2464 2253 2736 2321 cunctis
2785 2268 2927 2317 orna-

454 2356 627 2425 tum,
683 2356 901 2412 vestra
944 2343 1377 2432 improbitate
1425 2364 1464 2410 a
1506 2364 1632 2410 sua
1672 2341 1830 2409 sede
1863 2341 2262 2431 expulistis?
2311 2345 2525 2424 Quem
2570 2340 2668 2409 illi
2730 2355 2925 2431 parem.

452 2432 707 2501 nedum
769 2433 1205 2515 sanctiorem,
1273 2453 1578 2518 unquam
1648 2431 1950 2501 habituri
2007 2431 2168 2500 estis
2234 2430 2713 2500 sacerdotem?
2773 2432 2817 2496 Ο
2857 2442 2928 2488 vos

458 2522 765 2600 miserim,
816 2521 933 2606 qui
987 2532 1169 2588 tanto
1222 2533 1485 2609 pastore
1537 2519 1635 2588 vel
1687 2519 1767 2588 ad
1803 2534 2222 2588 momentum
2275 2520 2620 2588 caruistis.
2656 2524 2815 2588 Num
2853 2533 2927 2611 ros

452 2609 647 2677 illum
705 2610 928 2699 turpia
1000 2608 1193 2676 lucra
1248 2621 1617 2678 sectantem
1653 2663 1667 2689 ‚
1740 2608 2011 2677 libidini
2074 2621 2462 2690 vacantem,
2520 2606 2929 2676 Ecclesiasttca

453 2697 786 2765 beneficia
838 2697 1366 2776 venundantem,
1431 2719 1740 2783 unquam
1804 2696 2394 2786 deprehendistis?
2428 2719 2462 2763 »
2514 2696 2662 2765 Illis
2711 2711 2925 2788 respon·

456 2785 812 2854 dentibus:
854 2809 888 2852 «
919 2788 1013 2855 Ab
1046 2786 1152 2853 bis
1187 2785 1381 2854 illum
1422 2786 1623 2875 plane
1666 2786 2044 2854 immunem
2082 2808 2266 2854 esse:
2310 2809 2345 2849 »
2395 2785 2687 2874 subjecit
2725 2780 2929 2851 Arclne-

461 2874 818 2963 piscopus:
874 2897 907 2940 «
940 2879 1033 2942 Ite
1072 2895 1271 2963 ergO,
1334 2889 1397 2943 et
1455 2887 1590 2943 tam
1645 2874 1935 2964 peritum
2005 2874 2202 2943 ovilis
2252 2874 2589 2942 Dominici
2641 2867 2925 2941 custodem

456 2962 850 3051 perquirite,
882 2975 945 3032 et
978 2964 1352 3042 inventum,
1394 2963 1743 3033 vobiscum
1782 2963 2104 3032 reducite.
2147 2968 2376 3031 Testor
2407 2963 2593 3030 enim
2628 2960 2928 3030 Dominum

454 3058 734 3131 sesnin,
788 3052 1004 3120 donec
1059 3051 1248 3120 ullus
1295 3052 1421 3120 erit
1489 3053 1553 3119 in
1622 3051 1983 3120 Godesrido
2054 3051 2275 3119 vitalis
2325 3051 2647 3140 spiritus,
2718 3044 2923 3116 nultum

457 3139 668 3208 alium
710 3163 823 3209 vos
859 3142 1267 3229 Episcopum
1307 3139 1681 3208 habituros.
1720 3163 1753 3206 »
1794 3145 1961 3208 Dum
2004 3139 2171 3208 haec
2220 3151 2577 3228 geruntur,
2615 3160 2694 3207 en
2736 3134 2928 3204 adsunt

457 3229 718 3309 nuncii,
773 3241 1208 3319 apportantes
1252 3227 1507 3297 litteras
1559 3229 1735 3297 beati
1776 3229 2142 3307 Godefridi,
2200 3228 2455 3316 quibus
2503 3228 2619 3297 ille
2651 3221 2926 3314 significat

457 3341 526 3386 se
577 3318 989 3409 Episcopatu
1038 3317 1436 3397 abdicasse;
1492 3318 1833 3396 hortatur,
1893 3329 1967 3386 ut
2013 3318 2224 3385 alium
2291 3329 2551 3407 patrem
2604 3315 2726 3384 sibi
2771 3326 2926 3397 quae·

455 3420 633 3487 rant;
696 3428 766 3476 se
829 3428 1182 3492 nunquam
1253 3406 1633 3474 rediturum
1705 3405 2044 3484 affirmat3
2098 3404 2392 3475 ostendit
2453 3429 2522 3474 se
2575 3405 2849 3491 ineptum
2888 3405 2926 3457 et

454 3495 883 3575 inidoneum,
922 3495 1039 3582 qui
1093 3494 1407 3584 Episcopi
1460 3516 1744 3564 munere
1784 3494 2136 3583 fungatur;
2191 3516 2260 3564 se
2293 3494 2517 3563 verbis
2566 3491 2818 3579 quidem
2845 3483 2927 3548 do·

454 3586 679 3653 cuisse
729 3583 1040 3653 subditos
1065 3605 1249 3662 suo&
1302 3583 1415 3651 sed
1452 3582 1629 3651 mala
1663 3585 1791 3651 vita
1843 3584 2232 3673 corrupisse
2256 3596 2321 3653 et
2370 3582 2757 3672 perdidisse.
2791 3580 2927 3661 Quae

455 3695 614 3740 cum
667 3673 1074 3762 legerentur,
1151 3693 1319 3761 pene
1383 3694 1623 3741 omnes
1678 3671 2033 3760 lacrymati
2085 3685 2289 3752 sunt,
2355 3671 2760 3740 admirantes
2804 3671 2921 3729 tantl

457 3762 582 3829 viri
644 3762 1126 3841 humilitatem,
1180 3761 1297 3847 qui
1347 3782 1505 3829 cum
1567 3773 1742 3831 esset
1800 3761 2059 3830 meritis
2109 3783 2475 3840 summus,
2533 3759 2697 3827 infra
2742 3765 2923 3851 omne-³

457 3850 732 3919 intimos
769 3872 838 3919 se
887 3849 1185 3936 abjicere
1233 3849 1601 3918 videretur.
1638 3855 1811 3919 Sane
1844 3871 2001 3917 cum
2055 3849 2398 3918 interdum
2445 3848 2528 3917 de
2567 3848 2669 3916 his
2702 3837 2918 3930 quidam

457 3938 1006 4009 reverendissimi
1060 3949 1306 4027 patres,
1353 3938 1472 4025 qui
1533 3951 1675 4008 tum
1731 3950 2116 4027 praesentes
2166 3937 2468 4017 adfuere,
2519 3937 2683 4004 inter
2723 3952 2782 3998 se
2822 3921 2920 3991 col·

458 4028 856 4114 loquuntur,
912 4026 1105 4096 video
1145 4049 1259 4096 eos
1303 4027 1643 4116 lacrymas
1705 4039 1929 4095 tenere
1981 4048 2111 4094 non
2181 4047 2421 4117 posse:
2491 4025 2654 4093 adeo
2706 4018 2915 4087 illorum

458 4118 709 4217 animis
756 4116 957 4185 affixa
1004 4128 1105 4186 est
1137 4116 1436 4206 Epistola
1484 4116 1624 4198 illa,
1679 4138 1816 4203 qua
1865 4115 2208 4186 intantum
2266 4137 2337 4184 se
2398 4115 2499 4182 vir
2549 4122 2751 4184 tantus
2788 4113 2916 4170 exte-

460 4219 719 4274 nuavit.

549 4296 584 4377 ἓ
633 4297 773 4364 42.
856 4294 1154 4363 Tandem
1208 4305 1518 4364 statuunt
1568 4305 1794 4383 patres
1826 4348 1841 4375 ‚
1896 4293 2078 4384 apud
2146 4292 2542 4364 Suessiones
2588 4287 2663 4359 ad
2712 4289 2909 4351 Domum

515 4418 539 4442 '³‘
570 4416 688 4457 Gau.
724 4419 954 4458 [scant-aie.
