2993 4837
124 280 275 344 NOV.
327 282 367 342 2
803 300 876 345 uz
925 301 1014 345 ss.
1071 297 1381 347 somnino
1428 300 1502 345 Er
1551 299 1751 347 socns
1801 301 1912 346 nm.
2464 284 2547 346 55

123 382 434 471 perplem,
466 395 533 451 et
572 384 785 451 nescit
816 384 978 470 quid
1014 398 1191 472 agat.
1233 390 1441 465 Quen:
1480 408 1638 452 cuni
1693 383 1971 474 benigni
2012 382 2255 452 Christi
2291 383 2638 472 benignus

116 470 484 570 discipulus
528 472 631 541 sic
668 472 973 563 aflectum
1024 471 1445 561 adspexisset
1492 472 1918 562 Acindynus,
1963 470 2199 541 dolore
2237 493 2633 562 oppressus,

112 560 323 629 effusis
374 573 661 648 propter
706 560 850 647 ejus
880 560 1107 629 cordis
1133 562 1524 630 caecitatem
1571 559 1912 649 lacrymis,
1958 582 2365 630 conversus:
2406 564 2639 643 «Quo-

64 676 71 735 t
116 649 302 719 niam.
340 649 591 734 inquit,
652 670 863 735 neque
906 650 1014 718 Dei
1068 648 1457 739 disciplina,
1498 673 1538 719 o
1581 649 1808 730 homo,
1848 649 2005 718 fecit
2040 663 2099 718 te
2132 649 2282 720 e‘us
2320 650 2632 718 virtutem

62 782 63 823 i
118 735 497 825 intelligere,
554 736 669 806 sed
724 754 831 807 tua
882 752 1122 826 sponte
1170 739 1267 807 sic
1312 760 1547 807 manes
1581 738 1963 828 improbuS‚
2000 760 2133 828 gau
2189 760 2310 807 ens
2343 738 2639 806 tenebris

118 825 485 912 impietatis,
543 840 608 895 et
640 826 1056 915 amplectens
1108 827 1613 917 ignorantiam:
1667 827 1755 896 sit
1796 827 1915 896 tibi
1967 839 2261 916 potestas
2310 825 2633 914 loquendi

60 932 61 939 ¹
114 914 260 981 citra
294 914 892 1003 impedimentum,
935 929 997 984 et
1031 915 1199 984 nihil
1238 917 1346 996 sit,
1391 916 1570 1002 quod
1613 928 1766 984 tuae
1803 916 2078 1006 linguae
2113 916 2420 985 obsistat.
2457 939 2490 981 »
2531 914 2631 983 Illi

113 1015 316 1070 autem
363 1005 682 1091 protinus
730 1004 1007 1089 quidem
1061 1004 1422 1074 solvuntur
1453 1004 1642 1074 frena
1694 1004 2018 1095 linguae:
2072 1004 2252 1074 oculi
2298 1026 2452 1072 vero
2487 1005 2636 1072 ani·

114 1113 245 1159 mae
279 1092 562 1160 minime
596 1092 957 1162 solvuntur
1005 1115 1042 1161 a
1080 1093 1261 1162 nube
1294 1115 1468 1180 quae
1531 1116 1646 1163 eos
1701 1094 2143 1163 obstruebat:
2198 1092 2311 1163 sed
2353 1093 2636 1182 perinde

112 1202 179 1247 ac
221 1180 272 1247 si
327 1181 495 1248 nihil
552 1182 703 1249 novi
756 1182 1158 1260 accidisset,
1217 1204 1433 1268 neque
1480 1183 1853 1269 quicquam
1904 1194 2081 1251 esset
2132 1203 2377 1271 passus
2413 1237 2428 1262 ,
2485 1203 2632 1271 per-

115 1267 289 1356 gebat
332 1286 639 1355 eaquae
674 1270 889 1359 prius,
942 1270 1223 1358 exequi:
1277 1284 1341 1339 et
1393 1272 1456 1338 in
1511 1294 1625 1340 eos
1674 1272 1791 1358 qui
1840 1270 2443 1340 circumsistebant
2480 1291 2641 1359 prae

116 1357 303 1425 animi
354 1358 784 1428 dubitatione
836 1360 1003 1427 iram
1060 1359 1289 1428 volens
1331 1359 1719 1436 immittere,
1776 1373 1851 1429 ut
1899 1359 2099 1448 cujus
2148 1360 2425 1428 animus
2464 1373 2639 1428 esset

120 1444 338 1532 plenus
384 1445 765 1517 dedecore:
821 1470 855 1513 «
895 1448 1289 1537 Acindynus
1337 1448 1641 1535 quidem,
1699 1449 1945 1536 inquit,
1999 1460 2063 1516 et
2109 1448 2258 1538 ejus
2307 1448 2522 1527 socii,
2576 1462 2639 1516 et

118 1535 412 1632 Pegasius
461 1550 529 1605 et
575 1537 1104 1626 Anempodistus
1153 1558 1336 1617 eum,
1391 1558 1592 1623 quem
1651 1560 1772 1626 par
1817 1551 1954 1617 est,
2009 1535 2214 1605 finem
2259 1536 2403 1625 jam
2456 1537 2638 1604 acci·

118 1635 323 1708 pient:
378 1647 584 1713 porro
624 1639 851 1695 autem
893 1648 1005 1695 vos
1047 1647 1341 1713 quoque,
1387 1648 1425 1695 o
1476 1626 1757 1715 pessimi
1806 1625 2115 1694 omnium
2156 1624 2477 1705 ministri,
2522 1647 2634 1693 ne—

113 1733 433 1865 guaquam
490 1714 765 1782 sinam:
819 1725 882 1783 et
930 1737 1198 1784 sumam
1257 1736 1531 1801 poenas,
1587 1736 1759 1801 quas
1803 1727 2019 1784 vestra
2059 1726 2359 1783 meretur
2408 1713 2637 1782 inobe-

156 1800 364 1869 ientia.
400 1826 434 1867 »
486 1804 696 1872 Jubet
745 1825 906 1893 ergo
971 1804 1291 1892 grabatos
1339 1802 1566 1871 afferri
1617 1803 1904 1887 serreoS‚
1960 1815 2023 1871 et
2092 1803 2271 1893 ignis
2340 1802 2631 1872 multum

117 1888 456 1971 substerni,
501 1891 622 1978 qui
673 1892 1128 1981 adspergatur
1175 1891 1376 1981 adipe
1423 1906 1485 1961 et
1521 1892 1666 1982 pice
1699 1904 1763 1961 et
1798 1892 2045 1971 resina,
2096 1906 2158 1960 et
2207 1896 2488 1962 Sanctos
2540 1914 2636 1960 re-

116 1979 405 2049 cumbere
456 2002 672 2069 super
708 1980 829 2049 hos
862 1980 1232 2050 candentes
1265 1982 1608 2071 grabatos.
1650 1979 1757 2049 Illi
1788 1992 2014 2049 autem
2052 1980 2334 2069 perinde
2367 2002 2446 2048 ac
2478 1980 2531 2048 si
2570 1980 2633 2048 in

122 2066 378 2151 quodam
434 2069 715 2137 roscido
763 2083 825 2137 et
860 2069 1099 2138 [lorido
1132 2083 1323 2160 prato
1355 2083 1582 2138 essent
1616 2069 2032 2148 recubaturi‚
2071 2069 2407 2137 constanti
2448 2067 2635 2137 vultu

131 2175 474 2244 magnoque
526 2171 593 2225 et
640 2157 900 2227 excelso
949 2160 1179 2227 animo
1229 2158 1620 2227 insilierunt
1664 2159 1727 2226 in
1838 2156 2128 2226 rabatos.
2177 2157 2428 2225 Deinde
2477 2180 2632 2224 cum

133 2261 189 2341 εἰς
228 2245 441 2315 multis
500 2246 690 2316 horis
730 2248 1212 2327 extendissent,
1273 2249 1612 2316 canebant
1663 2250 1782 2315 Psa
1823 2266 2008 2314 mum
2062 2245 2347 2334 tempori
2400 2267 2638 2313 conve-

132 2346 376 2403 mentem
391 2385 537 2403 .....

192 2428 227 2501 ,ξ
264 2426 330 2493 2.
386 2429 531 2493 Rex
583 2438 808 2493 autem
839 2425 1051 2512 ‚iussit
1092 2441 1224 2494 tres
1257 2424 1481 2493 afferri
1518 2424 1790 2503 lebetes,
1826 2436 1890 2493 et
1926 2424 1990 2491 in
2029 2445 2143 2492 eos
2179 2421 2364 2508 injici
2413 2421 2637 2512 plum-

120 2507 279 2588 bum,
325 2528 386 2581 et
441 2513 826 2582 maximum
874 2514 1096 2603 ignem
1139 2515 1204 2582 in
1242 2515 1339 2582 eis
1373 2513 1703 2582 accendi:
1756 2535 1833 2582 ex
1867 2524 2154 2599 utraque
2186 2525 2409 2580 autem
2454 2525 2636 2600 parte

118 2594 375 2669 lebetum
429 2601 655 2691 stylos
708 2602 897 2691 infigi
932 2656 946 2680 ,
1000 2602 1118 2689 qui
1168 2601 1306 2671 duo
1353 2603 1574 2692 capita
1627 2615 1691 2671 et
1737 2625 1813 2670 ea
1864 2601 2080 2670 divisa
2135 2600 2475 2670 habebant
2526 2623 2630 2668 su·

118 2707 315 2842 perne,
362 2713 487 2779 per
534 2713 713 2777 quae
762 2690 1070 2759 dimissis
1119 2691 1400 2771 catenis,
1457 2705 1520 2760 et
1572 2690 1828 2760 lumbis
1880 2695 2278 2758 Sanctorum
2330 2710 2639 2779 compre-

156 2779 338 2856 ensis‚
392 2801 516 2848 eos
571 2780 635 2846 in
692 2778 940 2847 lebetes
989 2780 1364 2858 demittere,
1418 2793 1481 2849 et
1533 2802 1776 2850 rursus
1826 2801 2099 2848 sursum
2160 2778 2443 2846 trahere.
2500 2782 2637 2847 Hoc

74 2884 251 2963 ·ergo
294 2866 628 2936 horribile
698 2868 1119 2957 supplicium
1188 2869 1611 2948 subeunteS,
1669 2867 2013 2936 canticum
2068 2868 2357 2936 canebat
2417 2888 2637 2936 unus-

128 2968 368 3050 quisque
403 2972 720 3034 sanctus,
766 2969 828 3024 et
863 2979 988 3025 suo
1021 2956 1282 3024 nomini
1317 2970 1381 3024 et
1420 2978 1676 3047 poenae
1710 2956 2144 3025 conveniens.
2193 2951 2355 3023 Ntstn
2399 2955 2634 3024 beatus

126 3041 352 3123 quidem
407 3045 786 3133 pegasius:
842 3047 1165 3127 Quoniam
1218 3047 1403 3136 apud
1449 3057 1511 3114 ce
1559 3055 1653 3114 esc
1699 3048 1846 3133 sons
1892 3048 2071 3112 vitae
2104 3099 2118 3118 .
2186 3044 2504 3122 dicebat,
2568 3046 2638 3112 in

70 3129 79 3210 ζ
121 3128 331 3201 tumme
380 3145 498 3202 cuo
540 3134 909 3202 videbimus
960 3137 1181 3202 lumen.
1213 3137 1349 3222 (Ps.
1405 3135 1540 3223 35).
1599 3133 1900 3224 Insignis
1949 3145 2172 3201 autem
2227 3131 2636 3218 Anempodi-

114 3227 271 3288 stus:
324 3223 530 3290 Pedes
572 3225 707 3291 mei
747 3233 1068 3291 steterunt
1120 3224 1538 3302 rectitudine,
1596 3233 1656 3292 ec
1691 3226 1966 3291 lucerna
1992 3222 2269 3312 pedibus
2318 3223 2482 3290 meis
2518 3224 2636 3289 lex·

114 3313 244 3388 lua,
293 3322 350 3378 el
402 3314 632 3380 lunten
681 3313 934 3379 semitis
981 3313 1143 3379 meis
1198 3311 1334 3400 (Ps.
1394 3312 1571 3400 418).
1631 3312 1909 3380 Divinus
1975 3331 2127 3378 vero
2188 3309 2630 3396 Acindynus:

114 3396 739 3486 Compreltenderunc
795 3423 909 3469 nos
964 3401 1220 3468 dolores
1266 3403 1537 3480 mortis,
1597 3402 1901 3468 Pericula
1952 3400 2205 3487 inferni
2249 3400 2636 3466 invenerunt

110 3505 252 3580 nos:
300 3489 414 3556 sed
464 3491 737 3557 etiamsi
775 3512 896 3578 per
945 3490 1164 3577 [quem
1205 3491 1639 3558 transivimus
1669 3543 1683 3568 ,
1739 3491 1876 3579 ipse
1927 3489 2197 3555 Domine
2244 3487 2478 3554 educes
2525 3509 2638 3555 nos

108 3592 165 3636 m
211 3578 637 3666 resriqerium
674 3579 811 3665 (l’s.
872 3583 949 3645 ⁴7
1001 3588 1060 3646 et
1103 3579 1239 3667 65).
1295 3577 1417 3660 Qui
1484 3591 1629 3646 erat
1676 3590 1901 3644 autem
1955 3577 2184 3643 anima
2238 3587 2638 3643 occaecatus

108 3660 488 3755 imperator,
545 3688 700 3734 cum
758 3665 924 3734 vidit
972 3671 1253 3735 Sanctos
1302 3690 1337 3735 a
1394 3666 1677 3755 plumbo
1748 3663 1914 3733 nihil
1982 3663 2160 3753 pati,
2218 3663 2502 3752 propius
2551 3662 2631 3731 ad

110 3745 244 3847 illos
289 3754 665 3822 accedens:
719 3755 907 3834 Novi,
944 3756 1188 3842 inquit,
1245 3770 1494 3824 vestras
1562 3754 1987 3843 praestigias,
2047 3765 2111 3821 et
2161 3774 2318 3821 cum
2364 3764 2640 3821 catenas

108 3858 236 3906 suis
283 3843 617 3931 tetigisset
670 3843 1012 3919 manibus,
1069 3843 1345 3913 demisit
1394 3847 1676 3912 Sanctos
1724 3844 1791 3911 in
1850 3842 2096 3911 lebetes
2134 3862 2352 3928 usque
2386 3840 2467 3907 ad
2503 3840 2637 3909 col·

108 3921 257 3993 lum.
313 3936 618 4011 Quorum
675 3932 1151 4002 submersione
1204 3932 1566 4022 plumbum
1619 3932 1914 4000 effusum
1960 3951 2164 4018 supra
2211 3930 2482 4009 lebeteS,
2525 3951 2639 3997 eos

76 4033 299 4114 ¹prope
341 4019 618 4106 reliquit
668 4043 939 4090 vacuos.
981 4021 1214 4090 Statim
1252 4043 1415 4111 ergo
1447 4020 1768 4088 dixerunt
1817 4019 2041 4087 Sancti
2081 4023 2437 4107 Tyranno:
2478 4041 2512 4083 «
2542 4023 2638 4088 Tu

106 4104 365 4199 quidem
401 4130 560 4176 cum
605 4121 715 4177 tua
755 4132 964 4178 manu
1018 4108 1220 4178 velles
1272 4110 1468 4179 nobis
1522 4123 1803 4178 mortem
1859 4107 2120 4182 afferre,
2155 4130 2188 4174 a
2223 4128 2431 4194 scopo
2462 4106 2638 4174 exci-

109 4189 275 4274 disti,
307 4200 435 4264 Deo
466 4219 590 4265 nos
619 4198 899 4266 omnino
932 4212 1399 4267 conservante:
1438 4197 1632 4266 labor
1652 4208 1878 4265 autem
1914 4208 2074 4264 tuus
2112 4196 2176 4262 in
2213 4209 2413 4282 caput
2443 4207 2637 4262 tuum

111 4298 549 4361 convertetur,
581 4299 645 4354 et
692 4285 970 4376 colliges
1006 4285 1271 4355 fructus
1320 4285 1568 4370 dignos
1622 4284 1758 4356 tuis
1804 4281 2218 4371 operibus.»
2257 4286 2378 4350 His
2412 4293 2641 4348 autem

114 4363 259 4439 llaec
306 4372 725 4455 dicentibus,
764 4376 1156 4444 ceciderunt
1198 4374 1476 4461 quidem
1522 4385 1585 4441 et
1625 4370 1998 4440 dissolutae
2035 4384 2193 4438 sunt
2242 4383 2549 4438 catenae.
