2993 4837
540 316 664 378 692
1168 332 1245 375 na
1293 331 1347 376 s.
1403 329 1644 375 uaxmo
1697 329 2027 375 anaumxst
2079 330 2270 377 muse.
2631 309 2770 373 NOY.
2805 310 2856 370 Ξῖ

451 439 572 485 nec
622 439 691 485 se
739 417 825 484 ab
859 415 1010 501 ejus
1043 430 1413 501 conspectu
1441 413 1849 493 subducere,
1903 414 2022 500 qui
2059 417 2264 483 totius
2343 412 2523 502 opuli
2556 412 2739 480 oculis
2760 433 2868 479 con·

448 505 620 594 spici
672 525 804 572 non
861 515 1138 591 poterat.
1193 503 1291 571 Ait
1340 516 1567 571 autem
1625 502 1725 571 vii·
1773 515 2052 571 sanctus
2099 503 2182 571 ad
2243 502 2288 572 il
2321 525 2428 572 os:
2483 506 2768 568 «Frustra
2799 520 2872 566 ve·

446 593 956 682 xatisjumenta
988 592 1269 661 rationis
1307 591 1631 679 expertia,
1677 592 1839 659 dum
1877 591 2143 660 inimici
2179 591 2645 681 impedimenta
2677 608 2874 657 cernere

448 704 581 750 non
636 681 936 771 potestis
984 685 1120 769 Ego
1152 701 1306 747 vero
1344 701 1630 768 parvum
1682 679 2071 770 Aethiopem
2113 680 2329 758 viden,
2367 680 2576 749 bobus
2605 699 2728 745 sese
2763 676 2878 763 obji-

445 771 760 839 cientem.
801 793 835 835 »
888 769 1053 838 Inde
1102 769 1294 837 ssexis
1353 768 1690 857 genibus,
1744 783 1892 837 orat
1957 791 2035 837 su
2097 769 2247 858 plex
2299 774 2546 846 Deum,
2606 780 2671 834 ut
2727 764 2878 833 hostis
2925 781 2926 846 j

446 859 736 928 insidias
798 871 1074 926 avertat.
1130 858 1290 944 Ejus
1343 878 1575 946 preces
1627 857 1972 946 malignus
2023 857 2138 925 ile
2194 857 2367 926 serre
2417 879 2545 925 non
2596 856 2880 928 sustinens,
2925 879 2926 948 1

444 969 659 1035 ocyus
708 969 841 1015 non
894 945 1042 1015 sine
1092 946 1433 1014 teterrimo
1474 946 1723 1014 foetore
1775 946 2046 1014 recedit,
2102 952 2248 1015 Mox
2296 947 2539 1015 amotis
2584 943 2884 1028 bobus,qui

446 1036 599 1104 aliis
649 1035 958 1124 adjuncti
1007 1047 1245 1112 erant,
1321 1033 1682 1103 columnae
1752 1035 1896 1103 sine
1967 1035 2370 1104 difficultate
2415 1034 2554 1104 ulla
2596 1033 2670 1101 ad
2730 1032 2885 1099 locum

444 1124 859 1194 destinatum
913 1124 1424 1213 pertrahuntur.

532 1218 568 1301 ξ
615 1220 709 1285 θ.
761 1218 985 1299 Neque
1039 1211 1207 1281 illud
1258 1212 1343 1280 ob
1391 1210 1902 1280 confirmandos
1945 1212 2434 1300 Rhegiensium
2480 1212 2726 1280 animos
2758 1207 2886 1275 omit·

447 1302 726 1371 tendum
776 1301 1189 1390 putavimus,
1246 1300 1426 1386 quod
1468 1322 1629 1369 cum
1680 1301 2116 1370 beatissimus
2169 1303 2452 1370 antistes
2506 1298 2586 1367 ad
2621 1296 2884 1366 basilicam

445 1392 532 1460 ab
581 1391 729 1480 ipso
777 1404 1236 1460 constructam
1290 1410 1520 1457 sacras
1587 1389 1910 1474 reliquias
1969 1412 2240 1458 summo
2287 1413 2448 1459 cum
2501 1389 2734 1457 honore
2773 1382 2888 1473 psal·

446 1479 646 1548 lendo
694 1478 1084 1557 adduceret.
1125 1478 1247 1546 ubi
1295 1477 1376 1544 ad
1435 1477 1623 1547 urbis
1663 1491 1922 1564 portam
1969 1491 2240 1546 ventum
2291 1492 2427 1558 est,
2484 1478 2568 1546 ab
2615 1474 2884 1563 improvisa:

446 1589 681 1637 versus
732 1568 844 1636 ille
878 1567 1119 1636 ordine
1157 1566 1495 1635 occurrit:
1551 1589 1586 1631 «
1620 1572 1796 1634 Haec
1834 1579 2026 1655 porta
2065 1568 2364 1642 Domini,
2410 1569 2579 1655 ‚justi
2631 1562 2888 1632 intrabunt

448 1658 512 1724 in
564 1678 810 1725 eam.»
866 1656 1052 1724 Unde
1105 1654 1558 1744 proculdubio
1606 1654 1835 1744 colligi
1883 1669 2119 1744 potest,
2174 1656 2324 1743 ejus
2379 1656 2688 1742 precibus
2727 1651 2888 1720 urben]

447 1745 634 1813 illam
688 1745 855 1813 adeo
905 1766 1051 1812 esse
1108 1744 1469 1822 munitam,
1503 1755 1613 1816 ,ut
1662 1746 1838 1812 sicut
1900 1744 2266 1822 hactenus,
2341 1744 2604 1812 Christo
2666 1737 2888 1831 propitio.

448 1832 677 1901 nullos
710 1834 1005 1902 hostium
1067 1833 1387 1900 incursus
1438 1831 1642 1921 longo
1691 1846 2075 1921 temporum
2137 1832 2499 1902 intervallo
2549 1830 2806 1921 pertulit,
2844 1827 2888 1890 ia

447 1922 771 2012 deinceps
810 1943 1081 2009 quoque
1133 1926 1262 1989 Deo
1297 1921 1558 1989 favente
1611 1920 1893 1990 minime
1929 1943 2335 2010 perpessura
2383 1924 2498 1991 sit.
2555 1920 2750 1989 Facile
2777 1914 2891 1984 enim

446 2012 738 2080 eximius
782 2011 892 2078 ille
945 2022 1194 2098 pastor,
1247 2031 1451 2096 quem
1505 2010 1724 2078 vivere
1760 2022 2095 2078 testantur
2140 2010 2315 2079 facta
2349 2012 2527 2095 esus,
2576 2022 2714 2099 post
2744 2007 2892 2073 deces-

447 2122 600 2170 sum
638 2121 839 2170 suum
878 2099 1059 2188 apud
1118 2104 1323 2167 Deum
1376 2097 1680 2166 obtinere
1734 2099 1972 2186 potuit,
2020 2111 2094 2167 ut
2144 2102 2309 2168 urbs
2363 2100 2508 2178 ila,
2549 2100 2614 2166 in
2660 2117 2774 2183 qua
2804 2094 2889 2181 ipse

445 2189 682 2259 fuisset
731 2189 1035 2266 antisteS,
1081 2185 1450 2276 praeclaris
1487 2187 1746 2255 meritis
1794 2188 1941 2255 suis
1980 2189 2326 2275 perpetuis
2376 2188 2777 2278 temporibus
2804 2202 2893 2274 nia·

448 2277 590 2346 nita
640 2278 725 2347 sit
773 2277 1017 2344 virtute
1048 2275 1353 2362 corporis
1388 2276 1494 2345 sui
1547 2276 1611 2342 in
1668 2277 1920 2365 templo
1969 2278 2465 2356 sacratissimo,
2528 2275 2700 2364 quod
2740 2268 2890 2341 condt·

446 2365 565 2447 dit,
606 2379 1007 2435 coruscante
1059 2364 1294 2434 multis
1330 2364 1704 2445 beneficiis,
1744 2386 1920 2451 quae
1959 2364 2101 2434 illic
2151 2365 2484 2435 omnibus
2537 2373 2892 2456 praestantur.

534 2458 569 2542 ξ
615 2459 691 2526 2.
747 2461 909 2525 Cum
967 2453 1339 2541 aliquando
1396 2454 1463 2521 in
1529 2454 1766 2522 eadem
1828 2454 2112 2523 basilica
2168 2456 2268 2521 vir
2318 2470 2603 2525 sanctus
2665 2455 2890 2540 instantia

448 2543 770 2633 pastorali
824 2543 1093 2633 vigilias
1141 2543 1537 2621 celebraret,
1578 2544 1830 2611 Ansani
1871 2544 2143 2611 Diaconi
2187 2543 2602 2634 Rhegiensis
2649 2530 2893 2629 neposld

442 2644 565 2707 est,
606 2631 833 2701 fratris
866 2635 1014 2721 ejus
1066 2630 1273 2709 silius,
1328 2653 1530 2717 quem
1596 2632 1956 2720 parvulum
2014 2645 2326 2720 parentes
2383 2655 2420 2700 e
2486 2635 2616 2702 vita
2661 2631 2893 2699 abeuntes

446 2721 882 2807 reliquerant,
936 2735 998 2789 et
1062 2722 1203 2809 ipse
1263 2719 1710 2789 nutriendum
1755 2735 2170 2809 susceperat,
2227 2722 2592 2809 magisque
2650 2735 2817 2806 quarn
2862 2730 2890 2805 :³¹

444 2832 613 2878 suus
652 2823 828 2880 esset
878 2809 1084 2889 filius,
1138 2808 1488 2897 diligebat,
1535 2830 1693 2877 cuin
1747 2811 1815 2876 in
1856 2831 2052 2877 muro
2081 2810 2274 2878 urbis
2325 2810 2522 2880 illius
2569 2830 2712 2879 curn
2745 2818 2890 2892 puert}

443 2896 727 2973 luderet,
780 2920 815 2966 e
868 2919 1063 2966 muro
1114 2897 1498 2986 prolapsuS,
1541 2899 1924 2966 cervicibus
1961 2898 2215 2977 fractiS,
2257 2899 2650 2999 exspiravit.
2689 2895 2886 2984 Ejusrex

444 2987 697 3054 nuncio
749 2985 939 3055 valde
963 2998 1435 3054 consternatus
1486 2992 1821 3063 ansanus,
1863 2988 2163 3055 accurrit
2199 2987 2537 3067 celeriter,
2575 2994 2886 3074 raptumqffi

443 3075 634 3164 pueri
690 3076 978 3144 cadaver
1009 3076 1276 3163 operuit
1331 3074 1772 3154 vestimentis,
1806 3089 1870 3142 et
1916 3075 2000 3143 ad
2053 3076 2327 3145 beatum
2379 3078 2741 3145 antistitem
2781 3067 2886 3136 etati

437 3162 837 3254 deportavit,
884 3164 1153 3233 interim
1188 3184 1418 3232 secum
1459 3177 1777 3239 tractans,
1831 3164 2421 3249 quemadmodum
2462 3165 2655 3234 illum
2707 3155 2890 3251 public?

437 3253 520 3321 ad
559 3253 762 3343 pedes
796 3255 945 3409 edus
977 3253 1365 3341 deponeret,
1411 3264 1473 3319 et
1525 3265 1598 3319 ut
1633 3253 1838 3320 vitam
1886 3253 1947 3320 ei
2010 3254 2410 3332 restitueret,
2455 3251 2730 3343 supplex
2770 3246 2891 3313 ohse-

438 3357 679 3410 craret.
728 3347 806 3410 Se
886 3342 1049 3428 quia
1101 3354 1371 3409 noverat
1431 3341 1990 3429 probatissimum
2046 3342 2288 3411 Christi
2359 3342 2644 3411 militem
2692 3332 2891 3423 omnim

439 3430 672 3521 fugere
696 3432 1123 3520 jactantiam,
1170 3430 1408 3498 maluit
1455 3451 1612 3497 eum
1672 3429 1966 3518 perferre
2014 3431 2095 3498 ad
2136 3430 2541 3500 cubiculum
2584 3430 2739 3519 ejuS,
2777 3435 2823 3489 et
2855 3436 2891 3511 {³5

440 3518 687 3588 lectulo
734 3521 881 3608 eJus
939 3519 1307 3607 repositum
1358 3518 1802 3607 operimentis
1852 3518 2040 3587 illius
2106 3531 2371 3607 tegere,
2443 3539 2711 3610 prorsus
2752 3510 2892 3580 conti·

438 3607 630 3687 dens,
666 3608 845 3695 quod
899 3608 1190 3676 excitare
1230 3628 1386 3675 eum
1427 3620 1649 3695 posset
1688 3607 2006 3691 precibus
2041 3609 2186 3677 suis
2225 3607 2536 3678 medicus
2569 3596 2883 3694 spiritualisv

438 3698 553 3783 qui
618 3720 695 3786 pe
723 3698 841 3783 qui
881 3697 1104 3787 aegris
1145 3696 1609 3765 consuevisset
1639 3695 1878 3764 afferre
1918 3695 2235 3765 salutem.
2274 3697 2442 3765 Inde
2481 3718 2626 3767 vero
2667 3711 2774 3760 non
2799 3702 2888 3751 Sint

441 3806 559 3855 mu
594 3798 655 3855 to
693 3785 973 3872 quidem
1024 3784 1240 3854 animi
1293 3805 1618 3861 moerore,
1665 3785 1780 3852 sed
1826 3796 2050 3852 tamen
2097 3785 2356 3854 fiducia
2400 3786 2657 3874 plenuS,
2693 3777 2887 3871 Episffss·

441 3896 605 3963 pum
659 3875 828 3943 adiit
876 3874 943 3942 in
1010 3873 1262 3962 templo
1300 3873 1721 3962 vigilantem,
1767 3887 1830 3942 et
1863 3885 2157 3943 stantem
2193 3874 2260 3941 in
2316 3875 2463 3944 loco
2511 3895 2648 3943 suo.
2685 3873 2756 3937 Eo
2782 3878 2886 3927 *150-

438 3961 1018 4033 clementissimus
1064 3961 1360 4050 praesul,
1402 3974 1477 4030 ut
1516 3983 1617 4041 ea,
1671 3984 1847 4048 quae
1880 3977 2069 4051 gesta
2123 3962 2420 4044 fuerant,
2476 3959 2890 4051 explicaretsl·

443 4051 729 4120 lentium
770 4051 1223 4141 psallentibus
1261 4051 1546 4131 indixit3
1585 4050 2044 4140 precibusque
2071 4050 2271 4120 solita
2306 4051 2645 4121 devotione
2673 4035 2886 4134 compl&

442 4141 550 4215 tis,
607 4140 984 4211 Diaconum
1027 4139 1229 4209 illurn
1288 4146 1638 4208 Ansanum
1695 4153 1970 4229 propter
2030 4161 2132 4219 ea,
2197 4162 2375 4227 quae
2423 4139 2669 4213 fecerat,
2719 4136 2886 4199 acriter

440 4227 857 4316 objurgavit.
914 4228 1036 4297 Sed
1092 4228 1207 4298 ille
1263 4249 1393 4297 non
1447 4228 1671 4297 solum
1729 4228 2102 4298 terroribus
2162 4228 2350 4319 abigi
2403 4250 2536 4299 non
2572 4221 2770 4316 potuit.
2809 4204 2881 4279 Sed

444 4315 663 4411 tnagis
695 4316 901 4384 etiam
939 4317 1178 4386 animo
1228 4330 1712 4405 compunctuS,
1768 4316 1854 4386 ad
1894 4317 2099 4407 pedes
2138 4317 2291 4405 ejus
2342 4339 2414 4388 se
2466 4297 2882 4407 stravitssxdfl·

447 4414 785 4487 mavitque
845 4426 916 4472 se
981 4404 1139 4473 illos
1190 4405 1478 4474 minime
1531 4405 1964 4487 laxaturum,
2022 4405 2158 4475 nisi
2222 4419 2560 4476 mortuum
2605 4400 2876 4471 excitarety
