2993 4837
506 239 631 302 'mu
1133 254 1212 299 nn
1260 254 1315 299 s.
1369 252 1694 299 srssrnAtx’o
1740 252 2008 299 sumone
2058 252 2248 298 Manr-
2633 233 2781 298 Not.
2821 236 2891 298 ΞΩ

417 340 782 425 reliquias:
828 360 1002 423 quas
1043 338 1289 426 partim
1331 337 1501 427 igni,
1551 338 1799 427 partim
1838 336 2035 418 mari,
2080 335 2326 426 partim
2370 335 2654 423 denique
2694 339 2896 425 praeci-

419 429 607 519 pitiis
646 427 1097 496 tradiderunt.
1699 494 1705 502 ,

504 519 540 603 ξ
589 519 725 588 18.
783 521 857 584 In
912 516 1041 584 hoc
1090 515 1306 604 igitur
1355 536 1640 603 prorsus
1698 514 2090 583 venerando
2141 513 2396 603 templo
2464 513 2903 583 consceleratus

418 620 779 694 tyrannuS,
820 626 958 674 una
1007 625 1165 671 cum
1217 604 1432 693 impio
1473 626 1553 672 ac
1603 604 1937 704 sacrilego
1988 602 2106 672 illo
2141 603 2371 692 gregis
2408 603 2821 680 mercenario,
2847 626 2902 670 at·

418 715 552 762 non
606 693 839 762 minus
885 692 1290 762 execrandis
1343 692 1713 783 episcopiS,
1765 715 1884 779 qul
1938 713 2098 761 cum
2150 693 2300 780 ipso
2349 705 2566 768 erant,
2627 691 2892 760 insidens,

418 783 813 883 improbum
865 803 1266 850 consessum
1318 803 1572 871 cogens
1621 782 1890 868 (ecquis
1925 781 2108 850 enim
2148 781 2531 849 Concilium
2569 780 2695 849 boc
2729 781 2898 870 appel-

418 871 707 959 lartt?),
764 884 1064 950 statuaS,
1119 883 1181 939 et
1231 870 1412 940 idola
1478 892 1711 939 sacras
1759 871 2105 960 Imagines
2156 883 2371 938 vocat.
2431 876 2518 937 Ac
2567 869 2802 938 deinde
2834 868 2904 936 illi

418 960 849 1054 iniquitatem
904 981 1100 1029 suam
1166 958 1550 1045 iniquitate,
1593 981 1672 1027 ac
1723 959 2011 1038 malum,
2057 970 2131 1027 ut
2179 957 2318 1026 dici
2370 957 2560 1036 solet,
2618 958 2795 1028 malo
2827 981 2913 1025 cu·

422 1049 786 1127 mulantes,
827 1047 1281 1118 orthodoxum
1313 1047 1509 1116 illum
1542 1053 1963 1117 Germanum
1998 1047 2421 1116 anathemati
2461 1069 2580 1135 per
2610 1069 2908 1115 summum

419 1137 720 1207 furorem
758 1137 1159 1228 subjiciunt,
1200 1159 1278 1205 ea
1315 1135 1573 1206 scilicet
1622 1135 1970 1216 facienteS,
2026 1157 2199 1222 quae
2249 1135 2382 1224 ipsi
2436 1138 2576 1224 pati
2609 1137 2908 1205 merebant

420 1239 554 1307 tur,
596 1226 934 1295 idolorum
990 1248 1147 1294 eum
1207 1248 1284 1293 ac
1336 1224 1686 1315 lignorum
1742 1225 2073 1294 cultorem
2126 1223 2580 1313 appellante5‚
2622 1247 2780 1294 cum
2823 1225 2906 1312 ipsi

420 1338 572 1385 vere
619 1315 1037 1383 daemonum
1080 1313 1376 1383 cultores
1428 1327 1493 1382 et
1539 1314 1744 1382 amici
1794 1328 2045 1384 essent.
2084 1313 2352 1382 Adhaec
2398 1334 2602 1402 porro
2649 1313 2906 1383 audacis-

420 1405 635 1472 simae
685 1403 841 1471 illae
890 1404 1169 1492 linguae
1216 1424 1294 1471 eo
1345 1415 1832 1490 proruperunt,
1878 1417 1954 1472 ut
2010 1402 2255 1492 ingens
2322 1423 2602 1489 quoque
2665 1404 2834 1471 istud
2868 1421 2904 1466 a

419 1491 815 1582 improbum
866 1492 1095 1578 eloqui
1146 1514 1281 1560 non
1332 1491 1736 1570 dubitarint,
1777 1492 2109 1559 nimirum
2163 1490 2354 1559 illam
2401 1491 2624 1580 ipsam
2680 1493 2788 1559 Dei
2827 1495 2906 1559 Ge

420 1582 732 1649 nitricem
788 1580 1121 1669 virginem
1175 1580 1488 1648 inutilem
1541 1579 1915 1666 quamdam
1958 1593 2107 1669 post
2157 1593 2470 1658 mortem,
2510 1602 2589 1648 ac
2622 1579 2910 1648 comme-§.i

420 1670 649 1738 omnis
695 1683 1033 1758 expertem
1088 1691 1228 1738 rem
1292 1691 1439 1738 esse
1475 1723 1489 1747 ,
1551 1691 1673 1737 nec
1721 1668 2049 1755 cuiquam
2098 1669 2383 1736 omnino
2432 1668 2826 1756 adjumento
2862 1690 2908 1735 a?

421 1757 765 1846 praesidio
814 1780 962 1828 esse
1024 1779 1244 1847 posse.
1305 1761 1391 1826 Ac
1439 1757 1780 1844 denique,
1841 1756 2025 1843 quod
2080 1770 2503 1846 postremum
2567 1757 2825 1827 illorum
2875 1773 2914 1822 et

421 1847 905 1938 gravissimum
961 1846 1219 1915 malum
1264 1859 1385 1926 est,
1427 1845 1734 1915 scelerati
1771 1860 1950 1915 certe
1999 1868 2076 1914 ac
2129 1847 2362 1915 vineae
2411 1847 2660 1915 Christi
2699 1847 2914 1914 exitiost

421 1936 848 2016 sacerdotes,
907 1936 1080 2004 inter
1147 1949 1460 2004 sanctum
1513 1949 1576 2004 et
1627 1934 1992 2024 profanum
2069 1936 2355 2004 minime
2411 1935 2911 2025 distinguentes,

425 2038 863 2114 posteaquam
893 2047 928 2092 e
958 2024 1295 2113 pestilenti
1334 2023 1450 2093 illo
1484 2045 1815 2094 consessu
1841 2038 2502 2112 exsurrexerunt„po
2557 2024 2745 2092 ulum
2770 2044 2910 2092 eum.

422 2114 541 2200 qui
593 2128 743 2203 post
790 2135 906 2181 eos
950 2136 985 2181 a
1032 2127 1210 2183 recta
1260 2112 1572 2182 doctrina
1621 2113 1994 2190 aberrarat,
2041 2135 2288 2182 manus
2341 2113 2408 2180 in
2462 2127 2676 2182 atum
2728 2111 2914 2180 tollen·

414 2204 757 2290 jubenteS,
823 2202 1073 2271 laetum
1134 2201 1494 2291 strepitum
1551 2203 1972 2280 excitarunt,
2033 2216 2236 2287 atque
2308 2201 2729 2270 horrendum
2781 2199 2914 2268 ittuc'

424 2304 626 2377 atque
656 2313 927 2359 omnem
965 2291 1260 2361 furorem
1295 2290 1629 2360 excedens
1662 2289 2116 2379 protulerunt:
2145 2313 2180 2354 «
2212 2289 2426 2358 Hodie
2460 2290 2651 2360 salus
2679 2289 2916 2357 mundo:

422 2380 982 2467 quandoquidem
1040 2381 1245 2471 opera
1298 2384 1436 2460 tua,
1491 2401 1530 2448 o
1581 2384 1984 2468 Imperator,
2041 2378 2243 2448 idolis
2301 2378 2575 2449 liberati
2624 2398 2852 2447 sumus.
2891 2401 2916 2429 ν

424 2474 474 2539 Ο
520 2469 839 2558 profanas
885 2470 1179 2560 linguas,
1218 2492 1393 2555 quae
1442 2468 1772 2537 nefariam
1828 2467 2016 2536 illam
2055 2490 2282 2537 vocem
2318 2469 2730 2538 emiseruntl

512 2563 547 2646 ξ
596 2564 743 2629 ss).
802 2563 979 2626 Haec
1036 2581 1193 2627 cum
1248 2560 1338 2626 ita
1393 2574 1458 2626 et
1512 2558 1694 2626 dicta
1755 2569 1818 2625 et
1915 2569 2251 2645 erpetrata
2299 2571 2554 2637 essent,
2599 2580 2675 2625 ac
2723 2575 2919 2645 prope·

427 2647 708 2716 modum
760 2660 824 2715 et
871 2670 945 2714 os
994 2669 1198 2714 omne
1260 2647 1555 2733 impium
1615 2646 1795 2714 istud
1897 2667 2099 2735 ogma
2150 2645 2537 2735 professum
2593 2646 2832 2723 suisset,
2874 2660 2914 2707 et

431 2758 675 2804 manus
723 2736 952 2803 omnis
1001 2735 1489 2823 professionem
1545 2735 1798 2823 scripto
1861 2733 2355 2814 confirmasset,
2412 2740 2782 2825 Imperator
2825 2734 2914 2798 hu·

415 2825 615 2911 jusce
678 2824 1000 2911 Stephani
1055 2824 1369 2893 virtutem
1424 2823 1761 2903 audiens,
1818 2845 2193 2909 secumque
2246 2824 2428 2892 istud
2513 2821 2908 2913 perpendens.

425 2912 607 2998 quod
665 2913 720 2981 si
762 2912 945 2981 hunc
981 2936 1253 2999 quoque
1303 2914 1562 2981 retibus
1613 2913 1759 2981 suis
1804 2912 2206 2993 includeret,
2260 2913 2698 2998 favoremque
2745 2910 2910 2997 ipsius

426 3022 505 3068 ac
556 3000 979 3089 praesidium
1030 3002 1161 3071 sibi
1208 3001 1636 3089 adjungeret,
1692 3002 2070 3070 execrando
2116 3024 2243 3070 suo
2290 3001 2599 3089 dogmati
2640 3018 2908 3089 inagnum

426 3089 512 3157 ob
571 3091 913 3177 ingentem
969 3090 1236 3159 virtutis
1302 3090 1489 3158 illius
1553 3090 1928 3158 claritatem
2006 3103 2207 3176 atque
2271 3089 2705 3179 splendorem
2758 3088 2910 3157 robus

426 3179 847 3261 conciliaret,
893 3179 1243 3248 Callistum
1299 3177 1697 3265 quemdam,
1748 3179 2018 3267 patricii
2065 3179 2354 3259 ordiniS,
2405 3201 2683 3248 summa
2731 3194 2908 3244 secum

430 3268 888 3336 familiaritate
922 3268 1342 3345 devinctum,
1382 3279 1586 3353 atque
1620 3280 1683 3335 et
1731 3289 1926 3335 suam
1984 3268 2315 3337 haeresim
2371 3270 2685 3356 apprime
2715 3264 2910 3336 callen·

431 3371 586 3435 tem,
627 3370 690 3425 et
738 3357 985 3425 eximia
1034 3356 1310 3424 dicendi
1360 3354 1680 3424 facultate
1722 3355 2135 3445 praeditum,
2172 3355 2254 3425 ad
2307 3378 2380 3424 se
2421 3358 2732 3427 accersit.
2767 3373 2911 3423 eum—

428 3467 561 3531 que
610 3446 691 3514 ad
739 3460 1050 3514 sanctum
1091 3446 1314 3514 virum
1355 3444 1554 3534 legat,
1595 3444 1700 3512 his
1750 3443 1974 3512 verbis
2006 3459 2229 3513 utens:
2267 3468 2302 3510 «
2336 3444 2427 3513 Ad
2467 3445 2908 3514 Auxentianum

430 3548 729 3602 montem
782 3534 1139 3614 contende,
1180 3556 1256 3603 ac
1307 3534 1674 3622 Stephano,
1721 3533 1840 3619 qui
1894 3532 2035 3602 illic
2083 3533 2440 3613 delitescit,
2484 3547 2686 3620 atque
2718 3555 2789 3601 ex
2818 3535 2910 3598 Im·

432 3624 1036 3692 memorandorum
1070 3624 1289 3692 classe
1316 3645 1394 3691 ac
1426 3644 1712 3691 numero
1739 3634 1862 3700 est,
1887 3622 2246 3711 persuade,
2273 3635 2344 3692 ut
2373 3622 2654 3692 Concilii
2683 3622 2908 3691 decreta

428 3714 866 3792 assentiatur,
916 3724 981 3780 et
1027 3711 1440 3781 subscribat.
1505 3735 1538 3775 »
1592 3712 1838 3798 Sicque
1884 3733 2041 3778 eum
2093 3711 2488 3797 alloquere:
2530 3735 2567 3777 t(
2619 3712 2710 3780 Pii
2749 3732 2816 3778 ac
2843 3726 2910 3772 re·

427 3802 732 3870 ctissime
766 3802 849 3869 de
884 3800 1210 3890 religione
1252 3800 1620 3871 sentientes
1661 3806 2137 3889 ImperatoreS,
2184 3802 2670 3869 Constantinus
2705 3814 2766 3867 et
2805 3802 2904 3891 Leo.

434 3889 903 3959 benevolentia
951 3912 1112 3980 erga
1156 3904 1247 3961 te.
1303 3890 1467 3976 quia
1521 3889 1765 3957 virtute
1813 3912 1889 3956 ac
1939 3890 2112 3957 vitae
2179 3891 2539 3959 sanctitate
2585 3888 2902 3957 delectans.

434 3978 741 4066 impulsi,
808 3994 867 4048 te
915 3977 1271 4047 orthodoxi
1324 3977 1606 4046 Concilii
1657 3977 1927 4047 decreto
1977 3999 2164 4046 nunc
2209 3977 2393 4047 edito
2425 4001 2505 4046 ac
2547 3974 2904 4066 promulgato

433 4068 869 4136 subscribere
920 4068 1193 4155 jubent.
1249 4072 1346 4135 Tu
1418 4088 1572 4134 vero
1644 4079 1708 4135 et
1782 4067 2046 4135 caricas
2108 4067 2242 4156 ipsi
2307 4080 2370 4135 et
2447 4066 2703 4155 palmas
2761 4062 2898 4152 fere}-

435 4156 805 4245 amygdala
859 4157 1042 4236 item,
1099 4157 1373 4242 aliaque
1446 4154 1806 4234 nonnulla,
1858 4155 2114 4241 quibus
2163 4156 2267 4223 vir
2312 4155 2636 4224 colendae
2701 4153 2899 4241 pietatis

432 4246 660 4313 studio
715 4246 995 4314 devotus
1038 4245 1131 4313 ali
1179 4245 1559 4314 consuevit.
1606 4266 1642 4309 »
1696 4248 1898 4313 Norat
1963 4245 2144 4312 enim
2207 4256 2272 4312 et
2327 4244 2474 4333 ipse
2506 4299 2520 4325 ,
2572 4245 2794 4329 quanta
2831 4253 2899 4300 es·

435 4345 535 4397 set
582 4332 773 4402 illius
821 4334 1262 4413 continentia,
1307 4355 1477 4423 pene
1514 4346 1589 4401 ut
1635 4333 1837 4401 etiam
1891 4332 1974 4401 de
2023 4332 2151 4401 hoc
2202 4333 2472 4402 virtutis
2521 4350 2742 4422 genere
2780 4339 2891 4391 cum
