2993 4837
566 271 693 334 460
1237 288 1315 332 DE
1364 284 1419 332 S.
1474 285 1720 334 ameno
1769 287 1867 332 ΕΡ.
1922 285 2272 333 ‘runem-effi
2671 265 2810 331 Nov.
2863 280 2871 327 ε

476 384 669 440 tuum
722 383 937 451 erant,
990 391 1150 439 cum
1205 370 1370 439 haec
1402 370 1680 441 eminus
1729 369 2173 457 loquebaris?
2219 368 2861 453 Amen‘dicotibi,q·
2937 375 2938 418 ³

472 459 741 529 obtinui
789 458 974 549 apud
1014 464 1250 538 Deum,
1290 472 1361 528 ut
1401 472 1553 549 post
1588 481 1696 527 me
1728 459 1811 527 ad
1853 459 2292 529 Pontificatus
2341 459 2652 528 honorem
2683 479 2714 525 a
2758 466 2871 521 ms·
2936 464 2939 506 l

474 547 599 617 Sed
656 548 923 617 noveris
959 561 1018 617 te
1069 549 1135 616 in
1189 548 1600 637 Episcopatu
1649 550 1866 617 multa
1901 548 2183 616 adversa
2220 570 2610 637 passurum.
2639 569 2670 610 »
2705 546 2786 614 Bri
2829 562 2861 611 =.·
2936 554 2939 594 ἱ

473 637 639 705 haec
694 637 1029 705 audiens:
1086 659 1121 703 «
1155 641 1389 706 Nonne
1442 659 1705 714 verum,
1761 636 2006 723 inquit,
2063 636 2246 716 dixi,
2299 636 2507 706 istum
2548 635 2738 703 delira
2786 654 2853 695 ms
2930 642 2939 701 ‚l

472 725 893 814 prose1·re?»
945 724 1070 794 Sed
1120 740 1184 794 ct
1231 726 1637 814 Presbyterii
1692 726 1947 794 honore
1999 725 2373 814 praeditus,
2415 726 2681 813 saepius
2719 724 2806 791 ben
2857 754 2863 785 ;
2936 731 2938 774 1

473 814 690 883 virum
743 814 1074 883 conviciis
1109 813 1473 885 lacessivit.
1525 813 1825 904 Adeptus
1856 836 2042 904 ergo,
2087 815 2665 883 consentientibus
2705 811 2874 880 civib

468 903 913 973 Pontificatus
961 902 1263 973 officium
1294 956 1314 983 ‚
1370 903 1660 972 orationi
1713 916 1934 973 vacat:
1987 905 2149 989 quia
2198 924 2616 990 quamquam
2669 913 2808 969 esset
2936 909 2938 946 f

473 992 726 1081 perbus
761 1005 825 1060 et
861 1015 1100 1070 vanus,
1139 1005 1370 1061 castus
1404 1005 1629 1061 tamen
1668 992 2049 1061 habebatur
2076 1014 2382 1081 corpore.

557 1084 592 1167 ξ
645 1087 732 1151 2.
785 1082 1160 1170 Trigesimo
1198 1081 1387 1150 tertio
1419 1103 1575 1150 vero
1612 1081 2068 1150 ordinationis
2100 1082 2252 1171 ejus
2284 1101 2492 1158 auno,
2530 1080 2732 1148 oritur
2756 1098 2867 1145 con
2936 1093 2938 1130 l

468 1191 626 1238 eum
682 1170 1141 1240 lamentabilis
1187 1192 1398 1240 causa
1450 1192 1570 1258 pro
1611 1170 1926 1239 crimine.
1973 1174 2136 1238 Nam
2184 1169 2455 1249 mulier,
2510 1168 2592 1236 ad
2640 1187 2813 1252 quam
2937 1177 2938 1188 ¹

473 1258 791 1327 bicularii
839 1259 990 1348 ejus
1042 1258 1447 1328 vestimenta
1494 1257 1890 1328 deferebant
1936 1257 2283 1328 abluenda
2317 1313 2333 1339 ,
2387 1279 2564 1344 quae
2613 1258 2732 1324 sub
2766 1276 2790 1321 s

469 1347 825 1436 religionis
856 1360 1021 1428 erat,
1076 1360 1256 1416 veste
1307 1361 1590 1427 mutata,
1645 1348 1957 1437 concepit
2003 1360 2066 1416 et
2110 1347 2391 1436 peperit.
2448 1352 2596 1429 Qua
2625 1344 2702 1412 de
2732 1365 2788 1411 re
2832 1372 2874 1399 *³-

470 1437 638 1504 rexit
685 1437 912 1506 omnis
971 1434 1270 1525 populus
1317 1441 1745 1505 Turonorum
1799 1437 1866 1505 in
1913 1436 2054 1515 ira,
2109 1448 2175 1504 et
2234 1449 2448 1513 totum
2500 1435 2742 1503 crimen
2783 1444 2873 1499 sua·
2932 1452 2936 1465 ·

471 1525 883 1613 Episcopum
938 1524 1259 1604 referunt,
1319 1523 1617 1594 volentes
1649 1547 1805 1593 eum
1859 1524 2281 1594 unanimiter
2320 1524 2648 1613 lapidare.
2690 1521 2851 1589 nioev

468 1614 651 1681 enim
694 1615 803 1682 ei:
860 1637 895 1680 «
926 1614 1142 1703 pietas
1180 1613 1400 1683 sancti
1448 1627 1634 1682 tuam
1686 1613 1927 1683 celavit
1979 1613 2349 1682 luxuriam.
2404 1618 2547 1681 Non
2585 1616 2745 1680 Deus
2783 1631 2867 1676 sn>

472 1724 721 1771 manus
770 1715 921 1771 tuas
960 1702 1278 1792 indignas
1311 1702 1713 1783 osculandO,
1769 1723 1893 1771 nos
1946 1702 2184 1792 pollui.
2226 1725 2262 1769 »
2311 1701 2439 1770 Illo
2487 1720 2798 1788 quoquee
2828 1726 2860 1755 v·

471 1791 677 1859 trario
713 1790 999 1859 viriliter
1045 1791 1212 1859 haec
1265 1803 1592 1880 negante:
1641 1815 1676 1856 «
1718 1791 1972 1871 afferte,
2019 1791 2265 1877 inquit,
2321 1791 2648 1858 infantem
2687 1785 2758 1855 ad
2795 1806 2876 1851 me

471 1883 777 1966 Cumque
824 1879 1096 1950 oblatus
1141 1879 1381 1949 suisset
1432 1880 1682 1959 infans,
1739 1880 2017 1970 triginta
2065 1878 2213 1948 dies
2260 1881 2346 1949 ab
2393 1894 2553 1948 ortu
2594 1877 2831 1952 babens,
2937 1911 2938 1914 π

468 1968 551 2036 ad
596 1990 750 2035 eum
806 1969 1229 2058 Episcopus:
1285 1991 1319 2035 «
1353 1968 1603 2054 Adjuro
1653 1981 1714 2036 te
1766 1990 1884 2056 per
1928 1974 2167 2038 ,Iesum
2204 1967 2576 2045 Christum,
2617 1965 2824 2033 Filium
2859 1968 2889 2020 l>
2935 2024 2937 2031 .

470 2058 1003 2147 omnipotentiS,
1060 2070 1134 2126 ut
1181 2057 1236 2124 si
1279 2079 1403 2146 ego
1452 2057 1770 2146 generavi
1819 2071 1904 2136 te,
1957 2078 2186 2125 coram
2237 2057 2510 2126 cunctis
2559 2055 2839 2124 edicas.»
2879 2066 2893 2113 ·-,

469 2145 629 2214 ille:
685 2170 719 2212 «
764 2152 906 2217 Non
956 2168 1051 2226 es,
1108 2145 1368 2233 inquit,
1426 2158 1500 2214 tu
1545 2159 1732 2235 pater
1784 2168 1998 2214 meuS.
2033 2169 2067 2211 »
2120 2145 2397 2235 Populis
2445 2158 2671 2213 autem
2714 2159 2895 2229 rogan

468 2234 621 2315 bus,
691 2248 787 2316 ut,
852 2236 1010 2322 quis
1056 2247 1232 2304 esset
1291 2248 1501 2324 pater,
1561 2236 2046 2324 interrogaret,
2086 2235 2180 2303 ait
2219 2233 2592 2303 Sacerdos:
2646 2254 2679 2296 «
2713 2235 2822 2327 Non
2863 2255 2879 2281 ι

468 2323 595 2392 hoc
648 2346 901 2392 meum.
957 2322 1147 2406 Quod
1190 2322 1274 2391 ad
1330 2345 1438 2391 me
1471 2323 1820 2408 pertinuit,
1869 2323 2206 2392 sollicitus
2254 2322 2375 2392 sui.
2423 2323 2626 2392 Vobis
2658 2321 2707 2387 si
2738 2317 2862 2399 aliq

469 2413 795 2502 suppetit,
839 2434 958 2502 per
1005 2435 1120 2482 vos
1170 2412 1518 2500 requirite.
1559 2437 1593 2479 »
1629 2418 1817 2482 Tunc
1867 2411 1968 2480 illi
2022 2411 2307 2501 magicis
2341 2411 2607 2481 artibus
2642 2403 2887 2478 haecsac

468 2515 978 2582 asseveranteS,
1047 2502 1245 2571 insur
1296 2515 1419 2571 unt
1478 2515 1716 2571 contra
1780 2524 1937 2569 eum
2007 2501 2075 2569 in
2141 2523 2280 2571 una
2344 2498 2889 2588 conspiratione;

471 2591 815 2658 trahentes
861 2612 1046 2672 eum,
1100 2590 1250 2659 dice
1304 2604 1460 2658 ant:
1518 2614 1551 2656 «
1585 2613 1717 2659 non
1773 2590 2036 2659 diutius
2079 2590 2276 2660 nobis
2323 2589 2495 2659 falso
2593 2584 2807 2657 astoris
2842 2601 2882 2646 n

471 2679 653 2746 mine
700 2678 1190 2748 dominaberis,
1224 2703 1259 2746 >›
1310 2679 1431 2748 Ille
1470 2693 1698 2748 autem
1736 2680 1818 2747 ad
1859 2678 2419 2748 satisfaciendum
2456 2679 2544 2747 ad
2601 2699 2684 2746 ue
2722 2666 2901 2763 popul·

471 2782 730 2853 prunas
754 2767 1070 2838 ardentes
1100 2768 1167 2836 in
1212 2769 1474 2837 birr'um
1521 2790 1723 2839 suum
1772 2769 2021 2857 posuit.
2055 2773 2129 2837 Et
2160 2767 2245 2836 ad
2281 2790 2352 2836 se
2390 2769 2744 2856 stringens,
2776 2779 2901 2853 usan

467 2853 549 2922 ad
589 2854 984 2943 sepulcrum
1033 2856 1209 2925 beati
1262 2858 1533 2925 Martini
1582 2879 1722 2925 una
1770 2879 1928 2926 cum
1986 2856 2396 2945 populorum
2442 2854 2662 2925 turbis
2704 2845 2907 2922 accedit

470 2943 928 3032 projectisque
974 2958 1129 3014 ante
1163 2945 1558 3035 sepulcrum
1614 2947 1879 3035 prunis,
1935 2945 2411 3015 vestimentum
2458 2945 2749 3013 inustum
2780 2957 2903 3024 apr-2

469 3033 627 3112 ruit,
661 3032 779 3103 illo
814 3034 911 3103 sic
944 3047 1394 3123 prosequente
1423 3058 1437 3101 ε
1475 3034 1712 3104 «sicut
1745 3033 1925 3103 istud
1955 3034 2433 3103 vestimentum
2468 3034 2555 3102 ab
2594 3033 2696 3101 his
2724 3030 2895 3127 igni·-

469 3120 709 3190 videtis
758 3122 1098 3204 illaesum,
1154 3123 1245 3193 ita
1292 3135 1358 3194 et
1403 3146 1521 3193 cor
1575 3146 1655 3193 us
1708 3145 1934 3194 meum
1978 3145 2016 3192 a
2048 3134 2234 3192 tactu
2270 3122 2582 3195 mulieris
2610 3131 2705 3189 est
2747 3135 2898 3206 ima·u

466 3209 714 3280 lutum.
758 3211 975 3281 »Illis
1011 3234 1164 3281 vero
1215 3234 1346 3281 non
1399 3234 1511 3281 cre
1564 3212 1880 3291 entibus,
1946 3210 2061 3280 sed
2102 3210 2741 3303 contradicentibus,
2777 3197 2880 3269 trah

466 3313 601 3379 tur,
656 3299 1145 3381 calumniatur,
1198 3301 1492 3390 ejicitur,
1548 3314 1623 3369 ut
1670 3323 1894 3370 sermo
1929 3301 2144 3372 sancti
2178 3299 2694 3389 adimpleretur:
2725 3294 2849 3362 Mn*
2892 3329 2895 3332 ·

466 3391 626 3488 lein
670 3392 1077 3480 Episcopatu
1120 3393 1341 3459 multa
1371 3391 1657 3459 adversa
1702 3413 2084 3481 passurum.
2139 3393 2279 3459 Hoc
2318 3404 2548 3459 autem
2594 3387 2797 3476 ejecto,
2833 3374 2897 3442 5¹¹

463 3478 843 3548 stinianum
877 3478 944 3547 in
997 3479 1410 3568 Episcopum
1460 3478 1913 3549 constituunt.

553 3568 588 3652 ξ
634 3571 727 3637 3.
786 3568 1087 3654 Denique
1135 3568 1427 3637 Brictius
1474 3572 1823 3637 Romanae
1871 3568 2064 3638 urbis
2097 3573 2349 3657 Papam
2390 3566 2425 3601 ⁴⁸
2454 3562 2735 3661 expetiit,
2777 3555 2906 3624 flens,

462 3654 755 3743 ejulanS,
809 3669 1013 3743 atque
1060 3656 1342 3726 dicens:
1397 3679 1434 3722 «
1469 3656 1710 3726 merito
1759 3657 1927 3725 haer.
1959 3658 2200 3745 patior,
2238 3657 2402 3743 quia
2435 3673 2691 3745 peccavi
2721 3646 2909 3743 ιη-δᾱῦ

460 3755 647 3812 ctum
704 3745 843 3825 Dei,
893 3759 960 3814 et
1003 3767 1162 3814 eum
1213 3744 1508 3815 delirum
1560 3758 1625 3814 et
1671 3759 2014 3814 amentem
2065 3767 2266 3835 saepe
2315 3745 2568 3822 vocavi,
2605 3739 2705 3833 cui
2741 3730 2857 3836 yid}
2908 3755 2913 3762 ·

462 3832 747 3903 virtutes
797 3855 930 3902 non
980 3833 1269 3904 credidi.
1302 3857 1338 3901 »
1378 3838 1534 3903 Post
1563 3833 1775 3922 cujus
1822 3834 2232 3914 discessum,
2285 3833 2484 3921 ajunt
2529 3837 2808 3919 Turonnci
2833 3841 2911 3912 j

463 3922 720 3990 cerdoti
761 3944 917 3992 suo:
975 3946 1011 3989 «
1047 3923 1214 3993 vade
1256 3935 1408 4014 post
1451 3945 1638 4004 eum,
1674 3936 1741 3992 et
1771 3945 2007 3993 exerce
2054 3923 2406 4013 negotium
2451 3935 2673 3991 tuum:
2716 3926 2838 3999 quia
2889 3899 2913 3956 '¹

460 4031 618 4079 eum
673 4032 805 4080 non
868 4024 1270 4100 persecutus
1334 4011 1596 4093 fueris,
1658 4012 1744 4081 ad
1807 4025 2116 4083 nostrum
2176 4011 2488 4081 omnium
2536 4004 2904 4086 contemptum

463 4098 1036 4171 humiliaberis.»
1084 4102 1523 4171 Justinianus
1570 4122 1728 4171 vero
1773 4122 2095 4191 egressus
2142 4099 2455 4180 TuroniS,
2508 4090 2795 4184 Vercellas
2817 4085 2906 4148 lta·

463 4185 592 4254 liae
640 4188 978 4258 civitatem
1031 4190 1408 4279 ingressuS,
1452 4189 1721 4279 judicio
1772 4190 1882 4259 Dei
1931 4211 2328 4290 percussuS,
2366 4187 2534 4256 obiit
2573 4186 2896 4284 peregi-inu}-

464 4275 781 4342 Turonici
842 4279 992 4366 ejus
1038 4279 1301 4348 obit-um
1353 4278 1714 4348 audientes
1745 4335 1759 4359 ,
1812 4293 1876 4348 et
1926 4301 1994 4347 ln
2048 4300 2172 4349 sua
2224 4277 2484 4347 malitia
2532 4269 2898 4365 perdurantes.

518 4397 543 4422 *
573 4396 662 4444 Qui
683 4402 796 4439 tunc
816 4404 917 4441 erat.
937 4403 1095 4444 Sixtus
1114 4405 1200 4444 111.
