2993 4837
522 294 608 357 26
1840 304 1844 310 ’
2695 287 2862 352 Nov.
2912 292 2930 352 l

977 497 1247 597 VITA
1313 494 1744 595 SANCTI
1815 491 2428 594 MARCELLI

1298 715 1804 783 PARISIENSIS
1854 713 2106 780 EPISC.

1132 930 1416 979 Aucroan
1464 926 1836 978 FORTUNATO
1869 906 1904 941 ’⁴²
1951 926 2270 975 cmscoro.

669 1110 856 1168 Obiit.
895 1110 1176 1180 probab.
1221 1110 1456 1166 seculo
1498 1109 1558 1163 V
1605 1109 1884 1165 ineunte
1925 1136 1998 1146 —
2038 1101 2270 1163 Patria
2310 1102 2742 1161 Pal-islensis.

1259 1356 1711 1423 PRAEFATIO
1758 1354 2159 1421 AUCTORIS

987 1501 1069 1546 An
1117 1501 1175 1547 s.
1228 1472 1586 1546 stannum
1623 1477 1693 1511 ¹⁴¹*
1738 1497 1936 1546 nrisc.
1994 1496 2433 1544 plimsmnsnn.

528 1638 813 1710 Domino
862 1649 1122 1718 sanct0,
1173 1650 1239 1706 et
1279 1637 1541 1706 meritis
1562 1635 2031 1706 obtinentibus
2061 1634 2445 1725 Apostolico
2472 1634 2649 1719 viro,
2691 1634 2758 1701 in
2797 1629 2950 1700 Chri·

440 1729 525 1799 sti
564 1728 893 1798 charitate
927 1726 1236 1806 fundam,
1294 1747 1442 1795 meo
1491 1725 1744 1794 lumini
1793 1724 2299 1814 praeponendo,
2343 1723 2633 1792 domino
2678 1734 2744 1791 et
2797 1715 2948 1788 dulei

438 1818 616 1907 patri
665 1821 1001 1887 Germano
1037 1837 1250 1906 papae
1300 1820 1733 1884 Fortunatus.
1780 1813 2302 1883 Facundissima
2352 1811 2734 1881 illustrium
2770 1819 2952 1879 orato-

436 1929 594 1977 rum
626 1905 927 1997 ingenia,
993 1925 1387 1974 sermonum
1440 1903 1608 1972 flore
1658 1904 1962 1972 variante
2012 1902 2359 1983 distincta,
2416 1912 2482 1970 et
2528 1899 2786 1988 eloquii
2843 1915 2952 1964 ver·

435 1995 764 2065 nantibus
818 1993 1164 2084 pampinis
1212 1992 1646 2073 obumbrata,
1703 1992 1920 2061 solent
1966 1991 2099 2060 sibi
2136 1989 2302 2061 viles
2350 2011 2600 2060 causas
2644 1986 2946 2059 sterilem-

435 2104 572 2172 que
616 2084 968 2153 materiam
1020 2104 1370 2170 quaerere,
1411 2093 1486 2150 ut
1518 2103 1767 2169 magna
1799 2080 2091 2149 dicendo
2124 2079 2209 2148 de
2245 2077 2577 2159 minimis,
2629 2077 2948 2146 videantur

439 2172 796 2243 ostendere
844 2172 953 2241 sui
984 2171 1298 2240 fluminis
1331 2171 1755 2239 ubertatem:
1809 2170 1973 2256 quia
2023 2169 2351 2238 habentes
2398 2168 2582 2236 intra
2635 2188 2709 2237 se
2769 2163 2947 2232 sontes

440 2262 893 2350 eloquentiae,
932 2260 1018 2328 de
1058 2260 1205 2347 ipso
1231 2259 1413 2328 sicco
1450 2259 1744 2327 themate
1773 2257 2167 2327 didicerunt
2201 2256 2425 2326 undas
2461 2256 2767 2325 haurire.
2807 2248 2950 2321 Unde

441 2349 775 2439 quicquid
828 2348 1215 2440 injungitur
1263 2347 1401 2416 illis
1433 2402 1447 2429 ‚
1501 2347 1807 2416 carmine
1858 2347 2117 2438 irriguo
2182 2344 2531 2436 copiosius
2578 2343 2945 2434 explicatur.

445 2446 694 2510 Verum
734 2462 771 2508 e
820 2451 1057 2508 contra
1093 2438 1516 2525 quicumque
1575 2448 1909 2538 angustae
1956 2436 2449 2525 intelligentiae
2495 2435 2814 2504 ariditate
2848 2442 2950 2498 tor·

448 2541 708 2608 rentur,
749 2549 872 2595 nec
922 2526 1174 2596 habent
1221 2525 1643 2595 affluentiam
1681 2525 2085 2594 inundantis
2131 2525 2423 2612 eloquii,
2478 2545 2600 2613 per
2646 2542 2848 2611 quam
2879 2509 2950 2582 vel

447 2616 716 2703 aliquos
768 2615 1069 2696 reficere,
1125 2614 1222 2683 vel
1275 2637 1440 2684 suae
1489 2615 1817 2684 siccitatis
1884 2615 2146 2716 possint
2194 2614 2496 2703 inopiam
2566 2623 2951 2702 temperaret

446 2706 616 2775 tales
657 2726 791 2774 non
842 2704 1066 2774 solum
1117 2704 1349 2790 aliqua
1387 2725 1518 2772 non
1561 2726 1680 2792 per
1725 2725 1798 2772 se
1836 2702 2062 2772 dicere
2096 2713 2453 2792 appetunt,
2498 2723 2736 2772 verum
2789 2696 2952 2766 etiam

447 2794 506 2864 si
540 2793 706 2881 quid
757 2792 857 2861 eis
918 2793 1304 2880 injunctum
1358 2791 1584 2874 suerit,
1642 2791 2202 2893 perhorrescunt:
2266 2790 2592 2878 quoniam
2656 2797 2953 2877 quantum

445 2883 666 2953 doctis
705 2880 1041 3039 prologui,
1092 2885 1373 2951 tantum
1410 2882 1704 2952 indoctis
1737 2880 1904 2950 utile
1937 2881 2023 2949 sit
2065 2894 2304 2950 tacere.
2347 2885 2511 2949 Nam
2564 2878 2669 2948 illi
2718 2877 2801 2946 de
2834 2889 2954 2962 par·

447 2973 551 3041 vis
594 2992 846 3061 magna
948 2971 1256 3052 isserere‚
1313 2971 1418 3041 isti
1461 2969 1546 3039 de
1583 2970 1853 3058 magnis
1905 2970 2222 3040 nesciunt
2251 2967 2349 3037 vel
2405 2990 2625 3058 pauca
2664 2963 2954 3058 proferre.

448 3065 526 3129 Et
563 3059 715 3128 ideo
762 3058 944 3146 quod
989 3060 1076 3129 ab
1105 3060 1263 3129 aliis
1309 3060 1688 3147 quaeritur,
1723 3059 1811 3127 ab
1859 3057 2015 3127 aliis
2068 3057 2499 3127 formidatur.
2558 3056 2668 3126 Sic
2713 3051 2958 3147 bellige-

447 3161 633 3218 rator
671 3149 737 3217 in
780 3148 993 3217 armis
1040 3147 1280 3218 damni
1308 3170 1457 3218 esse
1488 3148 1795 3237 deputat,
1845 3147 1900 3216 si
1953 3169 2085 3216 non
2128 3147 2340 3237 possit
2380 3147 2642 3233 integer
2692 3145 2960 3213 invenire

443 3237 631 3325 quod
669 3238 914 3306 vincat.
970 3237 1095 3306 Sed
1139 3238 1317 3307 sicut
1349 3236 1542 3308 fortis
1580 3236 1885 3323 requirit,
1939 3236 2129 3306 unde
2176 3235 2385 3304 ducat
2432 3235 2698 3336 spolia:
2742 3230 2836 3302 sic
2870 3225 2962 3320 dt}-

446 3327 609 3397 bilis
660 3326 924 3406 metuit,
970 3348 1053 3395 ne
1093 3325 1388 3395 ducatur
1421 3326 1490 3394 in
1548 3323 1912 3415 praedam:
1959 3338 2024 3395 et
2060 3324 2244 3413 quod
2286 3345 2443 3394 acer
2473 3323 2782 3393 invenire
2812 3316 2962 3386 dest·

445 3416 664 3496 derat,
712 3417 896 3484 iners
947 3414 1043 3483 vel
1087 3414 1329 3484 audire
1378 3413 1724 3484 formidat.

536 3504 750 3593 Cujus
803 3503 1097 3593 exempli
1154 3504 1371 3595 gratia
1421 3526 1580 3573 cum
1636 3504 1780 3593 ipse
1830 3502 2080 3572 sterilis
2137 3502 2460 3571 scientiae
2517 3496 2962 3571 convenienter

446 3615 753 3674 accuser,
811 3614 935 3662 nec
977 3593 1064 3662 sit
1094 3593 1163 3661 in
1219 3615 1325 3662 me
1374 3592 1664 3680 aliquid,
1703 3591 1886 3679 quod
1918 3591 2185 3662 venusti
2226 3590 2564 3661 sermonis
2595 3589 2964 3659 ornamenta

443 3681 954 3762 commendent,
994 3682 1161 3770 quid
1192 3682 1315 3751 tibi
1342 3681 1562 3750 visum
1590 3680 1817 3760 fuerit,
1861 3693 2049 3770 pater
2097 3680 2490 3750 beatissime
2522 3690 2728 3766 atque
2756 3688 2970 3764 amanj

451 3771 739 3854 tissime,
785 3784 1180 3841 constanter
1234 3771 1564 3851 admiror,
1626 3783 1699 3840 ut
1746 3769 1832 3838 de
1879 3768 2298 3839 sanctissimi
2353 3768 2478 3837 viri
2530 3764 2826 3837 Marcelli
2870 3769 2971 3826 att-¹

454 3861 686 3929 tistitis
722 3860 878 3941 vita,
921 3860 1111 3931 nullo
1148 3860 1285 3929 fine
1314 3858 1727 3942 claudenda,
1762 3872 1826 3928 et
1875 3858 1959 3928 de
2001 3858 2119 3927 illa
2152 3857 2425 3928 coelesti
2462 3855 2779 3947 lampade
2809 3851 2970 3921 mea&

510 4057 531 4079 ⁴·
564 4057 824 4097 venantius
850 4056 1157 4098 Fortunatus.
1188 4064 1243 4093 ex
1270 4055 1411 4095 Italia
1441 4054 1687 4100 oriundus.
1721 4054 1763 4093 8.
1801 4055 2028 4103 Gregorio
2064 4053 2330 4093 'turonensi
2349 4054 2569 4099 episcopo
2601 4049 2811 4099 apprime
2844 4041 2970 4096 0⁸³³&

452 4120 574 4150 nuno
602 4112 693 4154 565.
722 4109 918 4150 Pictavii
945 4109 1109 4162 (vulgo
1140 4106 1346 4158 Pullion)
1378 4110 1615 4159 sacerdos,
1648 4109 1817 4147 delude
1851 4110 2102 4156 episcopus
2136 4109 2441 4147 consecratus
2459 4106 2566 4146 fult.
2595 4102 2675 4143 Vir
2690 4103 2780 4143 ruit
2798 4090 2970 4144 1⁰30¹¹¹⁰4

451 4165 679 4208 doctriua.
708 4174 985 4213 morumque
1013 4163 1267 4202 sanctitate
1300 4163 1585 4211 praeclarus.
1605 4161 1756 4201 Multa
1773 4163 1875 4210 estu
1901 4164 2153 4201 servantur
2173 4171 2327 4209 opera.
2347 4160 2519 4209 purtim
2539 4156 2708 4202 soluti,
2726 4152 2885 4204 partlm
2904 4150 2970 4202 ΒΨ

453 4217 597 4258 merlo
626 4215 853 4258 adstricta
880 4218 1106 4261 oratione.
1132 4217 1259 4256 inter
1287 4226 1407 4266 quae
1442 4216 1745 4255 notissimum
1778 4219 1853 4255 est
1892 4225 2080 4255 carmen
2120 4224 2307 4255 sacrum
2343 4214 2469 4262 quod
2489 4211 2675 4263 incipit:
2701 4205 2858 4248 Vox-illa
2875 4197 2971 4250 rw!

447 4273 679 4322 prodeunt.
711 4272 925 4310 Decessit
960 4280 1080 4309 anno
1115 4270 1306 4309 circiter
1338 4271 1435 4308 609:
1468 4271 1610 4318 atque
1638 4271 1687 4308 tn
1717 4269 2005 4309 Plotavlenst
2032 4268 2235 4308 ecclesi·
2252 4268 2429 4308 festum
2448 4268 2553 4315 ejus
2577 4267 2653 4306 die
2674 4266 2722 4304 14
2739 4247 2970 4301 decembri*

452 4324 733 4365 celebratur.
762 4325 816 4374 (Ε
836 4326 995 4368 Fauor.
1014 4322 1217 4371 altisque
1235 4323 1547 4373 biographus).
2969 4351 2970 4354 ,

459 4378 564 4470 v?
606 4379 675 4470 1)αεί
713 4379 759 4417 8.
792 4377 1047 4422 Germ-no,
1076 4374 1361 4417 Parisiorum
1402 4376 1652 4426 episcopo.
1689 4375 1844 4425 agitur
1879 4375 1956 4414 dte
1999 4375 2052 4414 ‘28
2089 4371 2216 4424 maji.
2260 4373 2463 4415 Consule
2503 4372 2649 4424 igitur
2687 4364 2806 4410 Sur-ti
2840 4349 2971 4416 nostrl

499 4439 526 4470 ο
549 4458 560 4470 .
592 4440 624 4480 q
681 4434 829 4470 ntum.
