2993 4837
547 321 672 383 476
1301 338 1380 383 ne
1431 337 1487 384 s.
1544 335 1786 384 cAnoto
1835 334 2167 382 nonnomzo
2704 314 2914 381 novt

455 421 887 508 inquirebat:
940 421 1122 509 quod
1172 433 1316 490 erat
1365 412 1894 510 providendum,
1949 421 2237 490 curabat
2285 420 2678 510 diligenter,
2716 430 2771 487 et
2815 439 2920 486 me·

456 509 716 580 moriae
763 511 1005 601 gratia,
1043 510 1228 598 quod
1276 510 1454 579 facto
1503 531 1678 600 opus
1725 522 1891 589 erat,
1930 509 2288 579 confestim
2342 510 2411 578 in
2465 507 2682 578 libello
2710 506 2926 577 notabat

457 598 641 688 ipse;
687 599 1052 688 pecuniam
1104 620 1378 687 quoque
1427 621 1644 668 manu
1692 621 1818 668 sua
1868 598 1970 667 lar
2019 620 2055 667 e
2103 598 2310 668 dabat
2341 597 2611 688 egenis:
2659 596 2793 684 ejus
2823 606 2928 665 crat

454 688 1002 768 consuetudinis,
1037 710 1117 757 ex
1151 687 1625 757 hebdomadae
1654 687 1923 767 diebuS‚
2015 709 2140 758 uos
2171 688 2256 756 iis
2286 687 2453 756 dare
2482 686 2595 773 qui
2631 686 2692 753 in
2722 684 2930 754 civitate

457 777 852 860 manebant,
893 778 1195 865 reliquos
1229 777 1314 848 iis
1346 777 1465 864 qui
1502 790 1691 845 extra
1734 776 2005 845 moenia
2051 771 2246 865 erant
2277 776 2554 860 educti:
2589 775 2773 843 domo
2800 771 2883 841 exi
2916 802 2923 832 ι

456 886 843 952 nunquam,
900 867 1030 935 nisi
1082 863 1365 936 suor‘um
1419 864 1664 935 salutis
1694 865 1958 954 gratia:
2016 864 2323 935 mittebat
2368 865 2575 934 etiam
2609 862 2847 949 aliquos

456 954 809 1044 primariis
859 955 1006 1025 suis
1053 954 1495 1044 presbyteriS,
1551 953 1675 1041 qui
1724 955 1792 1022 in
1831 954 2028 1040 equis
2080 954 2286 1023 cistas
2337 965 2660 1033 tenentes,
2708 950 2934 1041 aegros·

456 1043 753 1112 ostiatim
808 1044 1199 1114 tribuebant
1235 1043 1680 1130 exquisitiora
1719 1042 2086 1129 quaedam,
2130 1065 2307 1129 quae
2345 1041 2814 1132 languentibus
2846 1061 2907 1107 s

458 1131 726 1201 machis
757 1145 985 1202 essent
1032 1132 1434 1202 levamento
1490 1136 1833 1222 Aegrotos,
1875 1131 1993 1218 qui
2035 1132 2121 1201 ob
2154 1131 2561 1221 dignitatem
2597 1130 2662 1198 in
2701 1128 2848 1198 urbe
2885 1157 2921 1189 ··--

461 1218 974 1307 linquebantur,
1015 1222 1162 1311 ipse
1196 1221 1477 1302 visebat,
1532 1219 2041 1301 consolabatur,
2099 1220 2601 1311 indulgentiam
2645 1218 2890 1287 tribuen.
2930 1259 2934 1288 i

458 1309 783 1379 cubicula
833 1311 983 1400 ipsa
1033 1310 1470 1401 ingredienS,
1526 1308 1608 1378 ad
1667 1309 1855 1398 ipsos
1911 1330 2188 1396 quoque
2237 1309 2446 1378 lectos
2493 1306 2852 1384 accedebat.

460 1399 707 1486 primis
768 1400 1057 1470 curabat
1103 1398 1587 1468 ecclesiasticis
1634 1398 1799 1467 viris
1849 1398 2248 1479 subveniri,
2309 1398 2392 1468 iis
2445 1395 2934 1489 praesertim

459 1488 685 1578 aegris
717 1487 1213 1557 deservierant:
1251 1487 1541 1574 ideoque
1562 1488 1890 1576 jusserat,
1930 1499 2005 1556 ut
2035 1487 2184 1556 sine
2233 1508 2448 1565 mora,
2492 1486 2579 1556 de
2614 1484 2832 1555 inferio
2872 1509 2882 1543 ν

464 1577 704 1646 morbo
752 1577 1089 1666 gradatim
1149 1578 1469 1646 certiores
1527 1576 1767 1646 fierent
1823 1576 2265 1665 superiores:
2329 1575 2500 1666 ipsis
2565 1573 2854 1664 parochis
2920 1615 2922 1618 .

462 1664 655 1746 urbe,
712 1666 769 1733 si
822 1679 1078 1755 pestem
1131 1667 1634 1746 contraherent,
1688 1665 2062 1752 juvandis,
2118 1687 2190 1734 se
2238 1665 2468 1754 ipsum
2520 1664 2861 1734 offerebat:
2896 1658 2906 1669 ’

463 1753 758 1822 dioecesi
793 1776 950 1823 vero
988 1754 1250 1824 vicinos
1285 1754 1644 1844 parochos,
1685 1767 1828 1823 tum
1881 1753 2333 1843 Praepositos,
2376 1765 2494 1822 aut
2530 1752 2817 1822 vicarios
2853 1779 2923 1848 {⁸⁵²

467 1842 761 1922 tabatur,
816 1857 891 1912 ut
939 1843 1403 1924 subvenirent,
1458 1856 1663 1930 atque
1709 1843 1818 1911 his
1868 1863 2002 1910 non
2055 1842 2279 1912 solum
2331 1842 2760 1911 sacramenta
2803 1851 2913 1908 mir·

467 1932 666 2002 strari
699 1932 1016 2013 decrevit,
1046 1931 1160 2001 sed
1194 1933 1397 2001 etiam
1431 1932 1788 2032 religiosae
1809 1931 2297 2002 consolationis
2323 1931 2663 2011 levamen,
2688 1949 2899 2017 quam·

466 2022 768 2088 animam
805 2034 1128 2110 agerent:
1176 2022 1407 2091 missis
1440 2021 1524 2089 ad
1568 2020 1635 2088 1d
1680 2042 2119 2107 quocumque
2152 2033 2489 2111 oporteret
2521 2016 2864 2089 sacerdoti

466 2108 805 2179 adhiberi.
845 2116 1055 2197 Atque
1096 2109 1500 2197 hujusmodi
1543 2110 1761 2179 Caroli
1797 2109 2131 2189 instituta,
2186 2108 2664 2196 quotidianam
2705 2128 2889 2198 pra

469 2198 656 2278 tiam,
702 2199 1367 2286 cohortationesque,
1402 2221 1560 2268 cum
1603 2198 1853 2267 eximia
1891 2199 2222 2267 charitate
2254 2210 2318 2268 et
2351 2198 2689 2269 suavitate
2730 2212 2897 2282 conj

463 2301 632 2365 ctaS,
676 2287 1055 2377 plurimum
1096 2288 1393 2357 valuisse
1427 2286 1721 2356 dubium
1761 2308 1894 2356 non
1931 2300 2054 2365 est,
2095 2300 2169 2357 ut
2201 2298 2384 2355 tanta
2425 2287 2696 2368 civitas,
2731 2306 2877 2354 car

468 2397 687 2464 genus
715 2375 1052 2465 ejusmodi
1087 2376 1354 2469 tamdiu
1388 2375 1585 2446 facile
1615 2375 1928 2445 toleraret
1957 2402 1970 2442 z
2003 2375 2183 2463 quod
2226 2375 2420 2445 initio
2447 2375 2559 2445 vix
2592 2372 2909 2465 sperabat·-

468 2464 787 2551 quodque
835 2465 922 2534 ab
971 2465 1125 2534 aliis
1173 2466 1565 2534 civitatibus
1605 2464 1744 2535 sere
1793 2487 1927 2535 non
1980 2466 2200 2554 potuit
2229 2464 2551 2536 obtineri.
2593 2470 2894 2548 Quamqu

467 2565 693 2622 autem
732 2554 819 2622 ab
855 2554 1053 2642 initio
1099 2554 1423 2636 CarolUS‚
1478 2567 1555 2623 ut
1608 2553 2154 2623 demonstratum
2205 2567 2344 2634 est,
2399 2554 2695 2622 consilio
2734 2552 2911 2620 savit

475 2641 726 2797 possulo
759 2644 825 2710 in
863 2643 1172 2712 custodia
1204 2642 1521 2712 habendo
1553 2669 1567 2708 :
1606 2665 1762 2712 cum
1801 2642 2129 2711 intellexit
2163 2656 2388 2712 tamen
2428 2642 2593 2731 plus
2623 2644 2686 2711 ei
2725 2660 2898 2710 remu
2930 2640 2933 2645 '

473 2732 553 2796 tri
610 2731 705 2810 ui,
762 2752 967 2816 quam
1021 2731 1102 2800 ad
1157 2732 1459 2801 divinam
1517 2731 2056 2800 misericordiam
2100 2731 2614 2822 agnoscendam
2667 2751 2927 2821 opus

473 2819 853 2898 videretur,
894 2820 1181 2908 ideoque
1220 2823 1717 2910 praescriptum
1757 2819 2212 2909 quadraginta
2248 2820 2516 2889 dierum
2565 2833 2887 2909 tempusp
2918 2832 2934 2859 ·'

472 2907 667 2987 duci,
702 2910 789 2977 ita
834 2922 908 2977 ut
947 2910 1115 2998 ipsis
1147 2910 1475 2979 natalitiis
1505 2910 1772 2978 Domini
1806 2908 1994 2977 sestis
2036 2908 2340 2999 populus
2370 2908 2452 2977 ad
2494 2909 2820 2978 ecclesias
2850 2927 2934 2972 οπο

479 2998 726 3077 venire,
765 2998 1046 3086 ipseque
1069 2999 1491 3067 Pontificiam
1521 2998 2051 3098 indulgentiam,
2084 3019 2260 3084 quae
2287 2996 2369 3065 ad
2399 2997 2762 3066 ferendum
2794 2990 2929 3063 Ital

479 3100 662 3174 peste
713 3086 1047 3156 laboranti
1116 3087 1450 3157 auxilium
1489 3142 1503 3166 ,
1559 3086 1861 3156 Pontifex
1927 3087 1992 3154 in
2058 3088 2458 3156 universum
2529 3105 2931 3176 proposuca*-

473 3175 957 3265 promulgare‚
1016 3177 1384 3262 liberisque
1432 3176 1886 3245 conventibus
1935 3175 2281 3245 celebrare
2327 3197 2460 3245 non
2533 3189 2809 3265 posset,
2852 3193 2879 3237 e
2909 3180 2934 3221 ·'

471 3264 978 3344 Gubernatore,
1035 3265 1151 3351 qui
1204 3265 1656 3353 Viglebanum
1711 3278 2119 3345 secesserat,
2175 3265 2473 3355 graviter
2517 3261 2862 3354 expostula
2905 3286 2934 3315 υ

473 3354 717 3439 vixque
768 3376 836 3422 se
884 3355 1272 3434 continuit,
1341 3355 1508 3441 quin
1574 3354 1765 3422 omni
1815 3375 1940 3423 suo
2000 3367 2251 3422 conatu
2314 3354 2682 3422 resisteret.
2738 3357 2917 3419 Tam·-

474 3443 679 3510 tribui
734 3443 1013 3512 Carolus
1048 3443 1375 3512 humanis
1425 3442 1812 3512 rationibus
1863 3441 2149 3521 volebat,
2200 3455 2271 3510 ut
2322 3463 2510 3531 spem
2552 3463 2752 3511 suam
2788 3458 2875 3507 om
2909 3460 2931 3489 ·÷

474 3533 538 3599 in
591 3531 821 3599 divina
872 3531 1235 3600 clementia
1288 3532 1655 3620 praecipue
1703 3552 1849 3601 sese
1898 3531 2256 3608 collocare,
2299 3552 2369 3598 re
2406 3531 2556 3616 ipsa
2609 3529 2827 3620 palam
2862 3546 2932 3611 μ’

471 3620 850 3700 fiterentur;
889 3619 971 3687 ad
1018 3620 1082 3687 id
1119 3620 1553 3689 suadendum
1608 3641 1841 3688 recens
1889 3632 2351 3689 conventuum
2395 3620 2679 3688 illor'um
2716 3624 2934 3687 event

471 3709 749 3796 quando
799 3709 1398 3795 frequentissimus
1450 3709 1748 3798 populus
1780 3708 1860 3776 ad
1899 3708 2224 3778 ecclesias
2264 3707 2736 3798 supplicatum
2776 3703 2906 3771 duct

469 3812 593 3878 est,
644 3820 847 3888 grave
900 3810 1387 3887 argumentum
1442 3797 1970 3887 suppeditabat:
2029 3808 2398 3886 praeterea,
2457 3818 2634 3883 quae
2691 3816 2767 3864 ex
2815 3801 2924 3858 vete

477 3888 805 3957 memoria
855 3887 1358 3976 suppetebant,
1415 3886 2162 3974 demonstrabantque,
2225 3884 2804 3976 supplicationum
2849 3899 2931 3944 co

471 3990 676 4045 ventu
730 3976 976 4065 potiuS,
1016 3998 1223 4062 quam
1278 3975 1672 4054 solitudine,
1730 3976 1994 4044 veniam
2039 3998 2077 4043 a
2112 3975 2398 4044 Domino
2440 3973 2652 4043 fuisse
2702 3972 2928 4067 imp-et·

474 4079 637 4133 tam.
718 4065 927 4134 Cessit
999 4065 1457 4134 nihilominus
1527 4064 1854 4144 CaroluS‚
1919 4064 2123 4133 credo
2172 4065 2258 4133 ob
2319 4085 2550 4133 sacras
2600 4072 2931 4152 precationi·

476 4152 844 4240 divinaque
883 4153 1132 4234 officia,
1177 4154 1434 4240 quibus
1468 4166 1692 4223 tamen
1745 4152 2026 4223 assidue
2061 4152 2365 4243 populus
2401 4153 2576 4223 intra
2615 4152 2931 4219 domestic·

478 4243 769 4330 parietes
825 4244 1297 4342 enercebatur,
1352 4255 1416 4312 et
1464 4243 1532 4311 in
1594 4242 1906 4312 instituta
1959 4242 2354 4332 vigilantiae
2407 4238 2758 4332 pastoralis
2806 4251 2905 4321 ope

477 4344 954 4419 perseveravit.
2893 4405 2900 4412 ,

563 4421 598 4504 ξ
634 4424 779 4489 15.
812 4424 988 4488 Haec
1022 4420 1113 4487 ita
1148 4443 1305 4489 cum
1335 4431 1562 4511 ageret
1598 4420 1900 4502 Carolus,
1927 4442 2103 4508 quae
2140 4419 2448 4508 quidem,
2485 4421 2588 4489 his
2627 4417 2900 4508 praeses-ti
