2993 4837
521 323 647 387 460
1264 338 1342 383 ns
1389 337 1443 384 s.
1498 335 1739 384 cauom
1794 335 2125 384 nonnouso
2677 318 2834 385 Nov.
2875 321 2904 385 i

481 445 608 493 uae
648 421 729 492 ad
773 422 988 491 animi
1029 420 1318 491 salutem
1374 422 1813 511 pertinerent,
1859 419 1943 490 ad
1978 420 2153 491 vires
2200 441 2472 510 quoque
2518 421 2801 511 corporis
2830 442 2912 490 re·

460 512 765 581 iciendas
812 511 1078 579 invitati
1129 510 1512 591 veniebant;
1572 531 1730 578 nam
1774 508 1839 577 id
1889 532 2163 598 quoque
2262 509 2595 579 roviderat
2638 508 2914 579 amantis-

345 644 355 653 ·
436 601 656 672 simus
753 614 957 670 astor.
1013 598 1319 688 Hospitio
1366 599 1928 687 suscipiebantur
1985 599 2054 667 in
2115 620 2193 667 ae
2249 599 2403 668 ibus
2471 597 2913 689 amplissimiS,

431 711 604 776 quas
651 622 747 757 adJ
787 710 1010 757 mares
1059 686 1488 775 feminasque
1547 688 1913 788 separatim
1968 686 2398 775 recipiendas
2471 687 2740 756 Carolus
2792 707 2918 756 con-

433 778 621 847 stitui
657 789 1035 857 curaverat,
1082 776 1389 845 maribus
1438 775 1854 865 recipiendis
1902 788 2261 866 praeerant
2296 776 2604 865 primarii
2654 776 2804 843 viri:
2847 774 2920 843 fe·

437 866 645 936 minis
685 878 1038 935 matronae
1084 865 1552 955 gravissimae,
1597 865 1909 944 consili0,
1964 877 2168 952 atque
2207 867 2414 954 opera
2462 866 2752 934 virorum
2798 884 2924 954 pro·

433 955 630 1025 baiae
670 955 865 1032 vitae,
919 966 1121 1041 atque
1219 953 1520 1022 ravitatis
1567 952 1865 1043 adjutae;
1919 953 2056 1022 huc
2108 974 2249 1034 res,
2305 952 2391 1022 ad
2442 954 2691 1023 victum
2741 969 2928 1044 neces·

435 1044 677 1125 sariae,
720 1046 826 1132 pia
862 1043 1115 1112 civium
1168 977 1596 1122 fiberalitate,
1637 1056 1780 1111 tum
1833 1041 2175 1111 industria
2226 1040 2625 1121 multorum,
2662 1042 2773 1128 qui
2807 1061 2926 1109 eam

436 1154 604 1214 rem,
659 1145 936 1202 auctore
983 1130 1240 1218 Carolo,
1292 1130 1653 1212 curabant,
1697 1130 2007 1220 undique
2046 1133 2677 1219 comportabantur.
2708 1135 2930 1199 Mensae

435 1221 901 1309 longissimae,
956 1219 1179 1289 ordini
1233 1219 1599 1309 multiplici
1654 1220 1910 1308 positae
1941 1219 2571 1309 conspiciebantur,
2613 1219 2924 1287 bominum

439 1309 748 1380 millibus
784 1308 1128 1378 interdum
1165 1308 1496 1397 quinque,
1551 1330 1629 1377 ac
1663 1330 1775 1377 sex
1810 1330 1949 1377 uno
1983 1320 2286 1398 tempore
2322 1330 2526 1397 saepe
2572 1308 2928 1378 accumben-

437 1398 643 1480 tibus,
694 1418 990 1484 quorum
1041 1397 1207 1465 dum
1258 1418 1542 1485 corpora
1596 1398 2102 1476 recreabantur,
2140 1397 2670 1484 animi-quoque
2707 1418 2782 1465 ex
2816 1393 2934 1485 pul·

437 1488 598 1578 pitis
648 1509 684 1555 a
744 1501 801 1555 te
853 1484 1252 1575 dispositiS,
1305 1486 1864 1555 concionatorum
1918 1506 2232 1555 sermone
2289 1486 2802 1557 reficiebantur:
2845 1481 2930 1552 sed

435 1589 593 1644 ante
624 1576 685 1644 ci
740 1597 883 1653 um,
922 1574 1203 1661 antiquo
1233 1574 1647 1643 christianae
1677 1574 2030 1643 charitatis
2078 1573 2327 1651 officio,
2365 1574 2449 1643 de
2478 1574 2726 1643 itinere
2755 1572 2927 1650 fessis,

440 1664 645 1754 pedes
696 1662 1122 1741 lavabantur,
1179 1683 1315 1750 quo
1366 1684 1652 1732 munere
1699 1685 1855 1731 cum
1909 1663 2189 1732 Carolus
2238 1663 2385 1753 ipse
2432 1662 2848 1754 fungeretur,
2887 1671 2934 1732 ei

436 1774 595 1822 cum
648 1752 1040 1821 domesticis
1073 1751 1560 1838 canonicisque
1593 1752 1740 1820 suis
1772 1751 2251 1838 frequentaret,
2296 1751 2381 1820 ad
2430 1752 2747 1820 eamdem
2794 1771 2938 1820 exer·

437 1842 823 1910 citationem
880 1839 1131 1909 multos
1179 1862 1449 1927 quoque
1496 1863 1570 1909 ex
1619 1840 2068 1930 optimatibus
2115 1841 2453 1921 excitavit,
2492 1842 2620 1926 qui
2652 1862 2786 1908 una
2814 1861 2882 1907 cu

440 1943 862 1999 caeterorum
916 1950 1167 2019 magno
1217 1950 1505 1998 numero
1551 1930 1612 1997 ei
1663 1929 1998 1998 ablutioni
2050 1951 2326 2019 operam
2371 1930 2656 1999 assidue
2699 1927 2920 2012 daban,

439 2017 528 2087 Ad
585 2020 764 2106 piam
819 2017 1207 2087 animorum
1260 2018 1788 2087 commotionem
1842 2018 1906 2086 id
1959 2039 2136 2106 opus
2180 2018 2472 2087 maxime
2505 2017 2851 2097 valebat‚t

443 2108 508 2175 in
536 2109 632 2176 'iis
664 2106 782 2194 qui
818 2130 850 2176 s
901 2107 1218 2175 ectabant
1255 2119 1318 2175 et
1366 2105 1729 2185 faciebant,
1777 2118 1919 2175 tum
1959 2107 2024 2174 in
2070 2107 2153 2176 iis
2201 2108 2458 2193 quibus
2495 2106 2857 2176 adhibebat

440 2196 856 2286 Obstupesce
908 2209 1024 2263 ant
1075 2195 1386 2264 homines
1443 2217 1600 2263 cum
1653 2194 1736 2263 ad
1793 2195 1995 2284 pedes
2043 2216 2203 2265 suos
2279 2196 2459 2263 viros
2513 2195 2882 2265 nobilissim

444 2298 813 2374 prostratos
872 2283 1235 2362 videbant,
1294 2284 1537 2371 vixque
1585 2283 1888 2353 officium
1939 2283 2278 2372 ejusmodi
2331 2283 2691 2366 ferebant;
2752 2296 2814 2354 at

444 2373 659 2443 rolum
698 2373 907 2443 linteo
950 2372 1411 2463 praecinctum
1453 2394 1599 2442 sese
1645 2372 2061 2451 offerentem,
2116 2386 2181 2443 et
2228 2372 2309 2441 ad
2358 2372 2564 2463 pedes
2595 2372 2890 2443 sedentiu

439 2464 869 2551 abjicientem
908 2460 1430 2550 conspicientes,
1471 2475 1604 2530 tam
1661 2484 1832 2530 nova
1865 2463 2090 2551 specie
2138 2462 2620 2563 obstupefacti,
2665 2456 2916 2557 demis[

438 2551 683 2630 oculiS,
730 2564 976 2619 terram
1031 2550 1491 2630 intuebantur,
1548 2571 1686 2630 ore,
1731 2572 2036 2637 corpore,
2087 2565 2308 2620 mente
2342 2573 2491 2640 ipsa
2521 2552 2819 2638 denique
2850 2571 2900 2616 m

445 2640 629 2707 nime
679 2638 1086 2707 videbantur
1136 2660 1331 2727 posse
1378 2639 1776 2708 consistere.
1830 2644 2007 2708 Haec
2054 2661 2213 2708 cum
2266 2640 2546 2709 assiduo
2583 2639 2815 2710 labore
2854 2640 2889 2706 C

446 2727 630 2795 rolus
665 2742 946 2816 gereret,
987 2741 1128 2795 tum
1167 2727 1332 2796 illud
1371 2728 1758 2814 asperitatis
1789 2728 2077 2806 addidit,
2131 2740 2205 2796 ut
2253 2741 2388 2798 toto
2425 2729 2864 2820 quadragena
2898 2724 2908 2737 ’

443 2814 769 2883 solemnis
816 2816 1052 2904 jejunii
1108 2830 1407 2903 tempore
1458 2817 1524 2883 in
1578 2816 1926 2886 asseribus
1974 2819 2303 2897 cubaret,
2348 2817 2528 2904 quod
2581 2839 2666 2887 ea
2715 2834 2881 2905 quoq

441 2904 525 2972 de
558 2927 763 2974 causa
800 2903 1038 2974 fecisse
1070 2905 1219 2991 ejus
1257 2903 1633 2974 familiares
1672 2917 2038 2992 putarunt:
2093 2905 2252 2993 quia
2289 2928 2445 2974 cum
2485 2906 2657 2977 satis
2698 2926 2881 2995 magn

447 3015 775 3061 numerus
827 2994 1338 3082 peregrinorum
1380 2993 1570 3063 lectis
1604 2993 1809 3061 semel
1851 2993 2208 3073 caruisset,
2260 2994 2506 3082 culpae
2558 2995 2623 3063 id
2674 3016 2835 3065 suae
2863 2986 2926 3060 ad

444 3082 742 3171 scripsit.
795 3094 859 3149 et
905 3103 980 3149 ea
1035 3082 1291 3150 ratione
1342 3082 1555 3151 voluit
1601 3104 1639 3149 a
1698 3104 1768 3151 se
1838 3104 2121 3172 poenam
2186 3084 2473 3172 exigere.
2531 3078 2946 3153 Perseveravili

442 3184 667 3239 autem
723 3171 786 3237 in
838 3193 940 3249 eo,
997 3171 1212 3240 donec
1263 3171 1799 3260 Episcoporum,
1851 3171 1971 3257 qui
2020 3170 2102 3239 ad
2161 3172 2545 3261 proximum
2609 3170 2895 3243 conciliu
2947 3230 2948 3235 ,

445 3273 796 3339 venerunt,
854 3259 1058 3345 idque
1108 3260 1550 3340 resciverunt,
1595 3261 1914 3348 precibus
1951 3260 2050 3329 vix
2084 3260 2334 3329 adduci
2375 3260 2612 3349 potuit,
2660 3274 2740 3330 ut
2770 3258 2891 3329 sola

442 3349 798 3417 culcitram
827 3348 1174 3418 asseribus
1202 3349 1583 3438 imponeret
1608 3348 1662 3414 ⁴².
1699 3354 1941 3417 Verum
1972 3349 2084 3439 pia
2112 3349 2228 3418 illa
2260 3348 2673 3438 populorum
2713 3350 2940 3421 itinera.

442 3460 598 3506 cum
652 3437 878 3505 adhuc
930 3436 1139 3506 multa
1195 3451 1546 3516 restarent,
1607 3438 2094 3506 Gubernatoris
2143 3451 2305 3507 sunt
2355 3438 2683 3526 impedita
2728 3438 2942 3528 jussu;

442 3548 599 3595 cum
634 3525 718 3593 de
755 3526 1024 3615 magnis
1062 3524 1376 3605 urbibuS,
1406 3526 1699 3595 venetiis
1727 3531 2138 3613 Mantuaque
2174 3527 2566 3617 pestilentia
2603 3524 2942 3619 oppressis

493 3706 516 3727 ·
545 3706 611 3744 De
640 3705 727 3744 hoc
757 3705 801 3743 S.
825 3704 981 3743 Caroli
999 3704 1048 3743 in
1067 3704 1258 3743 Jubileo
1276 3704 1530 3744 Mediolani
1556 3705 1834 3745 celebrando
1864 3706 2042 3749 ardore.
2059 3705 2212 3754 deque
2232 3706 2336 3753 ejus
2357 3705 2599 3745 laboribus
2619 3707 2837 3753 curisque
2852 3703 2901 3741 ob
2915 3696 2950 3737 id

441 3759 692 3807 susceptis,
721 3758 1152 3797 luculentissimum
1183 3754 1506 3798 testimonium
1535 3756 1775 3806 perhibuit
1807 3760 2093 3799 Benedictus
2125 3761 2205 3809 Pp.
2237 3760 2340 3798 xlv
2377 3758 2423 3798 in
2453 3759 2648 3807 Efflsrola
2669 3759 2949 3808 &cycni-apr*

439 3814 683 3850 extensione
710 3810 871 3850 Jnmtri
897 3812 941 3850 in
971 3812 1091 3849 alma
1128 3812 1240 3851 Urbe
1269 3813 1472 3851 celebrati
1504 3823 1618 3850 anno
1645 3815 1766 3853 1750.
1795 3813 1909 3852 Eum
1931 3810 2151 3852 omnibus
2173 3809 2414 3860 Episcopis
2436 3810 2723 3851 imitandum
2743 3805 2948 3860 proposuit

443 3866 661 3905 Summus
692 3862 904 3905 Pontifex
936 3861 1244 3913 sequentibus
1272 3864 1450 3904 verbis:
1483 3864 1504 3884 “
1541 3866 1643 3905 Non
1676 3866 1744 3903 its.
1779 3874 1829 3904 se
1863 3864 2011 3914 gessit
2047 3867 2090 3906 8.
2125 3866 2321 3905 Carolus
2340 3867 2634 3909 Boi-romeus.
2654 3866 2950 3914 Episcoporun

442 3918 694 3965 exemplar,
711 3920 757 3957 et
779 3916 1215 3967 splendidissimum
1238 3918 1413 3963 lumen,
1428 3916 1510 3966 qni
1535 3928 1680 3966 quum
1700 3918 1847 3958 antea
1864 3919 2090 3967 populum
2114 3927 2254 3958 suum
2275 3919 2330 3958 ad
2349 3927 2534 3958 sacram
2563 3914 2950 3969 peregrinationem

444 3972 506 4010 ad
537 3971 707 4012 Urbem
729 3972 1072 4020 suscipiendam
1096 3970 1414 4017 sermonibus,
1432 3972 1834 4012 Instructionibus
1853 3975 1899 4011 et
1922 3970 2237 4012 concionibus
2258 3976 2599 4021 praeparasset,
2617 3982 2670 4013 sc
2692 3970 2952 4023 vehementes

441 4025 659 4064 hortatus
689 4028 836 4067 essct:
865 4035 970 4064 cum
999 4026 1141 4065 etiam
1170 4026 1362 4064 Romam
1399 4027 1501 4075 lpse
1531 4026 1755 4070 venisset.
1785 4028 1932 4074 atque
1967 4027 2043 4065 hic
2078 4026 2317 4074 praeclara
2347 4026 2430 4065 illc
2452 4026 2645 4073 pietatis
2664 4036 2720 4065 ac
2741 4023 2949 4069 rengtomn

444 4078 658 4126 exempla
685 4074 926 4123 edidisset.
954 4076 1125 4127 quibus
1154 4079 1399 4118 dumtaxat.
1425 4076 1667 4129 inspectis.
1699 4079 1839 4117 multi
1875 4082 2144 4127 peccatores
2179 4080 2234 4118 ad
2256 4077 2594 4128 poenitent-iam
2614 4073 2822 4117 conversi
2843 4074 2948 4113 sunt:

445 4131 502 4169 ad
534 4140 666 4170 suam
695 4133 995 4181 postmodum
1024 4132 1281 4172 Ecclesiam
1312 4141 1549 4177 reversus,
1583 4130 1866 4181 obtentaque
1901 4144 1927 4171 a
1947 4133 2174 4181 Gregorio
2193 4134 2269 4180 Pp.
2291 4133 2414 4181 xlii,
2435 4137 2542 4180 post
2564 4135 2747 4171 Annum
2764 4130 2949 4168 Sanctum

444 4185 672 4231 elapsum.
702 4187 972 4224 extensione
998 4186 1177 4225 Jubtlei
1205 4196 1290 4234 pro
1317 4195 1405 4224 sut
1431 4184 1774 4225 Mediolanensi
1811 4182 2038 4229 Dioecesi.
2067 4186 2256 4226 minIme
2276 4188 2529 4225 contentus
2548 4185 2639 4225 fuit
2658 4185 2744 4228 his.
2761 4190 2868 4231 quse
2885 4182 2949 4225 ΡΠ)

442 4233 751 4284 disponendis
766 4238 968 4278 subditis
984 4239 1086 4278 suis
1103 4240 1160 4279 sd
1175 4239 1433 4279 Romanum
1449 4239 1543 4278 iter
1564 4236 1932 4288 suscipiendum.
1952 4242 1997 4278 et
2018 4240 2075 4278 ad
2093 4238 2272 4279 Jubilei
2292 4240 2512 4283 fructum.
2531 4250 2615 4288 per
2632 4236 2946 4286 implementum

444 4299 636 4338 operum
667 4290 990 4339 injunctorum
1021 4290 1068 4331 in
1098 4292 1233 4336 Urbe.
1261 4292 1642 4340 consequendum
1671 4293 1999 4339 praestIterst3
2028 4293 2113 4332 sed
2141 4303 2284 4341 quum
2306 4291 2479 4332 dictam
2501 4294 2808 4332 extensionem
2827 4283 2946 4345 publi-

445 4348 640 4383 caturus
660 4345 802 4387 esset.
821 4345 996 4389 eodem,
1015 4355 1109 4394 quo
1131 4349 1279 4391 antec,
1300 4346 1542 4393 religionis
1563 4346 1664 4384 zelo
1683 4344 1920 4389 incensus.
1940 4346 2153 4394 publicus
2174 4347 2328 4385 denuo
2349 4356 2512 4394 preces
2532 4344 2710 4387 indixit.
2730 4341 2946 4382 concione!

447 4396 507 4435 cd
540 4392 767 4445 populum
796 4397 972 4443 habuit,
1000 4396 1338 4446 evulgavitque
1358 4399 1700 4437 Instructioues
1718 4399 1881 4447 plenas
1902 4400 2142 4439 doctrinae
2163 4409 2213 4437 ac
2237 4400 2449 4447 pietatis:
2469 4398 2668 4447 denique
2687 4395 2795 4435 nihil
2813 4396 2946 4431 eorum

445 4446 622 4496 omisit,
641 4458 961 4497 quaecumque
983 4449 1123 4489 utilia.
1144 4453 1225 4489 tut
1243 4452 1511 4491 necessaria
1529 4452 1727 4500 putavit,
1747 4454 1800 4491 ut
1819 4453 2049 4502 Populum
2069 4461 2203 4493 suum
2235 4453 2293 4493 sd
2320 4454 2654 4501 poenitentiam
2674 4446 2904 4489 adduceret-
2925 4467 2941 4486 .
