2993 4837
546 319 670 381 334
1032 335 1108 379 ns
1157 334 1209 379 S.
1266 331 1666 380 ancsLsssnro
1715 332 2008 380 Ancurae.
2064 334 2432 381 commanffl
2698 316 2908 382 Nov.7

438 432 784 510 parceret,
821 418 1019 486 modo
1058 418 1405 507 prodesset
1444 418 1700 486 multis.
1751 423 2152 507 Deportatur
2195 418 2352 487 inde
2385 440 2628 507 corpus
2661 422 2911 506 martyris

460 530 578 597 per
624 528 860 575 curam
916 506 1387 596 Episcopalem
1439 528 1596 575 cum
1643 507 1969 595 lacrymis
2022 506 2279 587 multiS,
2335 529 2489 575 cum
2542 507 2830 576 Crucibus
2868 522 2911 576 et

458 595 831 665 thuribulis
882 596 948 664 in
989 595 1272 664 domum
1326 595 1504 664 beati
1554 596 1755 675 Petri,
1794 596 2028 682 ibique
2067 595 2474 685 deponitur;
2530 595 2838 682 multaque
2870 598 2911 664 ei

456 684 784 755 beneficia
837 706 956 773 per
1008 683 1259 753 multos
1308 683 1454 753 dies
1506 695 1641 752 tam
1688 685 1754 752 in
1809 685 2056 763 Missi5‚
2097 706 2303 771 quam
2354 685 2418 753 in
2465 684 2757 763 Psalmis,
2781 706 2912 753 more

455 774 835 843 Christiano
872 772 1397 861 impenduntur.
1447 772 1572 841 Diu
1620 774 1800 841 enim
1849 774 1913 839 in
1952 772 2070 842 illa
2099 774 2386 842 ecclesia
2443 774 2687 841 mansit
2727 796 2913 871 corpus

453 864 921 941 inhumatum,
958 861 1140 948 quod
1196 883 1313 950 per
1343 859 1653 930 futurum
1706 861 2077 931 antistitem
2135 863 2470 949 primores
2517 875 2582 931 et
2618 862 2728 948 qui
2771 865 2914 930 mini·

455 952 677 1023 steriis
726 950 1214 1040 fungebantur,
1260 948 1435 1019 illud
1498 951 1861 1019 conventui
1917 950 2309 1039 principum
2365 951 2832 1040 praesentiare,
2874 964 2916 1018 et

454 1041 538 1108 de
590 1039 1108 1130 percussoribus
1156 1039 1309 1126 ejus
1362 1038 1688 1126 conqueri
1740 1040 2161 1120 statuissent,
2217 1039 2397 1108 sicut
2444 1053 2510 1108 et
2556 1038 2789 1108 factum
2830 1052 2913 1106 est.

455 1135 544 1198 Ea
617 1129 798 1197 enim
872 1131 1082 1197 causa
1151 1150 1422 1197 sacrum
1495 1148 1748 1216 corpus
1816 1141 2211 1215 coquente5‚
2255 1149 2500 1197 carnes
2574 1129 2659 1196 ab
2713 1127 2918 1196 ossibus

455 1240 523 1287 se
578 1232 963 1286 araverunt.
1032 1217 1219 1285 Sicut
1265 1227 1492 1284 autem
1547 1228 1881 1285 testantur
1957 1216 2078 1303 qui
2142 1217 2450 1297 aderant,
2518 1217 2610 1285 ita
2670 1216 2916 1304 martyris

454 1239 749 1375 calvaria
790 1305 1040 1396 gladiis
1088 1304 1466 1373 caedentim
1513 1304 1857 1374 confracta
1907 1317 1971 1373 et
2009 1306 2436 1375 comminuta
2490 1304 2725 1385 fuerat,
2772 1318 2834 1374 ut
2866 1304 2916 1371 de

453 1395 754 1464 caldario
787 1416 1071 1483 corpore
1103 1405 1421 1473 extracto,
1478 1393 1940 1477 particulatim
1990 1394 2099 1462 vix
2138 1407 2362 1482 posset
2414 1395 2760 1484 conjungi.
2804 1399 2915 1461 Cum

458 1485 669 1554 tristis
721 1504 955 1551 rumor
1003 1482 1209 1552 occisi
1273 1481 1617 1572 pontificis
1658 1481 2028 1551 Ecclesiam
2085 1484 2579 1570 perturbasset,
2625 1488 2756 1552 Dux
2796 1480 2916 1551 Wal-

457 1595 690 1640 ramus
738 1570 1040 1640 dolorem
1107 1592 1317 1661 super
1364 1570 1667 1640 dolorem
1724 1570 1875 1660 ejus
1937 1570 2223 1650 addenS‚
2282 1572 2478 1640 tertia
2532 1571 2644 1640 die
2689 1595 2722 1639 a
2775 1568 2916 1640 caede

451 1661 628 1749 ejus,
672 1673 826 1728 ante
858 1681 1064 1746 quam
1115 1681 1368 1750 corpus
1406 1659 1562 1747 ejus
1597 1660 1892 1728 venisset
1927 1659 2303 1741 Coloniam,
2333 1673 2741 1752 congregato
2769 1658 2916 1727 milite

452 1749 727 1838 copioso
767 1761 831 1817 et
867 1748 1101 1817 multis
1134 1749 1431 1827 rusticiS,
1468 1762 1776 1819 castrum
1819 1747 2226 1828 Valantiam,
2267 1749 2450 1836 quod
2499 1752 2735 1819 beatus
2767 1748 2846 1815 vir
2865 1743 2916 1813 ad

456 1838 963 1907 munimentum
1004 1850 1217 1905 terrae
1254 1859 1386 1905 non
1431 1837 1634 1927 longe
1663 1859 1702 1905 a
1736 1849 1960 1906 castro
1994 1837 2319 1917 Rodensi,
2369 1839 2671 1907 maximo
2705 1847 2916 1924 sumptu

452 1926 948 2007 aedificaverat,
1003 1926 1252 1994 absens
1306 1925 1596 2005 obsedit,
1658 1939 1723 1993 et
1795 1938 1946 2014 post
2016 1947 2273 2016 paucos
2320 1927 2469 1996 dies
2530 1948 2688 1995 cum
2740 1942 2916 2014 magno

450 2037 734 2085 suorum
788 2014 1089 2103 tripudio
1137 2014 1401 2099 dejecit.
1458 2019 1622 2083 Nam
1692 2028 1968 2103 propter
2035 2015 2354 2105 Episcopi
2407 2015 2824 2105 repentinum
2855 2012 2920 2079 in·

452 2105 746 2183 teritum,
787 2117 850 2173 et
898 2102 1222 2174 Walrami
1273 2103 1725 2192 improvisum
1770 2102 2166 2183 adventum,
2207 2104 2324 2190 qui
2378 2103 2444 2172 in
2501 2119 2730 2173 castru
2763 2112 2914 2177 erant,

451 2207 725 2284 propter
803 2192 1114 2261 enuriam
1154 2213 1491 2272 annonae,
1539 2213 1888 2261 armorum
1934 2208 1995 2259 et
2049 2206 2645 2281 propugnatorum
2683 2190 2918 2260 hostibus

448 2305 518 2351 se
566 2281 720 2351 dedi
777 2294 1000 2350 erunt.
1050 2280 1433 2350 Walramus
1475 2295 1550 2349 ut
1611 2302 1647 2347 a
1699 2279 1872 2347 facto
1910 2301 2237 2349 excusare
2289 2303 2359 2350 se
2420 2296 2671 2368 posset,
2705 2282 2848 2348 sicut
2881 2289 2918 2343 et

448 2371 625 2453 fecit,
685 2391 1008 2457 praesens
1046 2369 1284 2439 adesse
1336 2369 1591 2438 noluit:
1653 2367 1764 2436 sed
1819 2368 2097 2446 fratrem
2158 2391 2360 2439 suum
2400 2370 2772 2440 Gerarduni
2814 2384 2918 2464 cuin

448 2460 589 2529 filio
655 2460 993 2529 Walramo
1055 2457 1135 2528 ad
1211 2471 1514 2527 castrum
1575 2458 2068 2527 destruendum
2139 2459 2346 2526 misit.
2403 2459 2643 2546 Ajebat
2688 2459 2916 2527 enimin

446 2571 642 2618 suam
700 2548 1149 2638 ignominiam
1197 2546 1366 2616 illud
1419 2559 1831 2615 extructum.
1870 2547 2215 2616 Gerardus
2267 2569 2444 2628 vero,
2487 2549 2611 2635 qui
2663 2550 2724 2616 in
2764 2558 2919 2614 castro

446 2638 785 2706 diruendo
836 2636 1128 2706 multum
1181 2635 1501 2716 fervebat,
1542 2635 1775 2704 eodem
1821 2634 1954 2717 die,
2009 2657 2146 2721 quo
2196 2635 2504 2704 solemne
2547 2634 2918 2727 tricenarium

446 2727 596 2815 ejus
652 2726 771 2811 qui
829 2739 1128 2794 castrum
1180 2737 1590 2803 extruxerat,
1639 2724 1971 2813 agebatur
2004 2723 2343 2800 Coloniae,
2381 2725 2518 2795 vita
2558 2726 2916 2816 privatus‚1n

446 2813 900 2904 Wassenberg
948 2813 1260 2903 sepultus
1306 2825 1430 2883 est.
1476 2817 1647 2881 Eum
1702 2826 1855 2901 post
1905 2814 2212 2900 quinque
2266 2835 2542 2884 menses
2592 2815 2783 2883 frater
2819 2809 2920 2896 ejus

450 2908 591 2971 Dux
642 2902 1024 2972 Walramus
1064 2915 1364 2984 secutu3‚
1401 2901 1713 2970 eamdem
1761 2902 1934 2970 viam
1971 2903 2331 2971 universae
2371 2905 2606 2972 carnis
2643 2906 2920 2992 ingressus

446 3005 569 3060 est.
612 2996 764 3060 Post
812 2991 1010 3078 cujus
1063 3005 1344 3060 mortem
1383 2990 1522 3060 duo
1574 2989 1695 3059 filii
1740 2992 1894 3075 ejus
1941 2990 2330 3061 Walramus
2371 2992 2619 3079 junior
2647 3005 2707 3060 et
2752 2993 2920 3058 eomes

446 3081 806 3158 HenricuS‚
846 3080 1033 3170 gravi
1086 3078 1457 3148 admodum
1514 3080 1913 3148 infirmitate
1964 3080 2280 3170 correpti,
2322 3081 2491 3149 satis
2538 3080 2742 3150 vexati
2786 3083 2916 3148 sunt,

450 3191 571 3238 nec
611 3169 837 3238 adhuc
879 3169 1074 3258 plene
1107 3168 1628 3238 convaluerunt.
1666 3172 1952 3236 Causam
2009 3190 2163 3236 vero
2213 3181 2357 3237 tum
2411 3172 2650 3240 mortis
2683 3166 2918 3237 illorum.

448 3272 589 3328 tum
646 3260 889 3327 borum
946 3257 1121 3326 male
1172 3256 1585 3326 valetudinis
1636 3261 1812 3326 Deus
1863 3256 2050 3326 novit
2095 3257 2296 3324 ⁴⁸.....

496 3494 519 3519 ¹·
551 3494 708 3532 Refert
736 3503 859 3532 mine
890 3492 1144 3532 monachus
1167 3491 1412 3531 Caesarius
1433 3487 1571 3540 plura
1592 3491 1831 3536 miracula,
1851 3500 1984 3539 quae.
2003 3493 2105 3539 ipso
2127 3492 2263 3535 teste,
2284 3492 2328 3531 S.
2351 3492 2625 3542 Engelberti
2648 3485 2920 3531 intercessione

442 3549 626 3595 patrata
654 3546 808 3589 suere:
838 3546 961 3589 dein.
986 3549 1163 3594 quanto
1193 3545 1358 3584 ardore
1389 3544 1635 3589 Henricus.
1665 3544 1707 3584 8.
1736 3544 2005 3592 Engelberti
2029 3545 2078 3584 in
2099 3545 2367 3584 Coloniensi
2388 3546 2499 3586 sede
2523 3555 2767 3588 successor,
2783 3536 2920 3580 crudele

440 3600 729 3648 impiumque
749 3598 932 3639 facinus
951 3604 1229 3647 persecutus
1249 3598 1414 3638 {uei-m
1435 3606 1663 3646 quasnam
1682 3597 1869 3637 demum
1889 3607 2069 3645 poenas
2089 3598 2358 3639 Frtdericus
2379 3600 2548 3640 Comes
2569 3600 2752 3642 dederit,
2769 3595 2919 3636 enum·

442 3653 566 3700 Quae
589 3651 754 3698 omnia,
775 3655 1039 3692 necessaria
1058 3650 1290 3692 brevitate
1312 3649 1457 3691 coacti
1481 3661 1564 3690 nos
1588 3652 1912 3699 praeterimus.
