2993 4837
52 303 187 368 Not&
234 304 270 366 3
739 320 815 366 ns
862 321 909 366 s.
968 318 1254 399 nea-saro
1303 323 1401 367 za.
1454 309 1784 369 bsontcsst
2365 307 2448 369 75

51 404 372 476 venerabile
388 404 913 494 Episcoporum,
943 405 1124 493 quod
1160 418 1321 475 tunc
1345 407 1675 496 temporis
1705 405 1889 497 apud
1918 410 2143 494 Aquas
2162 428 2536 498 congrega-

48 507 153 563 tum
181 505 331 574 erat,
367 493 605 563 statuit
635 492 1149 574 conserendum,
1204 493 1462 583 etquid
1501 495 1601 566 eis
1648 506 1825 565 esset
1864 494 2268 584 gerendum,
2308 518 2349 565 a
2381 518 2536 568 sen·

44 582 208 653 tentia
232 582 442 653 sancti
489 594 869 652 conventus
909 604 1322 674 magnopere
1366 583 1855 673 flagitandum.
1911 584 2098 653 Idem
2150 597 2379 655 autem
2424 607 2535 655 ve-

42 671 333 746 nerabilis.
369 693 449 741 ac
527 692 763 741 rorsus
790 675 920 741 Deo
946 672 1269 742 amabilis
1295 685 1699 751 conventus,
1731 673 2183 743 consideratis
2223 673 2534 761 undique

44 760 321 848 partibus,
372 694 634 830 scilicet
690 759 812 848 qui
859 772 924 830 et
965 783 1178 848 quare
1210 775 1540 862 peterent,
1592 761 1709 830 sed
1753 772 1819 830 et
1856 762 2229 833 reverentia
2264 763 2534 832 Domini

40 848 414 929 confessori&
455 862 834 919 sanxerunt
882 861 978 920 tot
1030 849 1507 942 religiosorum
1555 851 1856 921 virorum
1909 862 2085 932 vot0,
2130 853 2346 921 sancti
2409 852 2532 922 viri

41 958 162 1007 ossa
186 938 408 1018 omitti,
455 939 613 1006 etin
652 939 1065 1007 monasterio
1096 938 1520 1029 supradicto,
1551 940 1671 1009 ubi
1704 939 2094 1029 religiosius
2125 940 2534 1011 honoraren-

42 1038 144 1102 tur.
170 1026 494 1098 collocari.
536 1031 843 1110 Quorum
872 1028 1249 1098 sententiae
1282 1027 1716 1116 saepedictus
1749 1028 2048 1118 pontifex
2075 1027 2529 1099 obedientiam

40 1115 318 1204 praebuit,
367 1115 660 1186 consilio
708 1117 1022 1190 assensit.
1062 1129 1128 1186 et
1179 1117 1566 1206 petentibus
1604 1115 1961 1204 jamdictis
2010 1118 2174 1188 viris
2209 1139 2533 1187 veneran-

32 1202 142 1284 dis,
180 1205 584 1276 sanctissimi
620 1204 748 1273 viri
787 1206 1075 1276 liuberti
1123 1227 1378 1298 cprpus
1424 1206 1758 1276 attribuit.
1813 1210 1981 1276 Nam
2030 1227 2212 1276 anno
2259 1206 2532 1277 ordina-

30 1291 200 1362 tionis
230 1294 438 1382 ipsius
487 1293 974 1374 decimosexto,
1027 1295 1148 1382 qui
1181 1306 1283 1364 est
1332 1295 1826 1366 incarnationis
1879 1294 2268 1365 Dominicae
2315 1297 2534 1366 octin-

30 1382 401 1469 ‚geutesimus
440 1382 1132 1471 vicesimusquintuS,
1176 1407 1238 1453 x1
1289 1383 1621 1454 Calendas
1651 1383 1984 1464 Octobris,
2032 1383 2115 1453 ad
2156 1385 2529 1455 beatissimi

30 1468 383 1541 ÷aonfessoris
432 1483 712 1541 ventum
765 1485 867 1541 est
904 1494 1179 1549 urnam,
1215 1485 1418 1559 atque
1451 1495 1490 1541 a
1525 1472 1996 1542 sacerdotibus
2035 1495 2194 1543 cum
2235 1474 2533 1543 maxima

30 1559 347 1664 *reverentia
376 1582 412 1629 a
450 1559 604 1630 loco
644 1559 1042 1651 sepulturae
1078 1561 1228 1652 ejus
1265 1561 1536 1642 effossa,
1570 1561 1729 1631 inde
1757 1582 1916 1632 curn
1955 1561 2255 1651 religiosi
2292 1562 2528 1653 populi

30 1645 367 1742 gradusque
414 1649 879 1719 Ecclesiastici
927 1649 1332 1738 frequentia,
1389 1650 1455 1719 in
1513 1650 1686 1721 beati
1739 1649 2076 1720 Lamberti
2135 1649 2522 1730 ecclesiam,

30 1735 213 1822 uncti
252 1759 392 1807 ossa
424 1752 596 1808 sunt
647 1737 774 1806 viri
809 1751 1210 1808 transvecta.
1270 1739 1392 1809 Ubi
1430 1739 1658 1810 triduo
1691 1738 2120 1809 orationibus
2167 1750 2230 1809 et
2281 1739 2531 1830 vigiliis

30 1891 33 1944 Ι
73 1908 85 1922 ’
128 1934 181 1982 m
220 1935 361 1984 cum
414 1915 650 1986 loculo
699 1938 826 1984 suo
874 1928 1037 1986 sunt
1078 1916 1358 2005 perlata,
1406 1915 1801 2004 ibidemque
1841 1917 2103 1986 Christo
2138 1932 2484 1987 annuente
2510 1973 2525 1998 ,

30 2069 51 2082 ,
124 2013 276 2073 tanto
308 2003 687 2074 confessori
735 2005 1185 2106 competebat,
1241 2005 1534 2075 mirifice
1571 2004 1870 2074 condita.

30 2089 43 2128 l
110 2090 284 2176 na.
334 2094 457 2162 Sed
511 2092 848 2181 quoniam
902 2094 1199 2184 insignia
1251 2094 1495 2164 Christi
1552 2092 1933 2173 miracula,
1982 2094 2240 2180 quibus
2299 2093 2576 2180 multi--

30 2137 439 2279 limiesanctos
475 2204 646 2251 suos
674 2182 1035 2273 glorificat,
1075 2182 1268 2253 nullo
1297 2183 1498 2252 modo
1523 2183 1696 2251 'sunt
1720 2180 2123 2262 occulenda,
2162 2181 2278 2251 sed
2310 2184 2531 2272 magis

30 2281 374 2427 {mum
433 2283 781 2357 quantum
836 2271 1242 2341 mortalibus
1287 2270 1421 2340 fari
1468 2270 1675 2341 datur
1708 2325 1723 2350 ,
1779 2270 1866 2339 ob
1925 2270 2074 2361 ejus
2131 2269 2417 2360 gloriam
2469 2284 2532 2341 et

30 2371 35 2429 ἱ
274 2358 806 2453 ‘ropagandam
846 2359 1137 2430 fideliter
1186 2359 1702 2451 praeconanda:
1758 2358 1950 2430 valde
1994 2358 2318 2429 indecens
2350 2359 2531 2429 indi-

30 2449 848 2543 ÷gpumqucjudicavimu5,
879 2461 954 2519 ut
978 2450 1129 2538 ejus
1165 2449 1775 2541 magnificentiam,
1817 2470 1994 2537 quae
2031 2460 2260 2518 nostro
2300 2448 2531 2519 seculo

30 2522 182 2619 [circa
212 2538 557 2608 memorati
602 2538 820 2606 sancti
871 2539 995 2606 viri
1031 2538 1321 2608 cadaver
1356 2538 1763 2608 mirabiliter
1793 2537 2072 2618 effulsit,
2113 2538 2385 2607 silentio
2436 2550 2531 2607 te-

30 2636 253 2709 tgamus.
289 2630 562 2708 Verum,
604 2626 782 2696 sicut
815 2626 973 2697 dicti
1015 2626 1425 2697 venerabilis
1463 2627 1788 2698 antistitis
1822 2626 2200 2708 walcandi,
2253 2639 2317 2696 et
2364 2647 2529 2714 quo·

30 2704 295 2805 lmmdam
339 2715 643 2785 aliorum
698 2715 1175 2806 religiosorum
1231 2716 1530 2785 virorum
1583 2715 1799 2785 veraci
1853 2714 2071 2785 relatu
2121 2715 2522 2795 didicimus,

30 2811 265 2883 i'prorsus
290 2804 371 2873 ab
420 2804 545 2874 illa
588 2805 1049 2895 corruptione,
1094 2826 1268 2892 quae
1316 2804 1404 2873 ob
1455 2804 2101 2894 praevaricationem
2143 2805 2350 2895 primi
2403 2827 2524 2895 pa-

30 2886 212 2957 lmatis
238 2890 666 2978 iustissimae
713 2891 1059 2963 humanae
1109 2905 1394 2963 naturae
1446 2892 1821 2983 poenaliter
1869 2892 2126 2962 inflicta
2170 2905 2294 2967 est.
2339 2894 2527 2983 ejus—

30 2968 175 3071 ,ἂβω
205 2976 569 3051 beatissimi
617 2981 742 3050 viri
809 2982 1016 3051 totius
1074 2982 1382 3071 corporis
1444 3003 1779 3073 compago
1829 2982 1919 3050 ita
1982 2981 2205 3050 aliena
2269 2982 2528 3051 immu—

30 3078 234 3161 gfltsffae
265 3083 359 3141 est
424 3083 748 3161 reperta,
809 3070 1396 3157 quemadmodum
1448 3083 1751 3161 tempore
1819 3070 2256 3140 Carlomanni
2328 3072 2528 3161 Regis

30 3142 235 3253 *legitur
260 3157 531 3228 inventa
563 3157 798 3234 fuisse.
825 3172 890 3228 et
923 3173 1139 3229 terrae
1171 3158 1517 3229 mandata.
1551 3159 1741 3242 Quod
1772 3170 2109 3247 quantum
2144 3160 2275 3228 sub
2306 3159 2323 3226 i
2384 3159 2528 3229 sius

30 3245 324 3347 {prtneipis
352 3261 688 3337 tempore,
732 3268 890 3337 erga
947 3246 1228 3348 praefati
1271 3249 1487 3350 sancti
1513 3249 1650 3348 ‘viri
1684 3269 1961 3349 corpus,
2008 3268 2128 3337 per
2147 3259 2255 3348 ‘tot
2289 3269 2325 3316 e
2356 3269 2524 3348 apsa

30 3324 1986 3516 *ffiffissttffzzffisffia53‘2522212221352232‘
2003 3336 2528 3512 itssg'ssffqssxffiss

56 3584 59 3585 γ
140 3528 261 3590 ore,
308 3526 654 3600 quantave
692 3513 1047 3585 illaesione
1075 3525 1140 3583 et
1176 3514 1688 3603 incorruptione
1769 3514 2046 3585 rotectio
2079 3512 2314 3582 divina
2351 3511 2520 3582 illud

140 3600 369 3681 averit,
419 3602 920 3674 rationabiliter
957 3603 1540 3693 comprehensum
1592 3602 1726 3672 fide
1759 3603 2020 3690 iterque
2068 3613 2521 3681 annotatum,

30 3682 302 3784 fiperl'acile
344 3690 669 3780 colligere
716 3691 962 3779 quibit.
1006 3696 1168 3761 Cum
1222 3692 1435 3783 igitur
1476 3690 1574 3760 nil
1626 3691 2041 3773 detrimenti,
2100 3690 2335 3778 nilque
2382 3711 2529 3759 cor-

30 3777 320 3859 suptionis
365 3780 432 3847 in
469 3781 781 3871 corporis
828 3779 1140 3868 eiusdem
1195 3781 1411 3851 sancti
1450 3781 1574 3850 viri
1614 3781 1836 3870 prima
1872 3781 2319 3852 translatione
2351 3801 2528 3867 quae

30 3852 177 3963 &facta
213 3879 307 3935 est
363 3868 497 3938 sub
564 3883 941 3940 memorato
992 3869 1304 3959 principe
1340 3925 1355 3951 ,
1408 3882 1837 3959 compertum
1895 3869 2107 3941 fuisse
2163 3868 2519 3949 didicerit,

30 3946 188 4025 :wila
217 3954 429 4037 modo,
467 3958 649 4044 quod
690 3958 758 4026 in
798 3958 925 4028 hac
961 3958 1265 4028 secunda
1297 3979 1474 4046 quae
1508 3958 1685 4028 facta
1718 3972 1822 4027 est
1850 3980 1888 4027 a
1923 3957 2296 4029 Walcando
2332 3980 2529 4047 prae·-

30 4033 151 4106 {sule
188 4042 308 4140 sub
357 4044 668 4134 piissimo
720 4051 985 4134 Deoque
1035 4046 1319 4117 amabili
1373 4047 1714 4116 Ludovico
1771 4051 2052 4116 Caesare
2082 4100 2097 4125 ,
2154 4047 2528 4148 saepedicti

30 4100 209 4196 lancti
235 4131 356 4200 viri
388 4155 644 4223 corpus
669 4135 969 4206 solidum
1002 4135 1486 4222 illaesumque,
1544 4134 1781 4204 eadem
1835 4134 2083 4204 Christi
2121 4147 2340 4226 gratia
2379 4159 2531 4226 pro-

30 4188 275 4369 lwgente,
329 4221 634 4291 invenire
680 4224 994 4309 quiverit,
1048 4223 1416 4293 dubitabit.
1471 4227 1558 4291 Ac
1608 4243 1730 4311 per
1771 4222 1898 4292 hoc
1937 4222 2145 4292 totius
2182 4224 2532 4314 ambigui-

52 4306 160 4401 llltp
199 4308 425 4379 nubilo
472 4324 772 4391 exutuS,
839 4313 1137 4382 veritatis
1190 4333 1274 4380 ue
1344 4312 1746 4401 perspicuae
1807 4310 1959 4380 luce
2012 4312 2377 4409 perfusus,
2435 4311 2532 4379 nil

56 4402 144 4458 '¹¹81
181 4397 344 4481 qnod
399 4400 724 4477 miretur,
776 4411 838 4468 et
888 4400 1072 4470 unde
1184 4399 1405 4468 ivinae
1441 4397 1784 4490 potentiae
1833 4398 2257 4489 multiplices
2306 4412 2536 4487 grates

30 1825 357 1910 iproeecuta,
402 1826 780 1896 undecimo
821 1826 1152 1897 Calendas
1200 1828 1509 1898 Octobris
1558 1828 1642 1897 ad
1687 1840 2141 1897 memoratum
2187 1841 2532 1900 monaste—
2645 1855 2654 1863 ·
