2993 4837
33 325 158 392 ΠΟΥ.
212 329 286 393 ⁴4
565 347 642 392 nn
692 348 746 393 s.
802 347 1152 395 Latinam-10
1202 347 1494 394 Ancnmr.
1548 348 1920 395 nunnmssnsr
2297 335 2428 399 479

33 428 265 512 subditis
312 431 678 520 irrogataS,
720 431 1012 501 maxime
1051 453 1209 500 cum
1255 445 1446 519 pater
1483 432 1740 521 patriae
1781 433 1925 521 ipse
1964 433 2326 503 diceretur.
2369 441 2516 517 Qua

114 519 519 588 sideratione
571 542 704 589 non
742 519 826 588 de
872 519 1054 589 fastu
1105 520 1344 590 honori
1407 575 1421 602 ,
1491 542 1623 589 non
1677 521 1760 589 de
1810 522 2161 591 nobilitate
2210 525 2504 611 generiS,

33 527 112 706 Ε
159 608 238 674 de
289 609 594 697 potentia
642 607 855 677 seculi
915 609 1208 698 superbe
1268 608 1368 678 ela
1407 631 1512 689 ηε,
1580 609 1935 679 humiliter
1981 611 2067 680 ad
2134 612 2511 681 orationem

33 709 335 766 :inversus
369 711 496 779 est,
553 696 953 783 malensque
1003 699 1498 786 persecutionis
1595 698 1854 767 ladium
1907 699 1974 767 in
2026 722 2120 779 se,
2175 722 2380 787 quam
2441 701 2510 768 in

33 801 165 852 tuam
255 784 474 854 lebern
525 785 1225 875 converti,jejunium
1279 787 1409 855 sibi
1460 787 1525 855 in
1588 787 1727 866 ixit,
1764 799 1841 856 ut
1888 810 2025 857 uno
2057 788 2166 857 die
2218 788 2512 857 naturali

34 893 103 940 tec
147 807 402 953 cibum,
464 896 589 942 nec
642 885 873 962 potum
928 887 1231 964 caperet:
1270 888 1334 944 et
1366 875 1724 946 ecclesiam
1776 876 2131 965 ingressus
2178 899 2336 945 cum
2370 879 2516 946 suis

40 959 257 1040 leucis,
290 965 663 1031 Dominum
695 964 1116 1033 incessanter
1147 964 1666 1052 deprecabatur,
1705 964 1924 1033 instar
1957 965 2180 1035 fidelis
2218 966 2508 1054 patroni,

34 1071 105 1118 tro
147 1050 549 1120 liberatione
583 1073 862 1120 suorum
916 1053 1262 1121 insistens.
1303 1052 1426 1121 Sed
1459 1075 1591 1122 non
1646 1054 1846 1141 longe
1879 1068 2030 1142 post
2075 1053 2303 1122 divina
2343 1055 2515 1123 ultio

35 1159 61 1204 u
96 1139 233 1208 illos
265 1140 645 1231 sacrilegos
692 1141 1192 1210 animadvertit.
1247 1144 1493 1210 Octavo
1532 1142 1714 1210 enim
1765 1141 1877 1210 die
1928 1142 2200 1211 illorum
2260 1144 2513 1232 princi-

35 1229 497 1317 essupradicti
565 1252 605 1297 a
652 1229 1064 1314 quibusdam
1118 1229 1321 1330 Regis
1372 1230 1705 1299 ministris
1764 1230 2245 1319 comprehensi
2294 1244 2504 1301 sunt:

38 1319 389 1401 tquamvis
438 1319 542 1387 sic
578 1318 742 1387 satis
779 1317 1014 1407 procul
1042 1320 1375 1386 acintate
1425 1318 1600 1386 beati
1655 1320 1995 1387 Laurentii
2036 1321 2215 1408 capti
2247 1333 2496 1396 essent,

35 1424 157 1472 mus
187 1417 408 1474 tamen
462 1428 545 1474 ex
588 1405 747 1485 illis,
799 1407 992 1492 quasi
1050 1428 1180 1475 non
1249 1419 1471 1496 posset
1519 1407 1682 1474 alibi
1735 1407 2027 1476 inveniri
2088 1409 2502 1497 patibulum,

41 1495 360 1564 ecessitate
408 1495 750 1563 divinitus
798 1495 1269 1584 compellente,
1309 1496 1393 1563 ad
1430 1495 2021 1565 Glindalacensem
2073 1498 2312 1566 urbem
2356 1519 2509 1587 per-

42 1595 215 1652 uetus
246 1596 368 1664 est,
408 1597 480 1654 et
514 1585 580 1651 in
621 1605 787 1672 rupe
831 1585 1401 1663 eminentissima,
1440 1584 1973 1674 ingredientium
2008 1586 2075 1653 in
2113 1585 2498 1666 ecclesiam,

37 1670 233 1740 tinde
277 1672 785 1762 egredientium
836 1674 1191 1743 obtutibus
1255 1673 1596 1762 exposita,
1661 1695 2043 1758 suspensus
2093 1675 2382 1743 interiit:
2437 1687 2516 1744 ut

36 1757 79 1824 bi
126 1760 201 1828 de
246 1749 598 1849 flagitioso
654 1783 948 1847 aequum
1027 1763 1134 1829 Dei
1186 1775 1636 1849 agnoscerent
1674 1763 2058 1849 judicium,
2103 1764 2223 1832 ubi
2273 1777 2511 1833 contra

36 1846 303 1919 :eclesiae
351 1850 739 1919 libertatem
795 1849 986 1918 illum
1044 1851 1349 1936 nequiter
1389 1849 1764 1937 deliquisse
1804 1853 2180 1920 constabat.
2237 1853 2507 1939 Reliqui

34 1957 114 2004 ⁴no
155 1938 467 2023 ejusdem
508 1939 848 2024 nequitiae
894 1951 1265 2018 consortes,
1308 1940 1374 2006 in
1412 1940 1518 2007 via
1552 1939 1669 2007 illa
1703 1961 1839 2025 qua
1873 1941 2309 2030 sacrilegium
2349 1964 2505 2029 per-

35 2035 256 2106 neti-ant,
312 2027 697 2117 suspendio
748 2029 962 2096 necati
1013 2041 1195 2097 sunt.
1236 2028 1502 2110 Quibus
1551 2029 1642 2096 ita
1682 2028 1995 2107 sublatiS,
2047 2030 2508 2115 tranquillitas

34 2115 252 2195 ›ati-iae,
304 2129 369 2185 et
422 2116 799 2185 viatoribus
870 2117 1200 2185 securitas
1279 2116 1585 2185 restituta
1636 2130 1758 2196 est,
1819 2117 2259 2203 requiemque
2320 2119 2507 2188 dedit

34 2205 149 2271 leus
176 2203 437 2274 famulo
491 2226 617 2274 suo
651 2204 735 2272 ab
768 2204 1094 2275 omnibus
1135 2205 1457 2273 inimicis.
1496 2211 1594 2274 Ita
1647 2205 1976 2274 nimirum
2013 2205 2307 2274 similem
2345 2229 2504 2276 eum

33 2287 130 2358 'ecit
169 2294 500 2363 Dominus
542 2294 607 2360 in
646 2292 861 2380 gloria
911 2307 1330 2372 sanctorum,
1388 2306 1450 2362 et
1503 2294 1964 2383 magnificavit
2013 2317 2169 2364 eum
2235 2295 2297 2362 in
2349 2316 2510 2365 con-

33 2393 204 2467 pectu
255 2382 727 2463 inimicorum,
765 2394 828 2451 et
863 2382 925 2450 in
963 2383 1186 2452 verbis
1218 2383 1363 2452 suis
1401 2395 1700 2453 monstra
1741 2383 2053 2470 placavit.
2090 2384 2507 2453 Glorificavit

34 2488 129 2536 nm
182 2471 246 2539 in
319 2485 699 2558 conspectu
751 2470 985 2561 populi
1038 2473 1182 2558 suis,
1247 2486 1311 2541 et
1380 2473 1618 2541 civitas
1677 2472 2221 2542 Glindalacensis
2275 2473 2503 2562 magni

33 2550 158 2636 tim,
212 2573 538 2649 utsupra
584 2560 844 2629 dictum
896 2570 1016 2640 est,
1075 2560 1397 2641 nominis,
1448 2573 1630 2630 tanto
1690 2561 2012 2629 irradiata
2061 2562 2306 2641 sidere,
2371 2584 2503 2630 non

33 2662 211 2715 tarum
266 2649 334 2717 in
393 2661 531 2718 tota
581 2649 854 2737 regione
888 2648 1005 2717 illa
1056 2649 1333 2717 lionoris
1380 2660 1444 2717 et
1482 2650 1891 2718 reverentiae
1932 2662 2297 2719 consecuta
2347 2663 2469 2719 est.

74 2736 227 2817 ἓξ).
284 2738 509 2827 Igitur
568 2750 864 2823 quatuor
912 2738 1017 2806 bis
1067 2737 1269 2806 annis
1336 2738 1421 2806 ita
1476 2738 1815 2826 peractis,
1874 2760 2000 2827 pax
2073 2739 2335 2808 reddita
2408 2751 2508 2808 est

34 2822 101 2888 oti
147 2826 428 2915 regioni,
486 2838 548 2893 et
594 2827 869 2914 copiosa
901 2824 1211 2894 fertilitas
1248 2826 1585 2913 praeteriti
1625 2827 1951 2914 temporis
1992 2828 2292 2918 inopiam
2342 2829 2511 2897 mire

34 2913 325 2998 *upplevih
387 2915 580 2983 Unde
633 2915 852 2983 Abbas
922 2914 1347 2994 LaurentiuS‚
1393 2915 1722 2984 charitate
1787 2916 2114 2996 ferviduS,
2168 2917 2250 2985 ad
2304 2940 2510 3017 opera

33 2995 314 3072 *haritatis
368 3015 553 3072 totus
584 3004 955 3081 accinctu8‚
1000 3003 1265 3087 copiam
1310 3024 1535 3071 rerum
1576 3004 1706 3092 ipsi
1742 3001 2044 3083 allatam,
2088 3008 2508 3095 pauperibus

33 3090 356 3159 nutriendis
407 3104 473 3160 et
542 3091 848 3160 ecclesiis
919 3090 1366 3159 aedificandis
1442 3092 1717 3162 abunde
1790 3091 2155 3180 impertiit:
2211 3116 2509 3180 cumque

33 3172 241 3248 livitiae
273 3180 454 3267 ejus,
504 3179 656 3248 licet
708 3179 1066 3269 plurimae,
1108 3180 1548 3270 benignitatis
1598 3194 1663 3251 et
1708 3180 2061 3249 charitatis
2112 3181 2263 3268 ejus
2324 3204 2511 3250 sum-

33 3266 122 3331 ·tui
157 3290 283 3337 non
317 3269 829 3356 responderent,
881 3269 1275 3338 thesaurum
1312 3270 1524 3357 patris
1559 3270 1689 3349 sui,
1732 3291 1935 3355 quem
1979 3270 2506 3337 custodiendum

38 3370 344 3443 coeperat,
404 3358 824 3446 pauperibus
876 3370 1087 3426 totum
1138 3358 1512 3437 distribuit,
1575 3372 1639 3427 et
1696 3379 2172 3444 quaecumque
2208 3357 2512 3425 invenire

33 3453 229 3514 oterat
270 3469 522 3526 manus
578 3448 748 3535 ejus,
807 3446 1214 3515 multivariis
1274 3447 1627 3515 charitatis
1684 3446 1925 3516 officiis
1977 3445 2347 3515 liberaliter
2409 3445 2510 3512 di-

36 3535 377 3619 pergendo,
438 3557 555 3624 per
606 3557 850 3604 manus
888 3535 1339 3624 indigentium
1375 3535 1439 3602 in
1477 3535 1701 3604 coelos
1738 3536 2152 3604 transmisit:
2208 3547 2304 3612 ut,
2342 3556 2509 3620 que-

33 3619 417 3691 nadmodum
470 3622 552 3691 de
585 3636 819 3694 sancto
854 3624 1079 3692 Levita
1126 3636 1189 3693 et
1240 3637 1538 3714 martyre
1572 3624 1956 3703 Laurenti0,
2004 3624 2207 3712 cujus
2261 3644 2508 3691 nomen

34 3725 113 3772 lon
162 3712 305 3779 sine
357 3713 710 3801 praesagio
756 3714 1150 3781 meritorum
1187 3712 1478 3800 adeptus
1525 3714 1766 3793 fuerat,
1825 3715 1922 3781 sic
1971 3725 2034 3782 et
2081 3713 2165 3779 de
2215 3711 2333 3780 illo
2392 3733 2504 3779 ve-

34 3796 218 3865 aciter
262 3799 398 3868 dici
440 3803 650 3889 possit
687 3825 700 3868 :
757 3802 1101 3892 Dispersit.
1157 3803 1337 3871 dedic
1367 3805 1822 3893 pauperibus:
1847 3804 2124 3892 justicia
2180 3803 2324 3890 ejus
2363 3824 2510 3869 ma-

33 3893 92 3947 ret
130 3887 192 3952 in
237 3892 535 3957 seculum
590 3891 860 3979 seculi(
891 3897 991 3959 Ps.
1038 3890 1184 3979 111³).
1227 3896 1410 3959 Certe
1452 3892 1509 3961 si
1562 3891 1817 3959 electus
1871 3892 1979 3958 Dei
2033 3890 2207 3957 inter
2266 3888 2505 3957 mundi

35 3973 321 4068 candala,
371 3977 543 4046 inter
590 3979 850 4065 antiqui
903 3980 1238 4065 serpentis
1292 3979 1560 4058 sibilos,
1616 3992 1679 4048 et
1728 3978 1991 4067 fragilis
2038 3977 2269 4047 carnis
2313 3977 2506 4046 blan-

33 4054 181 4130 litias
217 4063 439 4134 laesus
489 4066 720 4153 aliqua
757 4088 834 4136 ex
866 4081 1051 4157 parte
1084 4068 1287 4137 fuerit
1316 4068 1481 4157 (non
1537 4080 1636 4137 est
1683 4068 1866 4135 enim
1922 4068 2123 4136 homo
2154 4066 2387 4154 justus
2437 4066 2504 4134 in

33 4164 177 4225 erra,
228 4155 345 4238 qui
382 4154 583 4223 saciat
646 4157 922 4237 bonum,
976 4168 1038 4226 et
1082 4179 1212 4225 non
1268 4157 1562 4245 peccet),
1617 4155 1970 4224 charitatis
2035 4155 2340 4235 affectus,
2387 4155 2505 4241 qui

33 4249 127 4333 {rat
171 4239 457 4330 insignis
513 4245 579 4311 in
632 4244 789 4322 ille,
847 4245 1109 4333 operire
1207 4255 1418 4312 oterat
1470 4243 1977 4312 multitudinem
2041 4245 2501 4329 peccatorum.

33 4344 301 4397 :niversa
351 4332 533 4399 enim
600 4331 885 4412 delicta,
943 4346 1015 4401 ut
1074 4268 1274 4402 habet
1322 4331 1705 4400 Salomonis
1746 4333 2227 4422 proverbium,
2290 4334 2507 4419 operit

33 4407 300 4501 fliaritas3
337 4434 398 4488 et
433 4421 486 4489 si
527 4422 824 4520 peccavit
862 4422 1179 4501 multum,
1224 4421 1584 4490 remissum
1623 4432 1725 4488 est
1771 4422 1855 4500 ei,
1896 4420 2221 4507 quoniam
2274 4420 2508 4490 dilexit
