2993 4837
528 318 655 381 262
1276 334 1356 380 na
1404 335 1459 381 s.
1514 331 1755 382 canoto
1805 332 2139 381 aonaousso
2676 314 2827 380 Nox:
2885 316 2888 327 '

438 418 953 509 progressiones
986 418 1295 499 affectuS,
1334 429 1399 488 et
1434 418 1786 497 incensuS,
1841 419 1909 485 in
1946 438 2024 486 eo
2070 416 2536 497 custodiendo,
2576 429 2755 503 atque
2789 436 2894 486 om·

440 508 646 577 nibus
672 506 877 577 rebus
908 506 1239 592 juvando,
1281 506 1644 576 mirificam
1699 506 2018 576 adhibuit
2051 508 2513 587 attentionem,
2546 504 2885 595 vigilantia

437 619 515 665 ac
564 595 892 664 laborem.
930 599 1080 677 Qua
1113 595 1184 663 in
1235 616 1305 663 re
1346 595 1640 665 naturali
1685 594 2005 664 facultate
2028 595 2329 684 quadam
2372 616 2502 664 non
2547 593 2899 663 mediocrite

436 706 594 754 eum
638 684 862 771 juvari
900 682 1237 753 concessit
1287 687 1503 753 Deus:
1558 695 1635 753 ut
1681 684 1940 773 quibus
1970 684 2038 752 in
2085 685 2291 753 rebus
2326 684 2455 753 sibi
2487 681 2878 753 elaborandu

438 772 930 853 constituisset,
989 772 1073 841 iis
1121 794 1193 841 se
1251 774 1456 842 rebus
1501 773 1795 862 penituS,
1866 785 2219 861 totumque
2268 773 2480 841 daret.
2537 777 2622 841 lta
2666 784 2821 840 certe
2868 803 2884 828 ι

438 874 656 932 totum
690 861 771 929 ad
816 859 1145 930 ecclesiae
1192 883 1358 929 suae
1406 883 1645 930 curam
1692 861 1944 938 retulit,
1989 863 2075 931 ita
2123 861 2181 929 ei
2225 883 2374 931 sese
2426 861 2827 950 mancipavit,
2890 873 2893 876 ·

436 951 589 1040 ejus
638 949 880 1038 gratia,
934 961 997 1018 et
1036 950 1398 1019 commodo
1446 950 1882 1039 amplissima
1929 949 2306 1030 donaverit;
2365 963 2629 1039 propter
2661 971 2796 1017 eam
2829 969 2881 1016 a·

439 1038 1067 1108 ministrationibus
1124 1059 1193 1107 se
1239 1038 1569 1108 omnibus
1608 1038 2006 1118 exsolverit3
2061 1038 2290 1127 ipsum
2347 1038 2884 1127 praeclarissimo

438 1125 913 1196 Cardinalatus
962 1126 1283 1217 gradum,
1332 1127 1388 1197 si
1420 1128 1511 1196 ita
1538 1140 1898 1215 oporteret,
1934 1128 2022 1196 ob
2060 1126 2349 1196 eandem
2386 1148 2696 1196 caussam
2740 1124 2878 1193 dimi

437 1227 597 1295 tere,
652 1215 832 1302 quod
886 1227 1134 1284 temere
1183 1236 1317 1284 non
1354 1215 1532 1296 dico,
1582 1228 1862 1305 paratus
1911 1214 2155 1295 fuerit;
2216 1216 2284 1283 in
2336 1237 2414 1283 ea
2465 1214 2747 1301 denique
2793 1235 2864 1282 cu

435 1303 672 1372 omnia
710 1303 961 1384 studia,
1001 1325 1240 1374 omnes
1290 1304 1533 1383 animi,
1572 1306 1981 1392 corporique
2017 1304 2191 1373 vires
2228 1305 2532 1393 posuerit
2567 1318 2629 1372 et
2656 1324 2848 1371 consu
2880 1333 2884 1356 ι

436 1392 671 1480 pserit,
711 1413 932 1479 usque
965 1391 1050 1461 ad
1101 1406 1415 1461 mortem.
1451 1398 1758 1479 Cumque
1810 1392 2086 1472 videret,
2131 1405 2469 1479 quantum
2510 1414 2587 1462 ex
2638 1410 2882 1480 praesen

435 1481 733 1550 Pastoris
783 1481 1003 1571 ipsius
1032 1479 1343 1551 custodia
1384 1502 1547 1570 grex
1585 1483 1670 1550 ad
1721 1481 1966 1550 uberes
2003 1482 2288 1550 Domino
2321 1481 2589 1551 fructus
2635 1478 2891 1549 ferendo

424 1570 804 1659 juvaretur,
854 1571 1306 1657 praesentiam
1346 1570 1593 1659 ipsam,
1643 1569 2125 1656 residendique
2160 1570 2225 1637 in
2278 1570 2425 1639 suis
2477 1569 2777 1639 ecclesiis
2805 1589 2885 1635 co

436 1659 707 1727 tinuum
760 1658 1067 1727 studium
1097 1679 1538 1747 summopere
1578 1680 1849 1747 semper
1872 1659 2108 1728 extulit
2138 1681 2217 1727 ac
2251 1658 2606 1746 Episcopis
2654 1656 2864 1727 omnib

438 1758 574 1815 toto
621 1747 854 1816 animo
893 1747 1302 1835 persuadere
1351 1758 1641 1816 conatus
1689 1761 1826 1827 est;
1891 1767 2030 1837 qua
2077 1746 2679 1817 commendatione
2745 1767 2814 1814 ac
2855 1751 2895 1803 ιε’

435 1835 817 1905 hortatione
870 1834 1150 1924 profecit
1197 1836 1264 1904 in
1298 1835 1571 1916 multis,
1614 1836 1733 1924 qui
1768 1836 2359 1925 eiussententiam
2405 1836 2646 1916 secuti,
2702 1833 2794 1902 vel
2827 1854 2865 1870 “

432 1924 515 1992 ad
567 1924 894 1993 ecclesias
942 1945 1103 1992 suas
1156 1923 1556 2004 retulerunt,
1615 1924 2043 2011 utilitateque
2094 1937 2468 2013 perspecta,
2522 1924 2777 2013 gratias
2826 1950 2869 2003 ·;

434 2025 632 2092 runt,
680 2012 805 2091 vel,
864 2012 920 2083 si
959 2012 1254 2083 residere
1287 2011 1569 2092 nollent,
1618 2034 1903 2082 munere
1937 2015 2086 2101 ipso
2121 2035 2191 2082 se
2238 2011 2679 2092 abdicarunt;
2728 2010 2884 2099 quib

437 2101 715 2170 Carolus
746 2124 820 2169 ex
872 2101 1103 2170 animo
1152 2101 1484 2191 gratulari
1521 2101 1802 2181 solebat,
1845 2100 2027 2188 quod
2066 2101 2447 2170 absentiam
2485 2124 2520 2169 a
2560 2123 2763 2191 grege
2780 2120 2876 2168 sua

436 2188 605 2258 adeo
658 2211 788 2257 non
826 2189 1163 2269 tulissent,
1210 2202 1284 2258 ut
1316 2189 1652 2274 pastorale
1687 2212 1945 2259 munus
1998 2191 2222 2277 potius
2255 2190 2388 2258 sibi
2423 2187 2875 2259 renunciandu

435 2278 928 2358 existimareut;
982 2293 1050 2347 at
1097 2279 1448 2348 Pontificia
1504 2300 1778 2365 quoque
1826 2279 2225 2348 auctoritate
2263 2279 2530 2377 juberi,
2592 2301 2762 2365 quos
2803 2297 2870 2363 ορ

437 2388 585 2437 esse
636 2366 915 2447 viderat,
972 2367 1039 2436 in
1093 2367 1473 2458 primisque
1524 2390 1688 2439 suae
1725 2368 2114 2456 provinciae
2165 2371 2534 2457 Episcopos
2575 2366 2844 2444 curavit,

435 2456 761 2527 ecclesias
810 2478 973 2525 suas
1024 2471 1414 2556 praesentes
1462 2457 2048 2525 administrarent.
2108 2456 2534 2526 Cardinalem
2589 2478 2747 2526 cum
2801 2475 2857 2522 es

433 2545 854 2622 cohortatus,
910 2558 985 2614 ut
1026 2567 1092 2613 in
1122 2545 1409 2617 ecclesia
1459 2567 1584 2614 sua
1632 2545 1976 2624 resideret,
2012 2545 2127 2613 ille
2177 2566 2331 2614 vero
2366 2567 2513 2615 sese
2561 2567 2791 2614 exous
2845 2562 2879 2577 ·

433 2634 619 2720 quod
670 2655 802 2702 non
858 2655 1182 2723 magnam
1232 2634 1592 2720 ecclesiam
1647 2634 1929 2714 habens,
1968 2655 2117 2702 eam
2174 2635 2399 2722 potius
2440 2633 2721 2703 deberet
2757 2631 2885 2725 alies

433 2743 663 2810 opera,
718 2722 1171 2809 custodiaque
1202 2722 1711 2803 administrare,
1744 2722 2118 2810 respondit,
2168 2745 2250 2791 ne
2276 2722 2443 2791 dum
2484 2723 2704 2792 multa
2741 2717 2880 2788 milli

433 2809 533 2877 vel
565 2811 869 2879 animam
901 2810 1115 2900 solam
1155 2810 1568 2899 amplissimi
1597 2812 1904 2901 cujusvis
1930 2811 2266 2880 Antistitis
2296 2813 2637 2899 praesenti
2675 2822 2873 2879 custo·

436 2898 744 2988 dignam.
802 2905 966 2968 Cum
1033 2898 1450 2987 Subalpinae
1503 2901 1802 2989 regionis
1851 2899 2178 2969 ecclesias
2234 2899 2616 2968 visitandas
2663 2896 2893 2968 audii*

436 2987 565 3055 sibi
604 2986 958 3068 destinari,
1012 2989 1203 3058 omni
1247 2990 1506 3058 ratione
1544 3010 1723 3057 onus
1757 3011 1794 3056 a
1854 3011 1926 3057 se
1965 2989 2228 3067 avertit,
2281 2987 2614 3057 ecclesiae
2655 3007 2811 3056 suae
2851 3004 2880 3050 n

433 3077 781 3147 cessitates
814 3099 1174 3156 excusans;
1214 3090 1282 3146 at
1320 3099 1450 3147 non
1492 3077 1730 3146 eodem
1792 3076 2015 3156 mod0,
2071 3075 2155 3144 de
2215 3076 2607 3166 provinciae
2667 3075 2861 3144 Medio

435 3165 669 3234 nensis
701 3165 1033 3245 ecclesiis,
1075 3188 1253 3252 quae
1285 3166 1372 3235 ob
1406 3167 1850 3251 conjunctam
1891 3165 2248 3254 metropoli
2276 3165 2858 3234 administratione

429 3253 686 3341 jusque
723 3254 1294 3340 metropoliticum
1349 3255 1415 3322 in
1468 3276 1608 3333 eaS,
1649 3253 1732 3322 ad
1774 3255 1925 3342 ejus
1965 3275 2202 3323 curam
2251 3254 2483 3340 aliquo
2527 3253 2731 3324 modo
2779 3270 2895 3340 per

435 3343 710 3412 nebant.
775 3349 848 3412 In
911 3342 1248 3412 Helvetios
1315 3343 1470 3422 sibi,
1520 3344 1950 3429 Rliaetosque
1995 3343 2328 3420 eundum,
2383 3365 2461 3411 ac
2504 3356 2841 3430 tantopere
2888 3364 2893 3373 ·

430 3453 667 3500 eorum
720 3432 962 3510 salute,
1005 3444 1078 3500 ut
1118 3443 1470 3501 narratum
1514 3445 1638 3511 est,
1696 3431 1846 3500 ideo
1895 3431 2030 3500 sibi
2065 3430 2520 3502 laborandum
2571 3429 2840 3519 putavit.

434 3519 614 3588 mala
664 3541 901 3589 eorum
958 3521 1341 3610 propinqua
1383 3535 1658 3606 possent
1695 3520 1779 3589 ad
1831 3520 2189 3589 ecclesiam
2236 3542 2429 3589 suam
2474 3519 2835 3607 pervenire.

433 3621 653 3677 cetero
702 3609 1083 3678 absentiam
1128 3608 1215 3677 ab
1262 3609 1549 3678 ecclesia
1587 3631 1711 3678 sua
1744 3607 2112 3698 diligenter
2161 3610 2415 3687 vitavit;
2464 3629 2545 3676 ne
2596 3609 2780 3697 ipsae
2820 3625 2852 3688 q
2892 3628 2897 3669 ·:

433 3695 586 3765 dem
638 3696 722 3765 de
760 3697 1246 3784 jurisdictione
1293 3697 1754 3767 ecclesiastica
1804 3697 2338 3776 coutroversiae,
2412 3708 2776 3786 potuerunt
2815 3713 2881 3759 eu

433 3807 473 3854 a
521 3808 724 3886 grege
774 3809 898 3856 suo
933 3785 1216 3875 paulum
1267 3786 1580 3855 avellere.
1636 3785 1923 3868 Quando
1971 3798 2227 3865 autem,
2281 3784 2381 3855 vel
2431 3784 2711 3854 creandi
2757 3787 2904 3880 Pon

432 3874 581 3944 ficis
615 3879 884 3956 caussa,
944 3874 1039 3943 vel
1072 3873 1156 3943 ad
1209 3876 1591 3962 Apostolica
1644 3874 1887 3944 limina
1923 3873 2226 3954 visenda,
2271 3879 2553 3944 Romam
2596 3871 2895 3961 proficisc

432 3961 657 4044 batur,
694 3986 902 4049 quam
954 3963 1286 4032 citissime
1323 3977 1571 4053 posset,
1611 3963 1830 4032 redire
1866 3963 2293 4033 maturabat:
2332 3962 2486 4041 nisi,
2526 3961 2705 4049 quod
2742 3977 2902 4028 sem':

434 4064 637 4137 atque
688 4053 932 4120 iteruin
983 4053 1230 4128 evenit,
1275 4053 1483 4140 jussu
1540 4052 1890 4122 Pontificis
1940 4073 2213 4121 menses
2271 4051 2533 4137 aliquot
2580 4057 2904 4137 moraret-¹

435 4139 519 4206 ad
558 4139 817 4225 aliquid
874 4140 1401 4221 instituendum,
1442 4141 1623 4229 quod
1661 4141 1774 4209 toti
1880 4141 2181 4210 rodesset
2208 4139 2571 4210 Ecclesiae.
2627 4134 2802 4220 Quod
2831 4153 2863 4198 n

435 4226 529 4294 ita
568 4229 913 4308 sensisset,
955 4229 1382 4316 fecissetque,
1441 4241 1629 4300 tanto
1683 4252 1802 4317 pro
1833 4241 2001 4308 ecto,
2050 4250 2270 4315 neque
2319 4229 2385 4296 in
2434 4226 2722 4316 publicis
2757 4217 2872 4318 eccl

438 4315 580 4382 siae
614 4316 1106 4402 gubernandae
1148 4319 1556 4399 rationibus,
1615 4339 1859 4405 neque,
1915 4317 1983 4386 in
2040 4318 2301 4407 privata
2353 4316 2721 4386 sanctitatis
2763 4309 2904 4378 disc

442 4401 656 4489 plina,
711 4407 1035 4488 consequi
1071 4407 1425 4492 potuisset.
1469 4408 1742 4476 Dicebat
1801 4407 1983 4475 enim
2052 4406 2136 4474 ad
2191 4418 2549 4492 utramque
2597 4423 2725 4473 rem
2774 4393 2895 4463 val
