2993 4837
44 297 192 364 NOV.
255 298 325 360 ¹7
751 312 831 359 niz
880 315 935 360 s.
990 314 1298 361 cnssoomo
1347 313 1814 361 rammi-cneo
2337 299 2463 361 553

46 442 47 445 =
110 404 248 486 §2
294 404 465 469 Cum
516 414 743 468 autem
802 399 1235 478 Phoedimus,
1289 405 1613 468 Amaseae
1645 400 1678 434 ⁴*
1717 397 2057 467 Ecclesiae
2093 398 2210 467 illo
2256 413 2554 487 tempore

46 490 420 565 'raefectus,
476 489 588 555 cui
625 488 958 557 divinitus
991 511 1067 556 ex
1112 493 1358 557 Sancto
1408 489 1667 588 Spiritu
1718 489 1935 556 inerat
1980 488 2079 555 vis
2125 488 2553 576 praesciendi

104 592 264 652 tura,
318 599 527 645 omne
576 576 884 645 studium
947 591 1247 664 poneret,
1304 589 1473 646 ut31
1512 578 1575 644 in
1623 600 1871 644 manus
1911 575 2064 662 ejus
2115 576 2371 644 veniret
2414 599 2552 646 ma·

46 688 192 759 gnus
224 667 619 755 Gregorius,
659 690 814 734 eum
854 666 1194 735 Ecclesiae
1240 665 1657 755 praeficeret,
1716 689 1796 733 ne
1833 666 1933 732 vir
1968 680 2100 734 tam
2159 665 2554 754 praeclarus

47 755 297 827 otiosam
335 770 401 823 et
436 754 752 823 inutilem
794 755 997 823 vitam
1038 752 1464 823 traduceret:
1524 755 1580 824 is
1614 754 1917 823 sentiens
1964 753 2130 840 quid
2181 765 2463 842 cuper’et
2495 772 2558 823 et

48 858 281 931 pararet
311 844 719 933 EpiscopuS,
752 845 1132 913 conabatur
1167 840 1398 924 latere,
1444 865 1629 912 nunc
1658 843 1739 910 ad
1774 843 1975 923 hanc,
2017 865 2202 912 nunc
2230 843 2314 913 ad
2346 843 2549 911 aliam

50 933 349 1003 transiens
398 931 874 1001 solitudinem.
915 933 1249 1013 Quoniam
1291 947 1520 1001 autem
1578 932 1747 999 nihil
1802 954 1935 999 non
1988 933 2347 1019 experiens
2385 932 2556 1000 insi-

52 1023 176 1109 gnis
216 1022 323 1089 ille
358 1021 803 1101 Plioedimus,
839 1022 1302 1107 omnibusque
1344 1035 1543 1090 utens
1587 1020 1925 1090 machinis
1959 1034 2022 1089 et
2072 1021 2361 1099 artibuS,
2423 1043 2553 1089 non

52 1109 713 1199 poterat‘Gregorium
752 1109 1094 1178 adducere
1123 1110 1207 1177 ad
1252 1109 1737 1185 sacerdotium,
1768 1123 1845 1177 ut
1873 1110 1994 1195 qui
2028 1109 2557 1199 diligentissime,

56 1199 401 1269 abservaret
440 1211 508 1267 et
546 1199 1127 1286 circumspiceret,
1166 1222 1250 1266 ne
1282 1199 1561 1285 quando
1609 1221 1764 1266 eum
1805 1198 2122 1267 sacerdos
2167 1221 2380 1267 manu
2429 1222 2553 1286 ap-

56 1288 501 1375 prehenderem
540 1299 820 1374 eratque
859 1287 1133 1374 utrique
1172 1287 1454 1374 aequale
1489 1286 1823 1366 studium,
1868 1310 2025 1355 cum
2071 1287 2241 1356 alter
2274 1286 2552 1373 quidem

57 1394 278 1464 capere,
317 1377 492 1446 alter
528 1398 681 1445 vero
720 1376 1019 1464 effugere
1051 1390 1330 1463 cuperet
1384 1391 1928 1464 persequentem.
1990 1381 2154 1445 Nam
2198 1375 2370 1444 alter
2406 1376 2558 1461 qui-

56 1462 179 1533 tlem
210 1467 532 1553 cupiebat
582 1471 713 1534 Deo
764 1488 1034 1534 sacrum
1086 1466 1328 1534 offerre
1376 1464 1772 1543 donarium,
1821 1464 1993 1531 alter
2041 1486 2194 1533 vero
2236 1465 2549 1543 timebat,

57 1554 193 1622 neei
218 1556 484 1624 afferret
512 1553 595 1623 ad
626 1554 1131 1643 philosophiam
1163 1554 1423 1640 aliquid
1458 1552 1934 1642 impedimenti
1963 1554 2324 1622 sacerdotii
2355 1577 2546 1633 cura,

55 1652 363 1729 tamquam
400 1666 610 1733 grave
649 1643 926 1729 aliquod
985 1665 1187 1722 onus,
1257 1644 1406 1729 ejus
1457 1642 1631 1710 vitae
1689 1642 2045 1730 imposita:
2105 1665 2181 1710 ea
2217 1642 2300 1710 de
2341 1665 2552 1711 causa

56 1727 347 1801 diviniore
376 1732 679 1819 quodam
716 1732 977 1820 impetu
1018 1732 1101 1799 ad
1146 1732 1452 1799 studium
1502 1732 1926 1819 propositum
1964 1732 2310 1819 impulsus
2347 1732 2550 1802 Phoe-

55 1816 273 1899 dimus,
320 1822 493 1890 nibil
539 1820 918 1899 attendenS,
959 1820 1141 1907 quod
1181 1821 1355 1889 inter
1383 1842 1498 1889 eos
1536 1819 1995 1888 intercedebat
2044 1822 2370 1909 spatium,
2416 1843 2556 1907 quo

59 1923 317 1979 remotus
348 1924 497 1979 erat
538 1932 573 1977 a
612 1910 958 1998 Gregorio,
999 1909 1119 1995 qui
1152 1910 1238 1977 ab
1271 1932 1348 1978 eo
1388 1909 1683 1977 distabat
1727 1909 1929 1976 trium
1960 1909 2227 1977 dierum
2272 1910 2549 1977 itinere:

58 1996 150 2063 sed
186 2000 259 2066 ad
296 2005 507 2068 Deum
571 1999 943 2086 respiciens
977 2012 1041 2066 et
1079 1998 1342 2075 dicens,
1396 2011 1460 2065 et
1494 2019 1565 2065 se
1604 2011 1667 2064 et
1720 1997 1914 2065 illum
1952 2020 1989 2064 a
2037 2004 2162 2066 Deo
2221 1997 2385 2066 liora
2438 1998 2556 2066 illa

64 2083 307 2173 adspici,
350 2110 471 2176 pro
505 2109 715 2155 manu
748 2087 1028 2156 verbum
1067 2087 1358 2173 imponit
1386 2086 1731 2185 Gregori0‚
1769 2108 1925 2156 eum
1964 2092 2088 2153 Deo
2120 2108 2555 2161 consecrans,

69 2173 165 2255 qui
215 2199 488 2265 corpore
543 2198 674 2244 non
726 2175 983 2254 aderat,
1022 2189 1085 2242 et
1126 2175 1185 2242 ei
1240 2174 1424 2242 illam
1489 2175 1828 2242 civitatem
1888 2175 2291 2253 attribuens,
2349 2197 2558 2259 quam

76 2280 250 2346 usque
280 2266 357 2333 ad
396 2287 475 2333 ea
518 2276 819 2353 tempora
867 2263 1245 2351 contigerat
1287 2264 1500 2332 teneri
1551 2276 1734 2331 tanto
1780 2284 2009 2330 errore
2060 2264 2426 2342 idolorum,
2485 2277 2559 2331 nt

79 2367 205 2416 cum
234 2367 442 2423 essent
505 2352 1068 2436 innumerabileS,
1121 2352 1241 2438 qui
1281 2366 1344 2421 et
1378 2353 1598 2441 ipsam
1639 2352 2038 2421 habitabant
2072 2353 2438 2432 civitatem,
2497 2365 2559 2421 et

75 2457 192 2506 eam
240 2465 404 2528 quae
468 2457 573 2511 est
631 2442 1078 2510 circumcirca
1134 2442 1477 2532 regionem
1515 2496 1529 2522 ,
1589 2464 1718 2510 non
1780 2442 2032 2509 inventi
2085 2443 2222 2511 sint
2274 2442 2504 2531 plures
2541 2497 2555 2521 ,

67 2544 233 2610 qnam
267 2531 779 2619 septemdecim,
817 2531 934 2616 qui
980 2531 1259 2599 verbum
1314 2532 1472 2598 fidei
1507 2531 1932 2619 accepissent
1968 2531 2058 2599 **.

134 2619 266 2700 ἓδ.
316 2627 481 2691 Cum
536 2620 633 2688 sic
662 2643 824 2708 ergo
863 2620 1113 2708 jugum
1167 2633 1442 2689 coactus
1475 2619 1823 2699 subiisset,
1863 2621 2189 2690 omnibus
2225 2619 2554 2708 legitimis

68 2720 255 2787 postea
288 2709 350 2776 in
391 2711 541 2796 ipso
579 2709 891 2797 peractis,
936 2722 1001 2776 et
1033 2709 1119 2776 ab
1152 2730 1251 2786 eo,
1306 2708 1425 2794 qui
1460 2708 1878 2777 sacerdotem
1922 2709 2148 2797 ipsum
2191 2707 2555 2777 renuncia-

64 2806 162 2870 rat,
200 2795 386 2865 breve
415 2812 688 2887 tempus
720 2797 1018 2885 petiisset
1047 2797 1129 2864 ad
1165 2797 1569 2881 mysterium
1599 2810 1915 2865 accurate
1935 2797 2549 2874 considerandum,

66 2899 174 2948 non
217 2887 537 2974 ampliuS,
578 2887 753 2955 sicut
785 2885 951 2954 dicit
988 2865 1370 2973 Apostolus,
1410 2886 1820 2953 existimavit
1854 2902 2162 2973 oportere
2198 2885 2552 2954 attendere

67 2972 222 3038 carni
254 2985 315 3041 et
378 2975 746 3064 sanguini;
808 2976 921 3043 sed
964 2975 1153 3063 petiit
1194 2989 1268 3043 ut
1302 2974 1428 3043 sibi
1488 2974 1675 3042 fieret
1729 2974 2059 3042 divinitus
2098 2974 2558 3043 manifestatio

66 3060 494 3152 occultorum,
555 3086 772 3150 neque
838 3064 1027 3153 prius
1061 3087 1275 3132 ausus
1314 3076 1415 3132 est
1453 3063 1774 3130 accedere
1823 3062 1905 3129 ad
1961 3062 2144 3131 verbi
2198 3063 2559 3151 praedica-

69 3154 304 3234 tionem,
340 3174 546 3237 quam
586 3175 704 3239 per
735 3153 1107 3238 quamdam
1153 3152 1481 3221 visionem
1520 3151 1756 3220 fuisset
1790 3151 1921 3218 sibi
1965 3152 2257 3219 revelata
2286 3152 2559 3220 veritas.

66 3233 201 3300 Nam
237 3261 390 3307 cum
431 3255 635 3309 noctu
668 3241 1041 3328 aliquando
1090 3240 1173 3308 de
1209 3243 1410 3309 verbo
1469 3241 1625 3309 fidei
1682 3239 2168 3318 consideraret,
2243 3251 2307 3306 et
2355 3261 2563 3307 omne

67 3340 250 3405 genus
304 3330 744 3418 cogitationes
805 3343 1099 3399 versaret
1133 3330 1309 3418 (erat
1341 3328 1527 3398 enim
1568 3343 1728 3398 tunc
1760 3350 2032 3414 quoque
2081 3328 2391 3413 quidam,
2439 3328 2564 3413 qui

71 3411 504 3504 probabilibus
529 3419 955 3504 argumentis
985 3420 1165 3508 piam
1196 3418 1627 3487 adulterabat
1649 3416 2088 3503 doctrinam),
2122 3438 2323 3505 saepe
2349 3413 2582 3485 etiam‘

72 3501 570 3599 tutelligentibus
605 3507 888 3576 dubiam
934 3507 1290 3576 reddentes
1327 3507 1697 3583 veritatem,
1756 3527 1875 3594 pro
1909 3528 2044 3592 qua
2087 3518 2249 3574 tunc
2289 3505 2351 3572 ei
2389 3504 2563 3593 vigi-

72 3581 230 3667 lanti,
266 3605 326 3660 et
363 3595 723 3686 diligenter
764 3595 1116 3664 meditanti
1155 3618 1383 3664 revera
1418 3607 1701 3683 apparet
1739 3594 2050 3681 quidam,
2099 3606 2448 3679 tamquam
2492 3594 2560 3659 in

73 3671 262 3762 figura
294 3681 615 3764 humana,
680 3686 962 3753 honesta
1012 3697 1189 3751 veste
1251 3684 1599 3772 pontificia
1663 3684 1973 3761 indutus,
2032 3682 2248 3751 forma
2297 3680 2552 3761 senili,

76 3763 399 3854 vultusque
446 3772 775 3863 dignitate
822 3787 886 3842 et
923 3774 1268 3841 honestate
1321 3772 1616 3849 habitus,
1664 3794 1983 3858 magnam
2031 3772 2347 3839 virtutem
2405 3791 2568 3857 prae

73 3868 128 3947 Se
153 3851 377 3927 ferens.
415 3865 477 3928 Is
508 3885 664 3931 vero
701 3863 847 3931 visu
884 3861 1327 3950 stupefactuS‚
1367 3861 1658 3931 surrexit
1686 3860 1965 3946 quidem
2007 3883 2044 3928 e
2081 3859 2322 3937 cubili,
2365 3880 2563 3944 roga-

77 3953 264 4026 vitque
301 3951 593 4019 utsciret
619 3952 936 4038 quisnam
971 3965 1169 4030 esset,
1204 3964 1582 4035 etquanam
1604 3948 1688 4016 de
1713 3971 1924 4017 causa
1948 3949 2225 4016 veniret.
2259 3954 2422 4016 Cum
2451 3948 2572 4015 ille

77 4041 266 4126 autem
308 4057 458 4105 voce
493 4040 721 4124 quieta
761 4039 1061 4110 sedasset
1089 4039 1240 4125 ejus
1287 4038 1504 4106 animi
1538 4038 2144 4125 perturbationem,
2181 4049 2246 4105 et
2277 4036 2563 4106 dixisset

79 4132 343 4210 sejussu
372 4125 599 4197 divino
646 4129 704 4197 ei
754 4129 1161 4216 apparuisse
1204 4139 1476 4215 propter
1523 4148 1602 4194 ea
1641 4125 1725 4193 de
1775 4126 2032 4212 quibus
2072 4125 2456 4205 dubitabat,
2496 4138 2573 4194 ut

79 4221 127 4267 ei
161 4210 547 4284 revelaretur
587 4217 736 4306 piae
797 4217 956 4285 fidei
1013 4217 1284 4296 veritas,
1354 4215 1544 4283 illius
1587 4214 1809 4284 verbis
1865 4215 1926 4283 ei
1976 4215 2429 4284 confirmatus
2470 4227 2571 4283 est

124 4361 300 4439 :sloe'lie
324 4377 539 4433 54nmsieh,
565 4378 611 4416 in
643 4380 803 4419 Ponto.
1147 4429 1154 4436 υ
1743 4429 1752 4439 ⁶

193 4423 250 4460 Ad
267 4432 572 4477 episcopatum
592 4435 782 4472 evectus
803 4434 876 4471 est
897 4432 939 4472 S.
965 4433 1218 4480 Gregorius
1239 4430 1433 4470 Thaum.
1458 4440 1579 4468 anno
1600 4430 1856 4469 verosimil.
1877 4432 1968 4469 220.
