2993 4837
25 320 181 481 gurm
202 320 327 495 23),
379 435 470 481 eo
520 419 909 498 efflagitavit,
953 429 1014 484 et
1066 422 1318 501 accepit.

844 339 1374 389 uARTYttotomuu
1423 338 1862 386 [LLUSTRATUU

2534 318 2566 350 ῃ

1459 408 1651 482 Pauca
1716 419 2065 492 admodum,
2129 427 2190 480 et
2245 323 2517 498 quida?
2552 422 2655 484 ob·

33 499 71 560 b
118 502 263 577 ipso
330 507 573 561 antem
618 500 872 562 clericus
912 508 975 563 et
1027 502 1323 578 gradatim
1378 516 1576 573 scura,
1623 501 1698 562 de
1744 500 1924 577 hujus
1958 499 2150 561 sancti
2181 500 2312 562 Viri
2359 502 2541 577 gestis
2582 500 2656 563 ad

25 579 278 642 scerdos
358 578 709 641 ordinatus
776 586 957 658 atque
1026 582 1325 643 divinitus

34 659 548 736 hotomagensis
578 660 889 737 episcopus
930 668 1324 723 consecratus

25 740 123 799 tit.
148 737 225 800 ln
246 737 508 800 Gallias
529 741 736 816 itaque
756 740 1080 817 profectus,
1099 740 1161 801 S.
1184 739 1323 803 Mel·

25 823 199 880 ›nins
247 818 656 894 Rhotomagi
707 818 884 881 tidem
928 820 1325 882 christianam

26 913 252 960 ,renue
284 898 723 977 praedicavit,
768 905 831 960 et
858 900 1062 961 sedem
1104 902 1321 975 episco-

28 979 193 1040 alem
246 994 324 1039 ea
378 978 453 1039 in
507 978 667 1040 urbe
713 980 946 1056 primus
987 982 1324 1051 constituit,

32 1074 110 1119 uo
173 1074 358 1120 anno
426 1058 770 1120 incertum.
815 1056 985 1120 Cum.
1035 1061 1328 1134 plurimos

25 1138 247 1199 {bristo
298 1140 686 1215 peperisset,
719 1138 956 1199 meritis
1003 1139 1213 1217 plenus
1253 1140 1325 1201 ad

29 1218 244 1279 oelum
308 1218 636 1292 migravit
676 1217 832 1280 circa
888 1234 1122 1281 annum
1181 1217 1321 1281 314.

26 1296 105 1357 Ex
156 1294 534 1374 Bolland.).

202 1456 274 1519 S.
326 1454 715 1518 DONATUS
760 1456 1117 1521 Emscorus.

358 1563 563 1627 Circa
593 1579 832 1626 annum
863 1563 1003 1627 874.

86 1695 479 1759 Man-rrum..
517 1732 597 1742 —
627 1697 698 1757 In
742 1697 955 1759 'ruscia
992 1701 1182 1760 sancti
1216 1698 1326 1760 Do-

25 1792 157 1836 ,vm
199 1775 377 1838 Scoti
428 1777 719 1856 Episcopi
754 1775 1053 1839 Fesulani.

90 1855 155 1916 S.
192 1855 484 1919 Donatus
524 1859 587 1917 in
622 1855 911 1918 Hibernia
941 1856 975 1895 *
1009 1866 1183 1920 natus
1212 1864 1323 1919 est.

25 1933 274 1997 Romam
334 1937 561 2007 venit,
634 1939 970 2013 imperante
1024 1937 1329 2000 Ludovico

26 2011 144 2083 Pio,
192 2018 497 2105 quamvis
549 2016 706 2077 haud
738 2016 964 2079 sciatur
1007 2034 1127 2095 quo
1155 2016 1329 2098 plane

27 2108 184 2153 anno
213 2096 274 2156 1d
326 2096 698 2172 contigerit.
736 2094 874 2156 Post
903 2096 1142 2175 aliquod
1180 2105 1329 2158 tem-

36 2175 184 2247 poris
225 2177 543 2252 spatium,
574 2181 808 2253 accepta
840 2192 870 2237 a
904 2174 1196 2237 Pontifice
1229 2176 1329 2238 be·

42 2251 411 2338 nedictio'ne,
462 2255 654 2317 Roma
703 2254 999 2328 discessit,
1035 2256 1327 2335 venitque

44 2345 100 2389 tu
137 2328 451 2408 Tusciam,
502 2332 790 2395 ecclesias
824 2337 1100 2396 visitans,
1149 2334 1192 2395 F
1198 2352 1328 2396 esu-

41 2408 116 2470 las
139 2408 204 2449 ²⁸⁸*
236 2416 591 2492 ingressus,
623 2430 654 2474 a
687 2414 913 2493 populo
954 2422 1015 2476 et
1056 2414 1219 2477 clero
1262 2415 1329 2476 il-

40 2486 149 2551 lins
175 2496 461 2555 civitatis
509 2494 959 2572 perhonorifice
988 2496 1329 2573 excipitur3

46 2569 183 2656 imo.
213 2587 357 2635 cum
391 2581 548 2635 tunc
580 2573 751 2635 sedes
783 2574 878 2636 illa
913 2586 1172 2640 vacaret.
1206 2580 1329 2654 ipse

44 2663 98 2708 tn
131 2649 512 2733 Episcopum
537 2653 904 2728 deposcitur,
935 2655 1330 2731 probabiliter

42 2740 199 2790 anno
226 2731 372 2793 827.
410 2732 586 2795 Circa
636 2747 783 2795 vero
825 2750 1060 2796 aunum
1103 2735 1221 2797 874
1268 2736 1329 2795 in

44 2818 177 2879 pace
220 2808 526 2874 claritatis
581 2821 869 2876 aeternae
920 2816 1178 2892 quievit.
1227 2814 1328 2877 Sa-

45 2899 173 2948 crae
200 2889 340 2967 eJus
367 2892 696 2968 reliquiae,
720 2892 795 2954 ab
820 2894 1070 2957 ecclesia
1100 2894 1157 2955 8.
1190 2894 1327 2956 Bar-

49 2966 395 3050 tholomaei,
446 2972 549 3032 ubi
589 2971 896 3049 jacebant,
941 2989 1105 3036 anno
1157 2974 1329 3044 1817,

46 3059 104 3103 tn
152 3049 482 3112 ecclesiam
519 3052 930 3114 cathedralem
979 3053 1332 3115 solemniter

52 3127 374 3189 translatae
418 3139 484 3192 et
532 3131 882 3194 reconditae
943 3140 1110 3195 sunt.
1157 3131 1331 3194 Com-

51 3206 251 3266 munis
279 3216 496 3270 autem
524 3212 770 3274 traditio
800 3220 888 3273 est
913 3212 974 3274 S.
1003 3212 1328 3286 Donatum,

53 3289 253 3358 utpote
294 3287 523 3350 litteris
570 3291 965 3370 doctrintique
999 3291 1330 3369 insignem,

56 3364 334 3427 tractatus
409 3369 741 3431 nonnullos
809 3379 992 3449 atque
1060 3381 1327 3450 poemata

53 3446 416 3521 exaravisse,
439 3464 593 3526 quae
619 3457 846 3522 tamen,
875 3460 1110 3526 praeter
1149 3454 1332 3529 ipsius

57 3525 235 3582 sancti
267 3524 397 3587 Viri
434 3528 854 3606 Epitaphium,
887 3534 1129 3608 penitus
1171 3534 1331 3594 exci-

61 3597 292 3662 derunt.
341 3606 457 3680 (Ex
506 3608 831 3688 Baliarum.

261 3762 323 3823 S.
374 3741 890 3830 vssaacuuous
935 3769 1132 3833 Emsc.

440 3872 595 3937 Obiit
624 3892 789 3937 anno
818 3876 957 3938 522.

142 3994 500 4071 Mam-Yam..
548 4041 624 4051 —
660 4009 936 4071 Veronae
978 4012 1167 4072 sancti
1214 4012 1330 4074 Vu-

74 4085 322 4142 nacunm
350 4085 627 4167 Episcopi
673 4097 735 4150 et
764 4087 1155 4153 confessoris.

82 4232 357 4340 cebsaim&
384 4248 578 4288 sollicet-
609 4248 834 4290 Hibernia
859 4251 909 4289 et
936 4252 1073 4290 scotia
1107 4251 1221 4291 oum
1252 4261 1332 4292 vo-

76 4356 563 4473 laggrltitgllnibeehgfmffi
591 4374 706 4414 ¹¹be
735 4373 1071 4425 ⁸⁰⁸¹q⁰³⁸⁸¹m⁸
1100 4377 1240 4425 atque
1260 4386 1331 4416 ce-

307 4457 317 4473 ·
436 4446 476 4475 ιο
507 4436 605 4476 rere
635 4437 694 4476 ad
724 4437 843 4477 nihil
872 4438 1075 4479 redacta.
1101 4441 1231 4479 Anno
1253 4441 1331 4479 539

1383 596 1490 641 nos
1534 587 1967 656 pervenerunt.
2018 578 2266 642 Certum
2326 586 2523 641 tamen
2566 592 2658 643 est

1383 661 1579 737 ipsum
1609 658 1950 722 Veronensi
1993 660 2121 721 sedi
2166 660 2528 737 praefuisse:
2571 677 2658 722 sa-

1382 756 1511 802 cras
1552 755 1692 801 suas
1733 741 1987 800 exuvias
2033 741 2094 802 in
2125 738 2369 802 ecclesia
2400 737 2459 800 S.
2493 739 2657 801 Petri

1381 820 1456 881 de
1501 819 1658 880 Arce
1687 819 2087 897 requievisse3
2133 820 2386 897 eJusque
2425 819 2658 881 cultum

1387 905 1516 961 tum
1560 898 1860 971 Veronae,
1927 907 2055 961 tum
2117 901 2178 959 iu
2240 908 2361 960 tota
2395 899 2660 962 dioecesi

1383 978 1703 1049 celebrari,
1747 979 1822 1040 ab
1862 994 2023 1040 anno
2055 977 2231 1049 1503,
2263 979 2362 1040 die
2391 977 2471 1038 22
2500 990 2660 1041 octo-

1386 1059 1529 1120 bris.
1576 1057 1980 1120 Bollandistae
2022 1065 2227 1120 autem
2260 1059 2322 1119 S.
2360 1058 2660 1121 Verecun-

1381 1138 1529 1199 dum
1588 1138 1661 1200 ad
1723 1139 2044 1200 coelestem
2097 1142 2345 1215 patriam
2392 1142 2663 1201 evolasse

1383 1235 1548 1281 anno
1587 1217 1706 1279 522
1749 1224 1910 1280 recte
1951 1221 2360 1297 suspicantur.

1679 1377 1741 1440 S.
1790 1375 2032 1439 MARIA
2076 1374 2374 1439 SALOME

1773 1482 2029 1546 Saeculo
2052 1484 2272 1562 primo.

1462 1618 1827 1680 Man-rrum..
1862 1651 1936 1661 —
1980 1615 2372 1694 Jerosolymis
2421 1627 2665 1681 sanctae

1386 1697 1642 1759 Mamas:
1699 1697 1970 1769 Samma,
2012 1712 2169 1773 quae
2215 1701 2276 1759 in
2321 1697 2664 1775 Evangelio

1386 1778 1613 1919 {egitur
1654 1779 1806 1838 circa
1842 1776 2088 1839 Domini
2135 1776 2514 1856 sepulturam
2549 1778 2666 1840 sol·

1412 1860 1573 1919 icita.

1465 1935 1717 2001 Salome.
1748 1952 1974 1999 nomen
2011 1935 2294 2010 feminae,
2320 1936 2667 2000 derivatum

1385 2033 1417 2077 a
1470 2015 1637 2077 virili
1683 2015 1981 2079 Salomon.
2025 2014 2277 2078 Constat
2332 2024 2538 2079 autem
2582 2035 2662 2080 ex

1388 2097 1514 2173 ipso
1587 2102 1755 2157 textu
1823 2096 2199 2173 evangelico,
2257 2094 2317 2156 S.
2379 2095 2664 2159 Salomen

1386 2181 1648 2238 matrem
1693 2175 1879 2236 fuisse
1939 2174 1999 2237 S.
2055 2174 2254 2237 Jacobi
2311 2176 2555 2248 majoris
2605 2186 2667 2239 et

1386 2256 1447 2316 S.
1500 2253 1772 2324 Joannis,
1819 2254 2124 2332 discipuli,
2167 2272 2341 2334 quem
2388 2254 2664 2335 diligebat

1383 2334 1584 2407 Jesus,
1615 2348 1877 2413 quorum
1903 2343 2071 2410 pater
2092 2335 2461 2397 Zebedaeus:
2500 2336 2660 2397 unde

1384 2418 1624 2493 saepius
1673 2416 1736 2476 in
1799 2417 1982 2476 sacris
2034 2414 2254 2477 litteris
2300 2413 2557 2477 Jacobus
2609 2424 2671 2478 et

1385 2494 1652 2557 Joannes
1682 2495 1931 2557 nomine
1958 2493 2230 2573 fitiorum
2260 2492 2545 2557 Zebedaei
2570 2512 2667 2557 ve-

1389 2578 1592 2637 niunt.
1626 2575 1790 2648 Quod
1827 2580 2031 2636 autem
2060 2574 2121 2636 S.
2160 2573 2402 2636 Salome
2446 2591 2663 2636 eorum

1391 2654 1579 2717 suerit
1621 2662 1838 2728 mater,
1887 2657 2199 2732 perspicue
2244 2653 2554 2730 colligitur
2595 2671 2668 2716 ex

1390 2732 1673 2796 Matthaei
1722 2743 1781 2796 et
1833 2735 2012 2796 Marci
2079 2734 2345 2797 textibus
2404 2732 2665 2797 collatis:

1387 2830 1544 2889 quae
1587 2815 1759 2877 enim
1786 2813 1941 2892 apud
1976 2813 2150 2876 illum
2182 2818 2375 2875 mater
2402 2813 2672 2892 filiorum

1389 2890 1674 2955 Zebedaei
1716 2896 1953 2970 (xxvn,
2011 2893 2132 2972 55)
2187 2902 2457 2966 vocatur,
2503 2894 2667 2970 apud

1392 2974 1556 3034 hunc
1587 2972 1827 3035 Salome
1868 2982 2082 3051 aperte
2128 2973 2349 3036 dicitur
2376 2979 2506 3050 (xv,
2541 2973 2659 3050 40).

1389 3051 1562 3125 Quod
1627 3065 1836 3114 autem
1890 3055 2157 3130 pertinet
2209 3054 2280 3116 ad
2345 3055 2666 3131 sanguinis

1389 3132 1885 3209 conjunctionem
1910 3130 1971 3194 S.
2000 3131 2268 3194 Salomes
2288 3148 2427 3195 cum
2461 3134 2669 3204 Maria,

1392 3221 1583 3274 matre
1627 3211 1793 3284 Jesu,
1848 3212 2115 3289 adeoque
2162 3229 2305 3275 cum
2350 3212 2483 3274 Jesu
2545 3214 2672 3290 ipso

1386 3291 1734 3365 Servatore,
1775 3293 2051 3370 quaestio
2090 3299 2184 3352 est
2226 3292 2507 3370 plurimis
2535 3309 2671 3369 gra·

1393 3373 1778 3450 vissimisque
1821 3370 2283 3434 difficultatibus
2341 3372 2667 3450 implicata,

1393 3451 1469 3512 ita
1517 3459 1583 3513 ut
1613 3450 1787 3521 nihil.
1815 3451 1976 3530 quod
2012 3466 2258 3528 prorsus
2301 3459 2538 3513 certum
2565 3453 2670 3524 sit,

1387 3545 1462 3591 ex
1499 3532 1570 3591 iis
1614 3530 1790 3593 liceat
1818 3545 2164 3608 excerpere.
2217 3530 2504 3594 Praesens
2557 3532 2672 3594 fuit

1390 3609 1451 3672 S.
1489 3609 1728 3672 Salome
1759 3608 1997 3672 Christo
2040 3615 2104 3672 in
2148 3626 2329 3673 cruce
2360 3613 2669 3685 morienti,

1394 3697 1459 3750 ut
1503 3687 1606 3751 SS.
1660 3689 2085 3768 Evangelistae
2133 3690 2368 3752 Marcus
2410 3702 2472 3752 et
2531 3691 2675 3753 Mat·

1393 3770 1608 3831 thaeus
1645 3776 1853 3846 aperte
1894 3776 2234 3844 testantem
2288 3779 2469 3849 atque
2526 3787 2668 3832 cum

1387 3848 1523 3910 aliis
1564 3849 1799 3912 duabus
1848 3848 2237 3922 mulieribus,
2279 3865 2427 3928 quas
2476 3850 2675 3912 Evan-

1388 3926 1640 4005 gelistae
1685 3935 2054 4004 memorant,
2089 3930 2243 3991 emit
2288 3939 2564 3992 aromata
2606 3938 2674 3992 ut

1388 4022 1599 4068 omnes
1645 4008 1829 4070 simul
1878 4008 2086 4071 Jesum
2137 4010 2445 4087 sepultum
2479 4024 2672 4086 unge·

1387 4188 1525 4235 capta
1551 4189 1642 4228 ruit
1671 4185 1729 4228 ab
1756 4189 1973 4228 exercitu
2000 4185 2244 4231 Bellen-'113
2271 4195 2391 4225 anno
2420 4194 2534 4225 vero
2567 4187 2668 4226 1125

1387 4260 1414 4289 a
1428 4248 1718 4290 Florentinis
1731 4252 1997 4300 expugnata
2011 4260 2065 4290 ac
2086 4248 2252 4290 diruta.
2270 4249 2376 4292 fuit,
2395 4249 2466 4287 tta
2486 4250 2539 4287 ut
2561 4250 2673 4298 post

1386 4309 1518 4352 illam
1559 4314 1739 4373 clpdem
1782 4308 2066 4363 insigniores
2108 4314 2237 4353 cives
2283 4311 2577 4351 Florentiam
2615 4321 2666 4351 se

1386 4376 1649 4416 transferre
1675 4381 1944 4424 coeperunt.
1974 4376 2056 4415 Est:
2086 4372 2398 4415 nihilominus
2436 4373 2519 4413 illa
2552 4374 2664 4413 urbs

1387 4437 1539 4477 adhuc
1559 4439 1668 4478 sede
1689 4436 1942 4487 episcopan
1964 4437 2200 4477 decorata.
