2993 4837
515 325 641 387 72ss
1141 340 1217 386 ns
1265 336 1318 383 s.
1375 339 1697 386 srsrnfflo
1745 338 2011 386 semona
2059 340 2244 385 naar.
2624 318 2769 383 ΞΟΥ.
2804 320 2858 383 28
2943 318 2944 331 ’

425 436 825 505 metuenteS,
867 423 1093 493 statim
1136 444 1295 492 eum
1346 422 1626 510 quidem
1668 422 1736 490 in
1803 422 2184 492 custodiam
2219 421 2464 509 conjici
2504 420 2862 510 praecipiunt,

427 514 559 602 ipsi
610 523 863 591 autem,
916 511 1201 581 obtectis
1235 534 1394 600 prae
1428 511 1687 600 pudore
1720 510 2047 593 vultibus,
2085 510 2170 579 ad
2212 510 2444 581 aulam
2478 512 2776 580 abierunt.

508 604 545 688 ξ
590 605 739 673 81.
796 606 1284 679 Percunctante
1333 600 1544 689 igitur
1609 606 2025 690 Imperatore
2076 600 2414 687 quidnam
2451 598 2578 688 ipsi
2623 596 2866 688 perfecis-

420 699 598 769 sent,
652 702 857 775 atque
905 689 1263 778 Episcopis
1307 689 1572 757 cladem
1617 711 1814 759 suam
1856 688 2198 758 occultare
2235 688 2664 757 conantibus:
2710 684 2865 751 «Victi

423 799 693 857 sumus,
727 778 821 846 ait
854 778 1195 858 Callistus,
1233 799 1271 846 o
1299 782 1698 877 Imperator,
1747 777 1900 846 victi
1937 799 2201 846 sumus.
2239 783 2527 864 Magnus
2556 779 2618 844 in
2646 774 2864 844 doctrina
2943 828 2944 861 ἦ

422 867 524 934 vir
570 865 680 934 ille
736 879 859 946 est,
915 887 1210 954 magnus
1244 866 1311 933 in
1354 865 1799 954 disputando.
1855 866 2430 955 Incomparabilis
2477 866 2689 954 ipsius
2736 864 2869 930 virtus

423 968 548 1033 est;
601 954 879 1023 animus
929 953 1338 1044 intrepidus.
1383 959 1526 1023 Non
1569 954 1770 1023 modo
1808 956 2015 1025 minis
2043 955 2362 1043 superior
2392 968 2536 1031 est;
2576 952 2684 1023 sed
2733 952 2877 1040 ipsam

422 1064 696 1130 quoque
749 1055 1029 1111 mortem
1082 1043 1480 1112 contemnit.
1517 1066 1553 1108 ›>
1604 1047 1979 1132 Imperator
2025 1057 2251 1113 autem
2293 1044 2383 1113 ob
2445 1043 2607 1111 haec
2653 1042 2742 1109 ira
2781 1042 2878 1129 pir·

424 1132 626 1211 cituS,
661 1131 1083 1220 Stephanum
1117 1131 1202 1199 ad
1231 1130 1456 1200 Helles
1509 1132 1651 1200 onti
1694 1143 1941 1221 parteS‚
1986 1130 2111 1200 hoc
2144 1143 2244 1202 est
2274 1148 2359 1200 au
2392 1128 2878 1202 Proconnesum

420 1220 644 1288 exsilii
696 1223 928 1301 causa,
974 1220 1201 1288 mittit.
1259 1220 1383 1289 Ubi
1436 1154 1549 1288 ille
1611 1231 1865 1309 septem
1915 1232 1979 1288 et
2039 1218 2275 1288 decem
2325 1221 2630 1309 integros
2684 1218 2803 1286 dies
2841 1215 2879 1281 in

423 1307 613 1378 illius
649 1308 779 1377 loci
824 1309 1235 1377 monasterio
1274 1308 1368 1381 ita
1399 1310 1854 1398 consumpsit,
1910 1322 1988 1378 ut
2018 1307 2190 1376 nihil
2244 1326 2536 1398 prorsus
2580 1308 2705 1375 cibi
2746 1305 2880 1373 attin-

423 1410 633 1485 geret;
667 1398 934 1467 tametsi
966 1396 1222 1484 alioqui
1259 1401 1637 1486 Imperator
1665 1397 1963 1487 plurima
1995 1396 2078 1465 ad
2109 1419 2266 1467 eum
2290 1397 2619 1466 alimenta
2648 1395 2878 1465 mitteret

423 1491 589 1555 Nam
638 1507 716 1554 ea
765 1485 879 1554 ille
927 1508 1169 1555 rursus
1203 1485 1611 1565 remittebat,
1668 1486 1938 1555 nullum
1992 1506 2274 1573 prorsus
2295 1508 2379 1555 ex
2429 1487 2517 1554 iis
2565 1485 2879 1574 degustans

423 1578 543 1641 Per
592 1573 714 1642 hos
762 1585 988 1643 autem
1038 1574 1186 1642 dies
1220 1574 1626 1663 gravissimo
1686 1574 1920 1643 morbo
1978 1587 2333 1662 correptus
2385 1574 2679 1663 hujusce
2723 1591 2882 1639 mona·

418 1662 605 1731 sterii
647 1661 1054 1751 praefectus,
1107 1676 1442 1749 quantum
1494 1661 1774 1748 quidem
1830 1662 1915 1730 ad
1988 1662 2289 1731 medicos
2349 1664 2715 1740 attinebat,
2771 1659 2884 1726 vitae-⁴

422 1772 615 1839 spem
650 1772 924 1819 omnem
962 1750 1325 1838 abjecerat.
1368 1751 1565 1819 Mittit
1606 1752 1834 1837 itaque
1866 1749 1950 1820 ad
1987 1764 2299 1819 sanctum
2346 1752 2603 1831 virum,
2641 1767 2882 1833 eumque.

422 1850 495 1907 ut
534 1838 617 1906 ad
656 1861 727 1909 se
777 1839 1022 1920 veniat,
1063 1852 1295 1929 rogat:
1334 1863 1368 1905 «
1399 1845 1568 1921 Quo,
1614 1840 1863 1925 inquit,
1916 1838 2086 1908 alter
2133 1839 2327 1908 alteri
2360 1853 2725 1910 extremam
2761 1835 2886 1904 salu·

421 1938 554 1995 tem
591 1927 931 1998 dicamus.
974 1933 1314 1997 Incertum
1365 1941 1467 1996 est
1492 1928 1702 2006 enim,
1740 1945 1828 1996 an
1866 1949 2047 1997 nona
2086 1927 2250 1996 hora
2279 1929 2470 2018 apud
2507 1931 2685 1997 vivos
2726 1924 2884 1994 adhue

421 2014 698 2086 futurus
746 2016 903 2085 sim.
945 2040 981 2082 »
1031 2016 1223 2099 Quod
1281 2028 1357 2084 ut
1391 2016 1506 2085 ille
1566 2016 1819 2097 audiit,
1881 2018 2107 2085 statim
2151 2017 2237 2085 ad
2295 2039 2456 2086 eum
2521 2015 2798 2087 accessit.
2836 2016 2886 2078 Ac

420 2103 692 2183 deinde,
747 2127 905 2173 cum
946 2127 1157 2174 manu
1205 2103 1461 2174 collum
1498 2104 1651 2191 ejus
1701 2105 2051 2185 tenuisset,
2093 2104 2274 2173 labia
2307 2107 2594 2192 quidem
2635 2107 2762 2194 ipse
2789 2121 2884 2190 prr

419 2193 711 2262 cationis
757 2215 963 2262 causa
1016 2194 1347 2274 movebat,
1402 2193 1610 2263 febris
1649 2205 1904 2274 autem,
1955 2215 2131 2279 quae
2182 2195 2505 2264 morbum
2569 2201 2880 2283 pepererat.

419 2302 461 2349 a
493 2303 777 2370 corpore
828 2280 1277 2370 profugiebat.
1335 2282 1509 2365 Quid
1572 2285 1847 2370 postea?
1912 2281 2238 2351 Poculum
2292 2305 2502 2351 suum
2567 2285 2716 2350 vino
2760 2296 2884 2346 mem

420 2369 780 2461 impletum
832 2372 891 2440 ei
941 2370 1319 2441 bibendum
1392 2371 1699 2460 porrigit.
1764 2369 1955 2454 Quod
2017 2392 2175 2440 cum
2227 2371 2680 2454 exhausisset,
2723 2365 2881 2437 statim

420 2458 768 2541 plurimus
809 2460 1020 2528 sudor
1066 2481 1146 2528 ex
1179 2460 1328 2548 ipso
1364 2461 1685 2541 manavit,
1722 2482 1802 2528 ac
1831 2460 2010 2528 dicto
2058 2460 2264 2530 citius
2296 2461 2578 2531 sanitati
2620 2458 2881 2529 restitutus

416 2560 539 2616 est.
577 2553 742 2616 Cum
779 2548 991 2638 igitur
1022 2549 1083 2616 ei
1135 2569 1266 2617 non
1321 2561 1453 2617 tam
1507 2560 1911 2628 extremum,
1956 2569 2162 2634 quam
2206 2549 2611 2637 jucundum
2647 2541 2880 2617 osculum

474 2636 871 2716 raebuisset,
914 2636 1105 2705 illinc
1144 2635 1498 2716 excedens,
1546 2636 2031 2726 prosectionem
2066 2658 2289 2717 suam,
2323 2651 2399 2706 ut
2429 2661 2592 2707 cum
2636 2632 2880 2723 Propheta

449 2747 686 2810 oquar,
734 2726 800 2792 in
855 2726 1026 2793 mari
1078 2725 1335 2805 statuit,
1392 2738 1594 2812 atque
1635 2727 1702 2793 in
1754 2747 1903 2795 eam
1962 2746 2198 2793 navem
2265 2747 2444 2812 quae
2491 2740 2718 2826 parata
2754 2729 2878 2789 erat.

418 2814 819 2893 ascendens,
855 2813 1238 2883 exsulatum
1280 2813 1620 2902 profectus
1660 2826 1783 2883 est.
1821 2818 2124 2898 Cumque
2157 2813 2629 2884 desertissima
2657 2823 2880 2904 quaeque

417 2901 687 2969 insulae
721 2902 869 2970 loca
922 2916 1370 2990 peragrasset,
1421 2903 1489 2971 in
1560 2902 1961 2991 speluncam
2014 2901 2472 2971 admiratione
2522 2903 2779 2992 dignam
2816 2915 2880 2961 tn·

416 2988 582 3057 cidit
626 2989 1007 3079 (Cissadam
1057 3012 1207 3059 eam
1261 2990 1525 3061 incolae
1560 2991 2087 3079 nuncupabant)
2144 2991 2212 3058 in
2262 3013 2400 3077 qua
2451 2991 2693 3060 Christi
2733 2985 2876 3056 avitae

417 3082 645 3146 Annae
694 3077 1022 3168 templum
1059 3093 1224 3147 erat.
1271 3084 1411 3149 Hac
1460 3102 1532 3147 re
1584 3080 1794 3168 igitur
1831 3078 2249 3159 oblectatus,
2305 3094 2511 3166 atque
2560 3067 2872 3171 hujusmosi*

419 3166 644 3235 locum
688 3188 821 3235 non
874 3167 1022 3237 sine
1071 3167 1358 3237 numine
1392 3168 1625 3237 divino
1683 3189 1829 3237 sese
1879 3168 2220 3236 invenisse
2271 3181 2485 3246 ratus,
2531 3163 2864 3237 domicilmn

418 3255 487 3322 in
524 3277 601 3323 eo
652 3256 784 3326 sibi
818 3256 1196 3335 constituit,
1243 3255 1637 3336 herbarum,
1682 3277 1857 3342 quae
1915 3254 2055 3324 illic
2108 3259 2633 3336 enascebantur,
2686 3251 2878 3322 radices

416 3343 805 3413 luculentae
844 3344 1207 3433 cujusdam
1243 3358 1306 3413 et
1348 3346 1672 3445 opiparae
1722 3366 1997 3413 mensae
2039 3344 2257 3414 instar
2297 3346 2582 3414 habens.

504 3434 540 3519 ξ
587 3437 749 3504 82.
804 3438 880 3501 At
947 3454 1099 3502 vero
1159 3454 1399 3504 omnes
1467 3435 1688 3522 lpsius
1736 3433 1908 3501 disci
1963 3431 2062 3501 uli
2111 3434 2197 3502 ab
2246 3435 2662 3503 Auxentiano
2715 3433 2876 3497 monh

414 3520 714 3608 depulsi,
757 3535 1103 3609 tamquam
1139 3542 1295 3590 oves
1330 3521 1637 3609 undique
1666 3521 1908 3591 oberra
1959 3531 2099 3601 ant,
2135 3535 2472 3610 pastorem
2512 3543 2702 3592 suum
2735 3529 2876 3610 quta&

416 3621 661 3678 renteS.
703 3610 1001 3679 Tandem
1037 3622 1263 3679 autem
1312 3632 1498 3689 eum,
1545 3633 1702 3679 cum
1755 3611 1826 3678 in
1876 3615 2381 3681 Proconnesum
2433 3612 2769 3684 venissent,
2801 3619 2874 3699 '111-

411 3711 766 3782 venerunt,
835 3698 1107 3768 duobus
1164 3698 1518 3768 dumtaxat
1556 3700 1894 3788 exceptiS,
1957 3698 2078 3784 qui
2124 3720 2164 3767 a
2215 3699 2741 3787 praeclarissimo
2797 3685 2874 3755 1110

412 3786 600 3867 ovili,
642 3800 718 3855 ut
758 3809 796 3854 a
844 3787 1076 3856 divino
1116 3787 1542 3856 duodenario
1573 3787 1812 3866 sudas,
1867 3787 1962 3855 vel
1998 3786 2223 3875 potius
2271 3801 2349 3855 ut
2395 3809 2436 3856 a
2475 3786 2672 3856 Paulo
2699 3788 2871 3851 nemas

408 3888 473 3942 et
505 3879 993 3964 Hermogenes,
1050 3897 1195 3946 sese
1228 3877 1642 3956 avulserant,
1682 3899 1760 3944 ac
1797 3897 1917 3964 pro
1969 3875 2345 3945 monastico
2378 3875 2616 3945 habitu
2652 3862 2869 3951 mundass

413 3985 580 4031 num
635 3964 1025 4045 induerant,
1067 3964 1394 4033 nimirum
1436 3965 1692 4054 Sergio,
1734 3963 1818 4032 de
1857 3985 1993 4051 quo
2034 3976 2189 4031 ante
2235 3965 2442 4033 verba
2483 3955 2868 4054 fecimus·(qu²

409 4053 612 4120 etiam
683 4054 1092 4122 invectivum
1158 4065 1360 4138 atque
1427 4052 1888 4122 execrandum
1960 4051 2290 4122 adversus
2351 4067 2657 4122 sanctum
2707 4056 2866 4111 Vlfflffl

416 4140 734 4210 volumen
776 4141 1135 4227 condidit),
1190 4163 1268 4210 ac
1318 4154 1416 4210 ter
1451 4144 1700 4210 misero
1759 4141 2123 4230 Stephan0‚
2178 4141 2300 4227 qui
2348 4163 2507 4210 cum
2570 4134 2861 4219 Presbyter-

414 4249 493 4298 ac
561 4230 941 4319 supradicti
992 4229 1248 4299 Callisti
1298 4231 1614 4301 minister
1662 4230 1964 4321 primum
2031 4229 2408 4310 extitisset,
2468 4252 2547 4298 ac
2613 4218 2858 4297 deindea

462 4389 487 4412 ¹·
518 4390 679 4447 Insula
700 4391 748 4428 in
771 4389 1054 4439 Propontide
1079 4390 1196 4440 (Mar
1215 4392 1262 4430 dl
1280 4390 1528 4440 Marmara)
1551 4394 1658 4438 sita,
1677 4393 1764 4432 hoc
1785 4390 1970 4432 nomino
1989 4392 2154 4430 vocata
2173 4390 2233 4430 ob
2248 4400 2465 4440 magnam
2492 4392 2703 4432 damarum
2723 4379 2849 4428 copim

411 4441 493 4485 qut
513 4441 578 4479 ibi
605 4443 862 4483 a1‹.bantur.
883 4445 939 4483 In
961 4445 1094 4484 illam
1114 4455 1253 4493 porro
1274 4446 1483 4486 insulam
1505 4447 1548 4486 8.
1573 4446 1838 4495 stephanus
1854 4446 2088 4494 relegatus
2109 4441 2202 4484 ruit
2220 4453 2343 4485 suno
2358 4446 2447 4485 768.
