2993 4837
38 362 186 428 NOV.
238 362 308 425 ΞΙ
817 379 894 425 na
942 380 996 425 s.
1049 377 1422 426 coruncano
1471 378 1710 424 Annus
2317 362 2442 425 625

38 465 99 533 ad
136 462 557 532 iracundiam
608 484 998 563 provocare.
1041 462 1247 532 Jubet
1279 484 1440 553 ergo
1483 483 1668 552 regio
1700 462 1893 533 cultu
1923 477 2312 552 opportuna
2344 485 2535 553 prae-

38 553 255 643 parari,
306 572 518 638 eaque
570 574 712 621 vtro
762 553 875 621 Dei
932 552 1164 642 dirigi.
1201 552 1494 619 Veniunt
1545 552 1867 633 ministri,
1904 565 1971 621 et
2007 574 2047 621 a
2097 557 2276 643 Rege
2327 553 2536 623 missa

35 644 77 710 ei
116 642 423 711 offerunt.
476 640 599 709 Ille
640 655 714 710 ut
752 640 922 709 vidit
951 640 1165 730 dapes
1194 652 1260 709 et
1294 639 1540 730 pocula
1572 641 1757 730 regio
1789 663 1877 730 ap
1929 653 2128 710 aratu
2169 642 2528 721 instructa,

38 729 337 817 perquirit
385 728 550 815 quid
603 729 689 798 iis
738 729 869 799 sibi
919 729 1152 798 velint.
1205 730 1411 817 AJunt
1459 728 1584 807 illi,
1620 749 1769 798 esse
1820 752 1856 798 a
1964 730 2195 818 ipsum
2252 730 2460 799 missa
2499 753 2540 799 a

38 823 206 909 Rege.
256 823 334 887 At
379 819 484 886 vir
538 818 653 886 Dei
710 818 1150 888 abominatus
1197 840 1318 887 ea:
1352 840 1387 883 «
1426 817 1769 906 Scriptum
1805 830 1929 899 est,
1963 818 2210 904 inquit,
2264 823 2541 888 Munera

37 910 362 998 impiorum
409 909 718 999 reprobat
766 909 1154 977 Altissimus
1201 908 1436 991 (Ecclz'.
1480 908 1723 995 xxxlv).
1769 906 2143 997 Indignum
2183 919 2284 976 est
2324 908 2535 987 enim,

37 1008 94 1065 ut
119 1018 459 1066 servorum
502 996 612 1064 Dei
651 1018 794 1075 ora,
826 996 975 1085 ejus
1009 995 1183 1065 cibis
1226 994 1652 1084 polluantur,
1686 996 1806 1082 qui
1852 1018 1984 1065 non
2028 994 2250 1065 solum
2288 1019 2325 1064 a
2360 996 2530 1075 suis,

37 1084 132 1152 sed
159 1085 355 1153 etiam
397 1083 485 1152 ab
533 1083 827 1154 aliorum
883 1084 1296 1154 habitaculis
1326 1097 1512 1154 arcet
1560 1084 1676 1153 Dei
1717 1083 2036 1154 famulos,
2073 1106 2108 1149 »
2150 1084 2270 1153 His
2309 1083 2534 1165 dictis,

40 1173 278 1243 vascula
324 1173 557 1242 omnia
605 1172 884 1263 dirupta
934 1186 1118 1252 sunt,
1163 1174 1397 1242 vinum
1449 1187 1515 1242 et
1563 1174 1783 1242 sicera
1816 1174 1884 1241 in
1929 1173 2223 1242 humum
2258 1171 2535 1253 diffusa,

43 1276 401 1349 caeteraque
450 1261 613 1331 hinc
660 1262 819 1331 inde
858 1260 1164 1332 dis'ecta.
1224 1262 1559 1332 Pavefacti
1598 1284 1677 1331 ea
1726 1283 1798 1332 re
1848 1262 2170 1342 ministri,
2206 1262 2542 1331 nunciant

48 1352 176 1450 Regi
217 1350 379 1438 quid
433 1363 702 1440 gestum
753 1350 863 1420 sit.
918 1285 1040 1419 lele
1080 1366 1328 1421 terrore
1381 1351 1764 1440 perculsuS,
1819 1350 2130 1420 diluculo
2177 1350 2261 1419 ad
2315 1351 2540 1419 virum

50 1441 134 1507 Det
173 1462 324 1509 cum
375 1440 527 1508 avia
576 1439 1031 1508 Brunechilde
1081 1452 1443 1529 properat;
1518 1452 1885 1528 precantur
1933 1440 2185 1529 pariter
2241 1440 2537 1520 veniam,

46 1530 414 1613 promittunt
447 1550 518 1596 se
557 1528 883 1618 deinceps
929 1529 1438 1598 emendaturos.
1484 1527 1752 1610 Quibus
1811 1527 2391 1618 promissionibus
2439 1528 2543 1597 vir

46 1617 135 1684 Dei
177 1617 503 1706 placatus,
543 1617 628 1686 ad
681 1618 1173 1687 monasterium
1213 1617 1425 1686 redit:
1478 1617 1591 1686 sed
1647 1616 1749 1685 illi
1802 1639 1934 1686 non
1988 1617 2112 1687 diu
2161 1628 2340 1687 stant
2387 1639 2544 1707 pro-

48 1705 260 1787 missiS,
297 1705 475 1775 redit
507 1711 644 1775 Rex
676 1706 761 1774 ad
799 1705 997 1776 solita
1029 1720 1292 1796 stupra,
1330 1705 1778 1792 cumulatque
1811 1704 2280 1775 infelicitatem
2316 1727 2540 1774 suam.

47 1794 203 1873 Quod
247 1796 365 1864 ubi
417 1794 721 1885 percepit
760 1795 1003 1865 beatus
1043 1794 1532 1874 Columbanus,
1572 1793 1831 1865 litteras
1873 1795 2271 1865 verberibus
2308 1793 2546 1884 plenas

47 1882 247 1953 scribit
276 1884 357 1953 ad
414 1890 694 1974 Regem,
735 1884 1038 1954 minatur
1070 1885 1129 1953 ei
1164 1883 1972 1964 excommunicationem,
2012 1884 2080 1951 ni
2120 1884 2547 1965 concubinas

49 1991 79 2035 a
118 1993 176 2040 se
218 1972 523 2064 repellat.
585 1972 710 2042 Sed
784 1972 869 2042 iis
934 1995 1214 2042 rursum
1270 1973 1699 2041 inflammata
1752 1970 2280 2053 BrunechildiS,
2344 1972 2546 2062 Regis

51 2060 314 2130 animum
349 2061 685 2132 adversus
733 2062 1007 2131 beatum
1061 2060 1563 2131 columbanum
1615 2061 1878 2140 incitat,
1920 2061 2248 2147 omnique
2296 2074 2548 2130 conatu

59 2151 405 2232 perturbare
453 2149 849 2220 contendit:
905 2166 1052 2220 orat
1099 2150 1302 2219 etiam
1362 2172 1677 2240 proceres
1738 2149 2002 2219 aulicos
2059 2164 2123 2218 et
2185 2149 2548 2238 optimates

61 2254 269 2317 ornnes,
325 2255 400 2309 ut
453 2239 657 2329 Regis
704 2240 1018 2308 animum
1069 2238 1139 2307 in
1192 2239 1413 2308 virum
1469 2239 1583 2306 Dei
1631 2251 2127 2307 commoveant.
2177 2238 2548 2327 Episcopos

67 2342 283 2412 quoque
311 2326 661 2407 sollicitat,
694 2340 771 2397 ut
797 2329 947 2417 ejus
983 2328 1292 2397 instituto
1318 2342 1382 2396 et
1409 2326 1725 2416 religioni
1757 2326 2141 2407 detrahant,
2179 2348 2550 2396 canonem—

65 2431 184 2495 que,
210 2437 401 2502 quem
439 2416 586 2487 suis
622 2416 977 2487 monachis
1011 2417 1565 2506 praescripserat,
1599 2416 1841 2486 rodant
1879 2415 2080 2486 dente
2114 2416 2387 2485 canin0.
2421 2415 2550 2485 Ob·

63 2511 389 2600 temperant
409 2504 624 2575 aulici
654 2506 941 2575 miserae
967 2507 1266 2595 Reginae
1295 2504 1649 2586 voluntati,
1671 2506 1872 2594 Regis
1894 2506 2204 2575 animum
2233 2505 2299 2573 in
2325 2506 2547 2574 virum

60 2589 147 2688 Dei
188 2592 638 2674 inflammant,
683 2607 887 2680 atque
946 2616 1249 2681 eousque
1300 2593 1682 2674 adducunt,
1730 2610 1803 2664 ut
1849 2616 2008 2664 eum
2059 2594 2274 2675 adire,
2331 2606 2395 2663 et
2449 2595 2551 2662 in-

58 2689 324 2750 stitutum
374 2682 532 2770 ejus
583 2684 1039 2752 monasticum
1089 2683 1439 2772 explorare
1487 2685 1881 2753 constituat.

99 2769 154 2864 ,ξ
193 2775 316 2842 11.
358 2776 647 2842 Coactus
696 2772 906 2862 igitur
938 2778 1098 2853 Rex,
1135 2773 1510 2841 Luxovium
1566 2774 1744 2841 venit
1792 2771 1877 2840 ad
1929 2772 2150 2841 virum
2206 2771 2345 2852 Dei,
2400 2793 2553 2840 coe-

62 2867 254 2942 pitque
279 2860 712 2950 expostulare
759 2883 918 2931 cum
957 2860 1095 2938 illo,
1136 2883 1261 2930 cur
1308 2883 1346 2929 a
1386 2860 1912 2950 provincialium
1951 2861 2260 2930 moribus
2293 2860 2554 2930 discre-

62 2958 236 3028 paret,
274 2970 394 3018 nec
441 2949 849 3019 Christianis
897 2950 1223 3019 omnibus
1271 2949 1449 3018 intra
1506 2949 1900 3019 monasterii
1951 2962 2137 3038 septa
2191 2950 2554 3019 secretiora

61 3030 250 3130 aditus
282 3049 558 3126 pateret.
596 3042 840 3107 Beatus
874 3037 1364 3118 ColumbanuS,
1406 3050 1479 3107 ut
1517 3051 1660 3106 erat
1692 3039 2194 3126 imperterritus
2226 3052 2290 3107 et
2323 3039 2555 3107 animo

62 3120 249 3205 virili,
308 3126 472 3216 Regi
548 3125 706 3195 talia
770 3126 1122 3214 objicienti
1156 3126 1571 3215 respondit,
1629 3148 1702 3194 se
1771 3125 2341 3195 consuetudinem
2414 3148 2549 3195 non

62 3204 293 3306 habere,
345 3229 420 3284 ut
469 3215 903 3285 secularibus
950 3215 1349 3284 hominibus
1392 3229 1458 3284 et
1505 3238 1543 3284 a
1596 3214 1923 3302 religione
1974 3216 2349 3285 monastica
2392 3214 2554 3282 alie·

65 3317 167 3395 ms,
202 3299 487 3374 liberum
536 3327 685 3373 esse
733 3305 913 3373 sinat
962 3305 1029 3372 in
1083 3327 1433 3374 servorum
1471 3303 1587 3373 Dei
1624 3303 2011 3372 habitacula
2051 3303 2351 3392 ingredi:
2407 3302 2556 3370 loca

63 3384 169 3454 alia
200 3405 346 3479 apta
396 3404 459 3461 et
504 3405 888 3493 opportuna
935 3392 1266 3473 instituta,
1307 3392 1425 3462 ubi
1467 3393 1772 3482 hospites
1819 3414 2059 3461 omnes
2093 3392 2548 3480 excipiantur.

64 3474 202 3543 Tum
250 3483 413 3549 Rex:
455 3504 493 3546 «
544 3486 634 3558 St,
688 3482 934 3569 inquit,
975 3480 1308 3569 largitatis
1358 3495 1627 3550 nostrae
1677 3480 2029 3550 beneficiis
2084 3481 2283 3569 potiri
2317 3480 2441 3558 vis,
2486 3480 2553 3547 in

68 3557 184 3656 loca
210 3570 434 3638 omnia
470 3571 723 3660 patebit
769 3571 1093 3640 omnibus
1123 3592 1464 3639 accessus
1509 3594 1543 3636 »
1579 3570 1692 3638 Vir
1739 3571 1854 3640 Dei
1889 3591 1993 3640 res
2045 3569 2262 3638 ondit:
2301 3592 2336 3634 «
2382 3569 2450 3636 Si
2485 3580 2556 3637 tu

68 3648 139 3730 ld,
183 3658 355 3740 quod
404 3659 736 3729 hactenus
770 3658 1106 3749 regularis
1149 3658 1560 3747 disciplinae
1607 3659 1896 3727 habenis
1945 3682 1982 3728 a
2035 3659 2347 3727 strictum
2400 3656 2552 3738 fuit,

68 3734 266 3812 luxare
313 3758 378 3814 et
423 3747 674 3817 violare
705 3761 993 3817 conatus
1039 3748 1274 3828 fueriS,
1327 3747 1647 3836 equidem
1708 3746 1918 3817 nullis
1968 3748 2104 3817 tuis
2155 3745 2560 3816 muneribus

69 3826 145 3894 vel
195 3830 535 3906 beneficiis
584 3837 951 3906 sustentari
1003 3837 1230 3905 velim.
1287 3841 1403 3917 Et,
1464 3836 1522 3907 si
1570 3839 1651 3904 ea
1698 3839 1908 3906 causa
1959 3835 2147 3904 hunc
2193 3836 2261 3904 in
2331 3835 2558 3904 locum

69 3913 384 4013 advenisti,
424 3937 497 3994 ut
530 3947 881 3994 servorum
938 3926 1047 3995 Dei
1079 3926 1409 4002 coenobia
1442 3924 1781 4005 destruas,
1825 3936 1889 3993 et
1930 3924 2313 4012 regularem
2357 3923 2563 3992 disci-

72 3999 294 4098 phuam
340 4015 763 4082 contamines
811 4027 1014 4100 atque
1077 4014 1443 4093 convellas,
1492 4014 1761 4081 noveris
1819 4035 2109 4111 regnum
2162 4014 2358 4083 tuum
2408 4012 2563 4080 fun·

71 4086 222 4164 ditus
242 4098 604 4180 ruiturum,
627 4117 871 4173 etcum
897 4104 1085 4171 omni
1119 4103 1303 4191 regia
1330 4102 1707 4191 propagine
1727 4103 2194 4171 interiturum.
2221 4125 2256 4168 »
2280 4100 2356 4169 Id
2380 4100 2559 4188 quod

74 4193 273 4261 postea
316 4188 408 4257 rei
461 4192 771 4280 probavit
819 4205 1123 4261 eventus.
1175 4199 1328 4259 Jam
1379 4191 1563 4258 enirn
1617 4190 1976 4259 temerario
2025 4203 2280 4260 conatu
2326 4196 2462 4259 Rex
2496 4190 2565 4259 in

78 4266 463 4344 refectorium
514 4279 867 4369 ingressus
900 4280 1141 4349 fuerat.
1187 4279 1487 4348 Territus
1537 4290 1764 4348 autem
1817 4279 2005 4348 hisce
2049 4279 2294 4357 verbis,
2333 4278 2568 4348 celeri-

82 4360 164 4454 ter
185 4379 483 4448 egressus
529 4381 666 4448 est;
721 4369 839 4438 sed
891 4392 1047 4438 eum
1100 4369 1200 4437 vir
1258 4366 1371 4436 Dei
1420 4368 1752 4436 acerrime
1800 4366 2210 4458 objurgavit.
2255 4368 2361 4438 Ait
2412 4390 2568 4438 vero

86 4437 168 4509 1111
208 4450 380 4519 Rex:
417 4476 451 4520 «
502 4458 828 4528 Fortassis
889 4458 1197 4547 martyrii
1252 4479 1572 4527 coronam
1630 4471 1688 4526 te
1739 4471 2218 4546 percepturum
2277 4479 2566 4547 speras:

220 4567 441 4630 surius
468 4603 492 4620 -
530 4574 697 4636 Vitae
726 4575 825 4637 SS.
861 4607 888 4621 ·
917 4574 1050 4636 Vol.
1080 4574 1177 4638 Xl.
2336 4572 2412 4633 40
