2993 4837
56 307 211 373 NOV.
265 309 304 373 9
892 323 971 369 mi
1018 323 1074 369 s,
1130 318 1461 369 Tnssonoao
1507 322 1693 368 mar.
2401 307 2481 370 75

56 421 397 509 cernerent,
453 417 887 494 mortemque
928 420 1276 494 tamquam
1328 405 1532 475 dulce
1579 405 1855 493 aliquod
1914 404 2238 495 poculum
2290 405 2571 476 haurire

56 509 442 585 cupientem.

49 650 52 653 ,
123 589 156 672 ἓ
197 591 284 656 Β.
333 590 508 654 Dum
571 584 785 674 igitur
852 604 1227 673 parumper
1293 583 1634 653 haesitant
1681 581 1808 664 illi,
1841 595 1905 652 et
1951 582 2116 675 quid
2171 581 2346 652 facto
2394 604 2570 671 opus

54 674 146 751 sit,
179 674 348 743 inter
395 696 470 743 se
510 672 929 753 consultant,
983 672 1267 759 quidam
1317 694 1397 741 ex
1443 694 1522 741 ea
1572 672 1862 771 legione,
1919 671 2035 759 qui
2091 670 2452 740 facundior
2508 684 2572 741 et

53 763 311 832 astutior
354 784 510 831 esse
563 762 957 852 putabatur,
995 762 1311 850 Martyris
1347 782 1861 850 respons1onem
1899 759 2212 841 eludens;
2246 783 2282 826 «
2315 765 2427 828 Est
2462 782 2566 834 ne.

54 852 272 939 inquit,
326 873 365 919 o
414 850 792 931 Theodore,
851 849 1041 920 filius
1091 855 1222 919 Deo
1273 853 1441 919 tuo?
1487 862 1554 918 et
1600 863 1881 940 generat
1928 849 2067 928 ille,
2121 848 2570 936 quemadmo-

55 940 196 1007 dum
236 940 579 1020 homines,
621 962 782 1008 cum
822 938 1378 1028 perturbatione?
1428 961 1464 1005 »
1512 977 1601 988 —-
1649 960 1685 1004 «
1736 937 2005 1008 Nullam
2060 937 2127 1005 in
2179 936 2572 1027 generando

56 1027 443 1118 (respondit)
491 1028 685 1097 novit
745 1029 1320 1118 perturbationem
1386 1032 1561 1096 Deus
1613 1049 1829 1097 meus.
1883 1032 1974 1095 Ex
2022 1048 2159 1113 quo
2205 1039 2272 1095 et
2322 1025 2570 1095 Filium

57 1139 161 1205 ego
202 1117 577 1197 confiteor,
632 1130 697 1185 et
745 1117 1251 1206 generationem
1328 1119 1459 1185 Deo
1525 1116 2037 1185 convenientem
2096 1114 2428 1204 intelligo.
2484 1120 2571 1183 Te

57 1226 212 1284 vero,
251 1228 288 1273 o
324 1204 616 1276 rationis
662 1226 928 1295 expers,
965 1220 1169 1290 atque
1203 1203 1453 1287 infans,
1496 1226 1722 1273 nonne
1758 1205 2016 1294 pudet?
2056 1225 2282 1273 nonne
2327 1203 2573 1273 rubore

60 1293 471 1375 suffunderis‚
518 1300 733 1363 Deum
784 1293 985 1363 etiam
1037 1293 1409 1363 foeminam
1460 1315 1798 1373 asserenS,
1846 1293 1962 1380 qui
2016 1292 2235 1382 ipsam
2288 1292 2568 1379 quidem

61 1395 124 1449 ut
161 1382 448 1452 filiorum
502 1383 948 1471 genitricem,
1001 1397 1067 1452 et
1111 1382 1329 1451 instar
1378 1382 1687 1472 leporum
1739 1395 1858 1451 aut
1905 1403 2107 1451 suum
2162 1380 2570 1450 foecundam

64 1467 457 1552 daemonem,
499 1471 704 1540 facile
752 1485 895 1541 tum
950 1485 1221 1541 uterum
1273 1485 1644 1559 gerentem,
1679 1484 1820 1539 tum
1873 1470 2251 1560 parientem
2294 1469 2571 1539 colas?»

65 1559 153 1625 Sic
195 1559 396 1649 igitur
445 1566 699 1630 Sancto
747 1559 1092 1649 duplicem
1138 1560 1214 1652 ,in
1269 1558 1611 1629 idolorum
1653 1558 1983 1629 cultorem
2030 1559 2416 1628 irrisionem
2469 1580 2575 1626 re-

65 1651 392 1734 torquenti,
428 1649 739 1738 Tyranni
772 1649 860 1718 ad
893 1649 1186 1738 speciem
1229 1647 1702 1728 humanitatis;
1739 1671 1774 1714 «
1812 1647 2180 1729 Modicum,
2223 1647 2570 1733 inquiunt.

66 1740 355 1833 temporis
389 1738 696 1828 spatium
748 1738 833 1807 ad
885 1736 1465 1807 considerandum
1504 1737 1757 1805 furenti
1790 1736 2227 1806 concedatur.
2268 1741 2575 1805 Fortasse

69 1825 327 1905 interim,
361 1827 681 1918 deposita
730 1826 1026 1906 insania,
1085 1827 1210 1896 resi
1272 1826 1459 1905 iscet,
1522 1839 1587 1894 et
1642 1824 1723 1893 ad
1786 1825 2133 1894 meliorem
2185 1824 2450 1915 frugem
2505 1846 2575 1893 se

73 1914 332 2003 recipiet.
389 1939 426 1983 »
477 1915 832 1985 Insaniam
898 1916 1129 1995 enim,
1253 1927 1558 1983 ementes
1613 1912 2022 2003 sapientiam
2083 1911 2571 2002 appellabant;

75 2012 378 2091 stuporem
429 2017 663 2073 autem
715 2017 781 2073 et
837 2002 1135 2073 furorem
1169 2059 1183 2085 ,
1241 2004 1556 2093 pietatem
1624 2017 1687 2070 et
1754 2001 2179 2092 religionem.
2233 2002 2575 2083 Quemad-

80 2090 310 2160 modum
362 2093 462 2175 fn,
517 2093 799 2180 quando
847 2092 974 2175 illi,
1011 2093 1127 2180 qui
1180 2093 1352 2162 ebrii
1407 2105 1593 2172 sunt,
1634 2091 1884 2159 sobriis
1932 2089 2344 2180 exprobrant
2395 2111 2575 2158 mor-

79 2174 208 2248 bum
254 2204 483 2251 suum.

119 2269 178 2363 ,ἓ
214 2275 359 2342 ss).
425 2278 501 2340 At
557 2271 712 2359 pius
758 2271 862 2338 vir
907 2287 971 2341 et
1020 2270 1263 2339 Christi
1318 2269 1559 2349 miles,
1613 2268 1695 2337 ad
1760 2268 1953 2337 virile
2017 2266 2287 2335 facinus
2358 2265 2576 2335 confi-

84 2357 380 2451 ciendum,
421 2360 724 2450 spatium
771 2359 942 2429 illud
980 2361 1332 2430 convertit:
1368 2357 1626 2446 ecquod
1666 2373 1890 2426 autem
1931 2356 2245 2424 facinus?
2279 2360 2576 2444 Tempus

74 2462 186 2528 Jam
229 2461 343 2529 est,
397 2466 475 2518 ut
522 2470 685 2518 cum
738 2448 991 2517 laetitia
1041 2450 1500 2518 narrationem
1553 2448 1731 2516 hanc
1770 2445 2150 2534 excipiatis.
2202 2449 2279 2513 ln
2332 2457 2577 2512 metro·

82 2531 192 2627 poli
231 2541 505 2606 Amasea
551 2537 587 2571 ¹*
635 2535 871 2607 fanum
923 2535 1072 2616 fuit,
1112 2537 1290 2625 quod
1343 2536 1696 2606 fabulosae
1745 2535 2028 2604 deorum
2076 2533 2276 2602 matri
2312 2531 2577 2621 decepti

80 2618 157 2719 tlli
193 2626 530 2709 quondam
577 2626 890 2695 homines
921 2627 1237 2706 vanitate,
1276 2626 1574 2714 quodam
1628 2625 1694 2692 in
1751 2624 1895 2692 loco
1946 2636 2219 2712 propter
2267 2621 2578 2710 fluminis

80 2727 263 2807 ripam
312 2728 866 2785 construxerunt.
903 2719 1043 2784 Hoc
1091 2715 1329 2784 lanum
1381 2734 1755 2805 generosus
1806 2713 1941 2791 ille,
1987 2711 2151 2781 dum
2209 2732 2328 2801 per
2378 2709 2578 2778 indu-

82 2817 196 2868 ctas
238 2800 402 2873 liber
448 2825 531 2872 ac
582 2816 767 2872 tutus
813 2815 1013 2882 esset,
1052 2805 1630 2892 opportunitatem
1673 2816 1736 2871 et
1786 2801 2160 2890 propitium
2197 2822 2404 2869 aurae
2453 2800 2578 2868 ssa—

84 2896 197 2954 tum
242 2892 633 2972 observans,
691 2891 997 2961 incendit
1044 2904 1251 2979 atque
1297 2891 1701 2961 combussit.
1765 2895 2000 2976 Itaque
2061 2888 2244 2976 quod
2294 2888 2577 2958 omnino

86 2988 208 3075 post
245 2977 800 3049 deliberationem
850 2982 1354 3069 exspectabant,
1410 3002 1480 3049 re
1531 2980 1681 3070 ipsa
1753 2977 2098 3048 sceleratis
2170 2998 2573 3067 responsum

88 3059 255 3158 dedit.
299 3068 486 3149 Quod
540 3067 816 3155 quidem
864 3069 1191 3139 omnibus
1243 3068 1651 3158 patefactum
1704 3080 1845 3135 est:
1886 3065 2224 3152 siquidem
2264 3087 2388 3136 nec
2436 3064 2578 3134 cla—

89 3153 364 3226 rissimus
414 3158 481 3226 in
539 3170 727 3247 parte
774 3156 1068 3227 civitatis
1116 3178 1448 3226 accensus
1498 3157 1701 3247 ignis,
1753 3155 1817 3223 id
1860 3153 2187 3223 occultari
2238 3154 2573 3243 permisit,

88 3251 138 3305 et
177 3241 306 3330 ipse
351 3245 522 3316 adeo
574 3246 779 3315 latere
828 3267 962 3315 non
1015 3247 1303 3326 studuit,
1343 3257 1417 3314 ut
1450 3257 1679 3334 aperte
1716 3257 1857 3313 tum
1896 3242 2246 3332 praeclaro
2280 3241 2580 3311 facinore

87 3325 349 3413 gloriari,
389 3346 531 3404 tum
586 3335 1120 3424 perturbatione,
1155 3357 1292 3422 qua
1342 3345 1619 3425 propter
1667 3329 1903 3421 templi
1952 3343 2349 3417 statuaeque
2395 3350 2580 3398 com·

90 3413 429 3513 bustionem
481 3424 832 3493 conterriti
888 3437 1085 3493 erant
1134 3424 1221 3491 im
1284 3424 1372 3504 ii,
1427 3421 1728 3513 gaudere
1779 3420 2102 3508 majorem
2173 3417 2241 3485 in
2296 3416 2574 3486 modum

89 3503 413 3579 videretur.
452 3516 618 3581 Cum
663 3512 875 3603 igitur
921 3513 1005 3582 ad
1032 3528 1219 3603 'prae
1251 3524 1431 3581 ectos
1470 3522 1711 3580 auctor
1745 3507 2043 3577 incendii
2079 3505 2347 3605 delatus
2376 3517 2574 3585 esset,

90 3593 273 3665 multo
310 3597 709 3672 horribilius
752 3601 819 3668 in
854 3623 1042 3679 eum,
1081 3623 1287 3687 quam
1324 3613 1548 3680 antea,
1580 3597 1928 3688 judicium
1969 3607 2072 3665 est
2100 3605 2574 3674 constitutum,

89 3694 147 3745 ut
192 3705 301 3770 par
336 3702 498 3769 erat,
557 3690 813 3758 animis
869 3710 1105 3759 eorum
1161 3690 1323 3758 tanti
1380 3687 1703 3757 momenti
1765 3707 1834 3754 re
1881 3683 2260 3755 concitatis.
2325 3686 2581 3764 Quam-

91 3766 288 3862 obrem
335 3798 489 3846 cum
541 3778 608 3845 in
666 3777 993 3847 tribunali
1054 3777 1486 3857 resedissent,
1528 3774 1922 3844 Theodorus
1963 3771 2303 3862 praesenti
2350 3771 2582 3839 animo

94 3872 146 3921 in
195 3863 399 3932 medio
446 3867 648 3945 stetit,
712 3866 1117 3955 imperantis
1168 3888 1253 3934 ue
1303 3864 1626 3933 fiduciam
1689 3884 1849 3952 prae
1926 3883 1998 3930 se
2054 3859 2230 3940 tulit,
2296 3880 2428 3928 non
2508 3871 2585 3926 ut

95 3960 239 4046 reus·
261 3953 689 4041 respondens,
726 3955 838 4024 sed
897 3955 997 4024 uti
1038 3955 1118 4042 ju
1173 3977 1252 4023 ex
1301 3955 1756 4042 interrogans,
1816 3963 1883 4019 et
1928 3948 2268 4018 celeritate
2314 3946 2579 4017 confes·

98 4050 278 4128 sionis
320 4041 907 4132 interrogationem
955 4044 1492 4131 interrumpens.
1529 4047 1752 4122 Quare
1786 4051 2225 4126 posteaquam
2271 4057 2404 4104 non
2439 4047 2584 4105 stu-

101 4121 269 4273 ἓιᾱυε
312 4143 425 4198 aut
471 4132 794 4200 attonitus
828 4131 1171 4221 apparuit,
1211 4144 1414 4217 atque
1456 4130 1556 4198 illi
1605 4127 1972 4196 acerbitate
2016 4126 2384 4205 minarum,
2430 4123 2585 4211 qui-

139 4229 208 4276 us
250 4217 515 4286 minime
564 4233 1026 4309 pepercerant,
1081 4242 1152 4288 se
1204 4218 1374 4288 nihil
1428 4216 1754 4307 proficere
1803 4213 2451 4292 animadverterunt,
2498 4211 2579 4281 ad

107 4371 237 4463 ,ιέθξιι
259 4376 408 4424 Ponto,
433 4380 716 4419 munitatis
737 4383 781 4420 et
802 4379 1045 4422 Strabmis
1086 4381 1251 4429 patria.
1275 4382 1406 4420 Nunc
1430 4380 1633 4418 Amasim
1666 4385 1874 4418 vocatur.
1908 4381 1953 4416 et
1988 4378 2244 4415 Tun-carum
2280 4372 2444 4414 ditioni
2483 4372 2589 4412 sub-
