2993 4837
343 1785 349 1790 -
439 1740 733 1809 auditui.

529 311 614 374 96
1162 331 1241 375 na
1288 329 1343 375 5.
1398 328 1718 376 mazacam
1766 331 1864 375 aa.
1921 327 2266 377 mammas
2693 312 2846 378 NOV.
2883 313 2915 376 3

437 410 665 485 subita
714 424 1068 515 correptus
1118 411 1539 492 infirmitate,
1579 412 1757 483 sistit
1803 413 2124 503 gradum,
2179 414 2575 503 viribusque
2614 414 2912 496 deficiens„

436 499 672 569 eodem
727 500 874 569 loco
900 514 1114 588 Jactat
1147 523 1218 570 se
1254 524 1463 602 super
1494 501 1717 571 solum
1749 501 2041 572 anhelus
2079 516 2144 573 et
2169 501 2415 574 fessus.
2450 508 2636 573 Forte
2658 503 2919 576 incidens

438 588 506 656 in
545 587 609 656 id
663 588 792 658 loci
841 589 1296 680 vagabundus
1347 612 1658 673 insanuS,
1713 590 1997 660 offendit
2053 590 2441 661 hominem:
2493 592 2806 680 quidnam
2847 591 2921 662 ibi

438 690 618 767 agat,
713 691 1126 752 ercontatnr.
1167 679 1578 769 Respondet,
1619 679 1808 769 gravi
1845 702 1917 748 se
1948 679 2348 750 infirmitate
2388 682 2622 762 teneri,
2659 693 2721 750 et
2744 702 2925 769 neque

440 787 643 854 proce
694 788 828 848 ere,
879 789 1099 855 neque
1142 768 1360 837 redire
1401 767 1761 838 valentem.
1818 773 1894 837 Et
1930 767 2041 837 ille
2075 791 2088 835 :
2142 792 2177 834 «
2212 769 2588 840 Infirmitas
2620 770 2742 839 ista
2780 769 2924 839 haud

438 853 619 933 alia,
679 855 945 943 inquit,
1010 877 1219 943 quam
1261 857 1410 946 ipsa
1453 878 1634 926 mors
1682 870 1804 927 est.
1845 880 1880 923 »
1933 861 2071 925 Hoc
2118 870 2346 927 autem
2401 880 2531 928 non
2582 858 2743 927 dixit
2778 881 2809 928 a
2853 879 2931 928 se·

442 943 777 1034 metipso:
831 944 945 1014 sed
1009 944 1245 1035 pulcre
1298 945 1625 1014 Dominus
1676 968 1794 1036 per
1842 947 2166 1014 insanum
2216 946 2552 1037 corripuit
2613 970 2802 1026 eum,
2839 947 2930 1035 qui

439 1032 629 1101 sanis
669 1034 1101 1120 acquiescere
1144 1033 1361 1103 noluit
1410 1034 1720 1104 consiliis
1769 1047 2224 1104 sensatorum.
2280 1040 2355 1104 Et
2394 1035 2625 1105 addit:
2665 1059 2701 1102 «
2737 1041 2934 1105 Rever-

441 1132 578 1188 tere
613 1120 942 1191 domum:
993 1144 1118 1212 ego
1169 1136 1230 1191 te
1266 1123 1547 1212 juvabo.
1592 1147 1627 1189 »
1683 1124 1983 1210 Denique
2049 1123 2196 1213 ipso
2246 1123 2443 1206 duce,
2505 1125 2846 1194 revertitur
2882 1124 2934 1193 in

441 1208 779 1279 civitatem
816 1232 828 1275 ε
886 1210 1059 1280 redit
1090 1210 1173 1280 ad
1210 1234 1349 1293 cor,
1387 1224 1451 1280 et
1481 1210 1564 1280 ad
1606 1211 2143 1282 misericordiam
2190 1214 2482 1282 Domini.
2519 1214 2762 1282 Eadem
2806 1215 2934 1282 liora

439 1298 701 1368 accitur
740 1299 981 1388 Episco
1035 1322 1141 1380 us,
1180 1301 1578 1390 agnoscitur
1617 1300 1908 1370 veritas:
1962 1300 2285 1390 abjicitur
2329 1324 2521 1371 error
2549 1356 2570 1382 ,
2626 1300 2936 1372 confessus

441 1400 700 1455 reatum
741 1441 754 1466 ,
821 1388 985 1457 abso
1020 1389 1197 1457 vitur
1228 1441 1244 1468 ,
1315 1389 1480 1479 petit
1521 1388 1867 1471 viaticum,
1921 1389 2125 1458 datur
2170 1391 2634 1461 reconciliatio
2667 1447 2681 1472 ,
2738 1403 2799 1460 et
2831 1410 2935 1478 uno

444 1497 614 1564 pene
664 1489 1005 1546 momento
1055 1476 1343 1567 perfidia
1389 1499 1504 1546 ore
1550 1477 1932 1559 abdicatur,
1987 1490 2052 1547 et
2104 1491 2318 1548 morte
2350 1478 2669 1549 diluitur.
2714 1485 2808 1549 Ita
2837 1477 2934 1546 mi·

444 1563 756 1634 rantibus
803 1565 1071 1634 cunctis
1101 1620 1116 1646 ,
1170 1566 1300 1636 sub
1348 1566 1536 1635 omni
1587 1565 1927 1636 celeritate
1973 1567 2358 1656 completus
2417 1581 2519 1638 est
2567 1590 2790 1638 sermo
2834 1572 2879 1636 tt

442 1651 726 1733 lacbiae,
767 1664 832 1721 et
863 1654 1253 1744 Scripturae
1285 1655 1539 1744 pariter
1571 1654 1885 1737 dicentiS,
1924 1655 2086 1742 quia
2123 1656 2381 1725 vexatio
2416 1656 2529 1727 dat
2558 1657 2848 1727 intellect

530 1831 566 1916 ξ
617 1833 786 1901 21).
840 1834 1024 1899 Inter
1084 1830 1377 1922 populos
1438 1830 1897 1918 quarumdam
1971 1832 2325 1922 regionum
2394 1846 2537 1903 orta
2611 1830 2946 1921 aliqnando

436 1918 665 2017 gravis
694 1918 1037 1988 discordia
1071 1933 1205 1990 est.
1245 1919 1723 2009 interpellatur
1763 1920 2133 1990 Malachias
2169 1922 2253 1990 de
2300 1925 2781 2013 componenda
2816 1935 2940 2013 paoe

444 2021 620 2075 inter
663 2027 802 2076 605.
857 2012 933 2077 Ει
980 2031 1138 2078 cum
1190 2022 1366 2079 esset
1412 2008 1586 2078 alias
1629 2008 2040 2098 impeditus,
2100 2011 2403 2102 injungit
2453 2013 2801 2102 negotium
2847 2011 2944 2102 bct?

441 2095 563 2164 uni
618 2096 1136 2186 Episcoporum.
1193 2098 1314 2168 Illo
1370 2110 1778 2179 excusante,
1823 2110 1887 2167 et
1942 2113 2278 2187 negante,
2336 2114 2401 2169 et
2448 2100 2743 2180 dicente,
2783 2105 2870 2169 Ma

439 2183 693 2264 chiam,
757 2207 888 2253 non
942 2207 1036 2265 se,
1089 2187 1519 2273 quaesitum:
1574 2208 1646 2255 se
1692 2198 2160 2276 contemptum
2222 2188 2351 2268 iri,
2406 2188 2664 2259 frustra
2713 2179 2940 2278 fatigari

441 2272 657 2342 nolle:
712 2295 747 2338 «
778 2272 978 2355 Vade,
1024 2274 1269 2361 inquit,
1307 2287 1372 2344 et
1410 2276 1739 2344 Dominus
1772 2275 1899 2343 erit
1936 2289 2182 2346 tecum.
2226 2299 2261 2342 >›
2313 2282 2387 2346 Et
2427 2277 2586 2347 ille:
2637 2301 2672 2345 «
2704 2275 2944 2366 Aequic-

442 2384 578 2443 sc0,
633 2360 749 2430 sed
801 2363 857 2431 si
910 2383 1018 2431 me
1053 2384 1185 2432 non
1237 2363 1607 2445 audierint,
1649 2364 1815 2434 scito
1860 2386 1965 2433 me
1998 2364 2080 2433 ad
2126 2376 2311 2436 tuam
2355 2367 2823 2455 paternitatem
2855 2383 2946 2457 ap*

443 2449 943 2539 pellaturum.»
987 2452 1362 2522 Subridens
1404 2453 1813 2523 Malachias:
1855 2455 2031 2535 Fiat,
2066 2454 2310 2541 inquit.
2352 2460 2539 2526 Tunc
2571 2459 2934 2547 Episcopus.

439 2539 828 2608 convocatis
881 2540 1213 2628 partibuS,
1267 2540 1477 2611 dictat
1526 2542 1815 2612 formam
1871 2543 2098 2630 pacis:
2152 2544 2625 2630 acquiescunt,
2679 2566 2864 2615 recon
2902 2538 2936 2635 Ἰ

443 2626 702 2695 liantur
753 2625 836 2694 ad
891 2629 1226 2697 invicem:
1281 2628 1416 2699 fide
1466 2631 1628 2699 hinc
1676 2630 1838 2698 inde
1884 2630 2041 2700 data
2075 2686 2090 2710 ,
2145 2631 2493 2704 stabilitur
2545 2655 2724 2723 pax:
2776 2647 2834 2703 et
2872 2630 2916 2699 θ’

440 2714 704 2784 dimisit
751 2736 889 2785 eos.
944 2722 1019 2786 At
1069 2739 1225 2807 pars
1273 2740 1410 2787 una
1462 2718 1702 2788 videns
1751 2718 1977 2799 hostes
2010 2719 2220 2790 factos
2254 2743 2555 2802 securoS,
2613 2723 2865 2814 impara

444 2824 639 2871 esse:
694 2804 952 2893 quippe
991 2808 1133 2892 qui,
1192 2829 1353 2896 pace
1414 2806 1613 2889 facta,
1671 2807 1833 2876 mali
1885 2808 2082 2877 nihili
2135 2810 2702 2899 suspicarentur:
2758 2811 2948 2897 loque*

443 2891 643 2959 batur
677 2906 938 2974 mutuo,
977 2908 1039 2962 et
1071 2895 1337 2965 dicebat
1371 2895 1578 2964 homo
1610 2895 1692 2965 ad
1733 2896 2117 2985 proximum
2152 2919 2357 2967 suum
2394 2923 2408 2966 ε
2446 2900 2618 2982 Quid
2669 2900 2880 2969 volum

443 2979 714 3048 facere?
762 2982 1048 3051 Victoria
1088 3006 1247 3073 prae
1282 2985 1605 3055 manibus
1644 2998 1766 3064 est,
1810 2996 1874 3053 et
1907 2985 2066 3053 vitio
2100 2986 2182 3054 de
2225 2987 2525 3057 inimicis
2594 2993 2674 3057 Et
2708 3006 2892 3077 coepe

443 3069 710 3155 insequi
766 3070 940 3140 illos.
978 3073 1281 3141 Innotuit
1321 3074 1653 3162 Episcopo
1689 3127 1703 3152 ,
1759 3073 1938 3159 quod
1993 3075 2239 3143 fiebat:
2292 3088 2356 3143 et
2405 3099 2774 3148 accurrens
2819 3090 2946 3143 con-

445 3157 622 3225 venit
670 3156 912 3227 ducem
963 3182 1198 3229 eorum
1253 3183 1460 3249 super
1502 3161 1857 3247 iniquitate
1904 3174 1967 3229 et
2001 3162 2198 3232 dolo:
2254 3163 2367 3233 sed
2423 3180 2698 3254 spretus
2740 3166 2821 3234 ab
2861 3159 2946 3260 illo

443 3260 567 3315 est.
624 3250 965 3317 Invocavit
1015 3271 1261 3318 nomen
1315 3250 1688 3319 Malachiae
1734 3250 2064 3320 adversus
2119 3274 2303 3331 eum,
2357 3266 2419 3322 et
2473 3252 2669 3322 nihili
2727 3250 2942 3344 pendit.

445 3335 882 3422 Irridensque
930 3342 977 3405 E
1034 3339 1342 3428 iscopum
1382 3362 1396 3405 :
1453 3360 1487 3404 «
1525 3343 1816 3407 Putasne
1847 3392 1867 3417 ,
1925 3339 2188 3426 inquit,
2248 3355 2520 3430 propter
2570 3355 2631 3411 te
2672 3342 2946 3411 amittere

441 3424 816 3493 debeamus
867 3447 972 3493 ma
1008 3424 1335 3496 efactores
1384 3438 1674 3506 nostr03,
1721 3450 1894 3514 quos
1939 3433 2110 3497 Deus
2148 3429 2426 3499 tradidit
2462 3431 2527 3498 in
2576 3453 2819 3501 manus
2855 3445 2950 3495 no-

442 3514 670 3581 stras?
702 3535 736 3577 »
786 3518 862 3581 Et
912 3514 1308 3584 recordatus
1360 3515 1540 3584 verbi
1595 3517 1699 3585 sui
1752 3516 2153 3605 Episcopus,
2207 3519 2388 3604 quod
2442 3519 2775 3589 habuerat
2818 3530 2944 3609 cun}

447 3600 799 3681 Malachia,
859 3602 1030 3674 flens
1076 3617 1140 3672 et
1172 3601 1440 3693 ejulans
1473 3625 1664 3672 verso
1700 3604 1891 3673 vultu
1925 3606 2007 3672 ad
2051 3608 2544 3689 monasterium
2579 3609 2764 3696 ejus:
2805 3631 2827 3668 ι
2853 3602 2946 3697 Ub!

442 3713 537 3768 es,
595 3691 709 3771 ait,
757 3689 959 3759 bomo
996 3693 1165 3759 Dei?
1214 3691 1328 3759 ubi
1376 3693 1499 3760 es'?
1545 3698 1778 3761 Nonne
1827 3693 1954 3761 hoc
2001 3707 2143 3775 est,
2199 3699 2392 3763 Pater
2444 3690 2580 3776 n'ii',
2628 3694 2804 3784 quod
2852 3690 2946 3761 tibi

442 3777 808 3846 dicebam?
855 3783 1045 3860 Heu,
1102 3780 1280 3861 heu,
1337 3780 1512 3859 veni,
1567 3793 1641 3850 ut
1689 3781 1973 3850 facerem
2033 3784 2312 3865 bonum,
2367 3797 2430 3852 et
2483 3806 2614 3853 non
2672 3782 2944 3853 malum:

444 3880 506 3934 et
552 3889 705 3935 ecce
749 3890 866 3956 per
908 3891 1014 3937 me
1062 3890 1322 3946 omnes,
1371 3867 1471 3937 illi
1521 3870 1587 3937 in
1641 3892 1758 3939 cor
1810 3892 1964 3949 ore,
2019 3870 2127 3939 isti
2173 3871 2240 3938 in
2289 3874 2544 3953 anima,
2596 3884 2944 3962 pereunti

447 3955 651 4024 Multa
686 3956 752 4023 in
794 3956 978 4025 hunc
1016 3957 1293 4026 modum
1332 3957 1736 4044 loquebatur
1797 3972 2154 4028 amentans
2184 3973 2247 4026 et
2292 3960 2448 4049 plan
2506 3983 2649 4041 ens,
2694 3974 2943 4051 etquast

451 4057 869 4130 praesentem
932 4045 1311 4115 sollicitans
1358 4060 1423 4115 et
1461 4046 1884 4137 compellans
1947 4047 2351 4117 Malachiam
2406 4072 2441 4118 a
2503 4072 2732 4129 versus
2782 4043 2946 4137 maliss

446 4143 758 4220 gnanteS.
812 4135 1091 4203 Interim
1138 4157 1291 4204 vero
1341 4134 1562 4225 impii,
1600 4159 1757 4204 cum
1797 4135 2052 4223 quibus
2085 4136 2387 4205 fecerant
2419 4160 2677 4227 pacem,
2716 4139 2941 4230 inseqtss

450 4240 579 4288 non
633 4220 1049 4291 desistebant
1098 4223 1180 4291 ad
1237 4223 1661 4312 perdendum
1715 4245 1854 4294 eos.
1909 4228 1985 4292 Et
2032 4246 2187 4294 ecce
2227 4226 2513 4314 spiritus
2573 4226 2844 4295 mendax
2890 4239 2938 4316 ιη

444 4331 561 4376 ore
607 4312 1065 4395 quorumdam
1120 4312 1416 4380 virorum
1469 4313 1588 4398 qui
1637 4335 1752 4381 eos
1811 4311 2174 4401 deciperet,
2231 4319 2307 4382 Et
2354 4325 2792 4384 occurrerunt
2835 4307 2940 4376 uns

448 4397 513 4463 in
568 4398 674 4464 via
724 4398 848 4464 viri
903 4399 1331 4477 nunciantes,
1379 4399 1625 4468 factam
1678 4401 2131 4489 irruptionem
2190 4403 2253 4469 in
2299 4415 2511 4472 terras
2552 4406 2838 4493 ipsorum
2873 4390 2938 4461 ab
