2993 4837
120 302 267 367 Nov,
319 302 357 363 3
833 319 906 363 nn
957 318 1012 362 s.
1068 313 1355 362 nunssnro
1401 318 1506 381 ger.-
1562 317 1889 365 mmmmm
2453 302 2537 365 69

185 408 382 491 ξίθ.
429 404 598 492 EJus
632 415 851 471 autem
876 402 1211 491 migratio
1246 400 1475 470 intulit
1518 424 1820 491 superno
1850 402 2214 471 conventui
2255 402 2616 493 gaudium:

111 495 192 564 eis
225 506 465 570 autem,
525 492 653 577 qui
698 491 847 575 ejus
892 490 1233 559 consortio
1281 503 1564 560 eatenus
1623 490 1812 560 fruiti
1873 490 2165 572 fuerant,
2220 515 2497 581 gravem
2559 507 2623 563 ct

113 604 256 670 pene
298 579 877 649 interminabilem
931 579 1213 648 luctum.
1282 584 1572 665 Eratque
1622 580 1848 649 videre
1916 601 2297 671 pauperum
2341 582 2619 652 fletibus

110 693 207 740 ora
237 670 463 760 rigata.
506 681 574 738 et
610 668 896 759 pastoris
920 689 991 736 se
1037 669 1604 754 conquerentium
1639 669 2001 738 destitutos
2035 670 2265 759 opima
2295 693 2619 761 praesen—

115 763 223 829 tia:
269 758 761 828 monachorum
812 779 1085 844 quoque
1134 778 1395 847 greges,
1450 757 1742 846 jejuniis
1800 758 2058 848 pallida
2103 780 2224 827 ora
2280 772 2617 848 gerentes,

119 847 467 934 inculteque
517 847 762 916 habitu
814 847 1208 935 despectum
1270 846 1610 914 mundum
1666 860 2137 936 protestanteS‚
2192 847 2274 916 ad
2321 848 2444 916 viri
2511 850 2624 918 Dei

114 936 471 1007 inferiarum
509 936 835 1021 exequias
883 934 1281 1005 deducenda
1350 957 1786 1016 concurrere,
1840 957 2190 1023 quamque
2225 936 2335 1026 pie
2374 949 2438 1006 et
2465 960 2624 1006 san-

108 1038 193 1093 cte
230 1024 565 1113 pontificis
601 1025 709 1094 sui
742 1024 873 1093 vita
907 1023 1306 1101 decurrerit,
1347 1023 1667 1093 sedulum
1707 1024 2009 1095 officium
2062 1047 2298 1094 eorum
2349 1025 2624 1112 altaque

108 1114 337 1184 devotio
370 1114 770 1183 testabatur.
828 1118 1001 1183 Sane
1032 1135 1111 1182 eo
1159 1112 1479 1201 spiritum
1518 1112 1864 1194 reddente,
1904 1114 2336 1203 evangelium
2374 1115 2621 1184 Christi

112 1204 486 1293 perlegitur:
543 1216 609 1272 et
650 1225 728 1272 eo
783 1202 1096 1291 perlectO,
1133 1222 1307 1288 quae
1372 1202 1684 1283 mortuis,
1750 1203 1900 1291 piae
1951 1202 2174 1272 officia
2230 1203 2626 1293 sepulturae

114 1305 530 1380 praestantur.
590 1291 853 1360 Etenim
892 1312 1143 1381 corpus
1177 1290 1328 1377 ejus
1359 1291 1674 1360 ablutum
1716 1290 1731 1358 l
1769 1290 2045 1381 'mphi3‚
2083 1304 2286 1379 atque
2320 1293 2624 1361 circum-

112 1380 309 1451 datum
341 1380 592 1471 pepliS,
631 1379 856 1449 loculo
905 1393 1405 1469 superponunt,
1445 1392 1647 1467 atquc
1694 1314 1947 1449 elymum
1993 1401 2028 1449 e
2079 1380 2224 1449 loco
2271 1381 2425 1467 ejus
2475 1382 2624 1450 obi-

114 1484 219 1548 tus,
266 1470 379 1559 qui
414 1483 701 1539 vocatur
735 1474 931 1548 Fora,
990 1468 1310 1537 Leodium
1364 1468 1791 1538 transfertur.
1845 1475 2030 1551 Quae
2096 1469 2244 1539 loca
2299 1493 2338 1537 a
2387 1493 2459 1539 se
2498 1469 2626 1538 dif-

114 1560 303 1628 ferunt
334 1557 651 1628 millibus
690 1558 989 1647 triginta.
1039 1563 1211 1627 Sane
1264 1579 1382 1646 per
1434 1579 1637 1626 omne
1684 1580 1938 1647 corpus
1987 1559 2418 1637 reversioniS,
2476 1560 2626 1649 piae

110 1669 240 1715 oves
282 1647 599 1716 funebria
646 1647 1065 1733 exuviasque
1113 1645 1221 1713 sui
1255 1645 1613 1715 audientes
1648 1646 1893 1716 deferri
1964 1649 2278 1737 pastoriS,
2350 1670 2429 1716 ex
2477 1671 2626 1716 om-

112 1737 287 1805 nibus
314 1735 488 1805 villis
520 1749 587 1805 et
624 1736 793 1804 locis
843 1736 1291 1814 confluentes,
1334 1734 1658 1804 ultimum
1712 1734 1854 1804 vale
1891 1736 2167 1816 dicturi,
2223 1736 2619 1806 adveniunt.

111 1826 315 1893 Omnis
342 1839 555 1905 aetas,
587 1838 877 1913 uterque
905 1846 1127 1903 sexuS,
1167 1846 1421 1893 curvus
1460 1837 1710 1903 arator,
1752 1846 2239 1914 pannosusque
2278 1824 2628 1896 bubulcus

114 1912 373 1983 dolorem
429 1913 768 2004 lacrymis
814 1911 1132 1991 confessi,
1199 1913 1597 1982 accedentes
1646 1925 1848 2001 atque
1894 1914 2168 1983 eminus
2223 1916 2620 1994 salutantes,

120 2003 330 2093 pugnis
366 2004 897 2092 etiamqectora
940 2001 1389 2081 verberanteS,
1431 1999 1969 2089 proclamabant:
2012 2026 2045 2067 «
2080 2007 2223 2071 Heu
2262 2004 2417 2081 heu,
2458 2004 2621 2090 quid

123 2089 277 2159 nobis
312 2093 664 2181 Jamnunc
700 2103 904 2160 restat
944 2090 1232 2159 salutis?
1289 2095 1382 2158 En
1424 2090 1868 2160 destituimur
1925 2089 2384 2180 periclitantes
2435 2092 2626 2160 beni-

127 2178 407 2266 gnissimo
451 2178 927 2270 periculorum
970 2193 1355 2247 nostrorum
1397 2178 1894 2269 propulsatore‚
1933 2180 2050 2266 qui
2099 2179 2453 2249 doloribus
2505 2203 2626 2249 no-

132 2267 251 2337 stris
278 2269 673 2338 consolator
722 2268 975 2346 aderat,
1034 2268 1439 2356 inopiaeque
1473 2268 1852 2348 miserator,
1904 2268 2372 2359 orphanorum
2424 2268 2619 2348 altor,

125 2354 385 2430 defensor
433 2358 840 2438 viduarum,
896 2356 1383 2443 doctrinaeque
1413 2356 1724 2426 coelestis
1763 2358 2058 2427 eximius
2107 2356 2364 2426 doctor.
2405 2359 2629 2445 Hujus

121 2449 455 2531 praesentia
508 2447 888 2537 fugabatur
933 2446 1190 2515 diaboli
1240 2447 1562 2525 saevitia,
1620 2447 1834 2515 seculi
1893 2446 2288 2516 calcabatur
2348 2469 2623 2537 pompa,

114 2535 258 2603 etin
304 2558 437 2605 uno
488 2539 629 2606 isto
678 2535 909 2604 omnia
969 2535 1168 2606 nobis
1215 2549 1407 2604 erant
1465 2535 1817 2605 doctrinae
1850 2549 2052 2623 atque
2102 2536 2328 2625 operis
2392 2549 2626 2606 sancta

113 2624 566 2695 emolumenta.
604 2648 641 2691 »
691 2625 888 2694 Hisce
938 2624 1217 2693 vocibus
1271 2624 1797 2712 planctibusque
1847 2624 2106 2694 similes
2148 2625 2628 2715 jungebantur

113 2713 594 2796 querimoniae,
647 2735 1007 2800 quousque
1074 2713 1544 2801 suprascripto
1608 2735 1887 2784 emenso
1937 2715 2196 2805 spatiO,
2254 2715 2320 2782 in
2397 2713 2620 2783 locum

117 2801 489 2873 destinatum
542 2803 763 2872 sancti
798 2823 952 2870 ossa
1000 2801 1325 2870 advexere
1378 2802 1739 2891 praesulis.
1947 2825 1955 2833 ·

184 2891 372 2975 Ml.
427 2897 604 2961 Cum
678 2902 902 2959 autem
971 2911 1177 2980 prope
1238 2890 1532 2958 eundem
1592 2890 1813 2960 locum
1879 2890 2346 2972 adventarent,
2405 2893 2626 2981 plebis

129 2975 442 3049 multitudo
484 2978 887 3070 gradusque
935 2980 1162 3047 omnis
1200 2979 1738 3059 Ecclesiasticus,
1779 3002 1936 3048 cum
1977 2980 2342 3049 reverendo
2385 2980 2626 3051 habitu

121 3062 334 3137 obviam
388 3069 660 3138 sanctis
694 3088 1081 3156 processere
1113 3068 1439 3154 exequiis,
1478 3067 1768 3137 ferentes
1807 3069 2041 3138 Crucis
2091 3068 2330 3137 vexilla
2367 3070 2422 3148 ⁴,
2467 3092 2620 3138 san-

114 3167 479 3244 ctorumque
538 3156 944 3256 patrocinia,
995 3178 1257 3226 necnon
1309 3157 1723 3225 candelabra
1780 3156 2043 3226 lumine
2096 3157 2455 3238 radiantia,
2504 3159 2616 3227 sed

107 3257 157 3309 et
195 3260 491 3315 aromata
534 3267 601 3312 in
657 3244 1224 3332 thymiamateriis
1278 3245 1671 3325 redolentia,
1723 3244 2121 3336 psallenteS,
2174 3268 2350 3332 quae
2413 3248 2625 3315 moris

107 3345 190 3399 est
215 3333 459 3406 talibus
502 3332 752 3402 officiis
793 3332 1161 3408 decantari.
1203 3335 1535 3403 carmina.
1585 3340 1750 3404 Dum
1798 3347 2023 3402 autem
2057 3333 2299 3404 feretro
2352 3336 2474 3403 viri
2513 3338 2626 3405 Dei

104 3420 599 3508 sejunxerunt,
657 3421 850 3490 dolor
901 3422 1347 3491 intolerabilis
1403 3422 1748 3491 canticum
1809 3424 2077 3492 cunctis
2142 3423 2511 3503 interdixit,
2563 3441 2628 3493 et

105 3504 337 3579 luctum
408 3511 685 3590 indixit,
745 3510 829 3578 ita
882 3524 954 3580 ut
995 3534 1031 3578 a
1083 3511 1246 3579 ssetu
1311 3532 1510 3579 nemo
1561 3524 1784 3601 posset
1833 3524 2244 3601 temperare:
2300 3512 2414 3581 sed
2467 3535 2627 3582 con·

98 3600 547 3680 querebantur
584 3600 668 3667 de
719 3599 826 3667 sui
880 3601 1193 3688 pastoris,
1249 3598 1480 3668 dolore
1533 3622 1637 3667 ma
1697 3600 1857 3670 istro
1912 3601 2232 3681 dictante,
2291 3603 2625 3691 intempe-

102 3687 246 3754 stiva
297 3689 879 3759 subtractione...
936 3689 1053 3758 His
1118 3701 1182 3757 et
1231 3687 1579 3757 similibus
1669 3689 1840 3757 olori
1897 3690 2414 3768 satisfacienteS‚
2471 3713 2626 3759 san-

101 3775 384 3846 ctissima
439 3778 751 3846 membra
784 3777 852 3844 in
890 3782 956 3845 Β.
1009 3777 1175 3845 Petri
1208 3777 1562 3846 basilicam
1598 3776 1911 3856 intulere,
1942 3801 2147 3865 quam
2204 3781 2346 3869 ipse:
2389 3778 2626 3849 beatus

102 3863 188 3931 vir
230 3888 349 3935 sua
399 3868 786 3937 construxit
836 3865 1343 3935 munificentia:
1402 3865 1632 3951 ibique
1701 3866 1966 3936 facibus
2021 3870 2350 3949 accensis,
2409 3869 2627 3956 pervi-

102 3951 279 4036 gilem
337 3968 606 4025 noctem
666 3954 1034 4036 ducenteS,
1104 3954 1580 4041 Davidicisque
1651 3956 1938 4024 canticis
1992 3976 2268 4044 operam
2337 3957 2623 4030 dantes,

104 4062 441 4130 usquequo
490 4045 592 4114 sol
625 4043 875 4134 jubare
909 4065 1033 4112 suo
1085 4042 1221 4132 poli
1258 4056 1610 4129 terraeque
1659 4043 1898 4113 faciem
1955 4041 2413 4130 perfunderet,
2483 4066 2630 4132 per-

105 4149 470 4203 severavere
522 4132 914 4224 psallentes.
970 4137 1123 4200 Post
1173 4131 1337 4201 haec
1388 4145 1615 4200 autem
1672 4133 1969 4201 induunt
2016 4154 2198 4210 eum,
2258 4147 2452 4221 prout
2487 4147 2630 4199 erat

108 4327 208 4370 *Ρῑῑᾰ
232 4329 501 4370 Bruxeuasz
530 4341 626 4380 quo
656 4339 792 4374 anno,
825 4327 1066 4370 incertum.
1097 4331 1236 4368 'ruste
1264 4329 1518 4379 sigeberto,
1548 4339 1668 4368 anno
1697 4330 1772 4369 735
1801 4340 1825 4368 e
1854 4329 1951 4366 vita
1974 4329 2172 4368 excussit
2191 4340 2200 4371 ;
2219 4328 2278 4368 ad
2302 4324 2519 4374 Aegl-(llas
2540 4323 2627 4360 Bu·

108 4377 280 4426 therme.
297 4385 372 4421 eui
393 4385 547 4424 Feller
568 4383 743 4431 alitque
765 4384 925 4431 plures
946 4382 1268 4428 consentiunt,
1289 4380 1421 4430 ponit
1444 4392 1617 4420 annum
1641 4384 1730 4422 727.

154 4433 171 4454 a
203 4434 302 4474 Vtile
323 4438 564 4486 antiquam
586 4437 961 4477 Christianorum
985 4436 1297 4476 devotionem.
2657 4451 2750 4512 f
