2993 4837
460 318 543 380 22
770 335 847 380 na
896 334 985 381 ss.
1037 334 1344 381 eusimio
1392 334 1557 382 nuc.
1607 335 1682 381 Er
1727 336 1993 383 summo
2045 336 2335 382 rnsssnw.
2382 336 2490 382 uu.
2627 318 2787 382 NOV.
2833 320 2852 381 t
2951 384 2952 389 ,

370 418 486 488 ille
535 430 844 487 ornatuS.
900 418 1428 507 Responderunt
1478 419 1626 487 illi:
1682 444 1713 484 «
1753 420 1860 487 Sic
1911 418 2025 487 ille
2079 433 2365 488 ornatus
2421 431 2521 488 est
2575 419 2638 487 in
2692 442 2866 487 suum
2951 456 2952 459 π

373 506 684 577 exitium.
719 529 755 572 »
806 512 883 575 Et
923 508 1321 579 Caesarius:
1378 530 1413 574 «
1457 512 1584 576 Pet·
1623 512 1860 589 Deum,
1915 509 2161 594 inquit,
2215 508 2730 595 omnipotentem
2775 530 2872 577 vos

370 595 665 685 adjur0‚
733 609 810 677 ut
859 596 1070 686 hujus
1121 596 1216 665 rei
1282 596 1451 665 mihi
1520 597 1848 666 rationem
1891 596 2267 686 explicetis
2302 620 2338 663 »
2389 597 2875 687 Responderunt
2951 594 2952 639 f

375 685 592 754 cives:
641 707 677 751 «
713 683 803 753 Ad
858 707 973 754 sex
1019 684 1120 753 vel
1173 696 1325 754 octo
1375 706 1646 755 menses
1695 686 1998 754 nutritur
2039 686 2150 755 hic
2189 686 2533 775 quispiam
2572 684 2876 775 proillius
2951 728 2952 735 κ

372 773 745 843 voluntate.
801 773 893 842 lis
941 774 1194 843 exactis
1245 774 1625 854 mensibus,
1678 788 1987 843 armatus
2035 788 2100 843 et
2152 788 2438 844 ornatus
2487 773 2778 843 ascendit
2818 774 2874 841 in

371 875 699 942 montem,
756 873 820 931 et
869 884 991 953 pro
1039 862 1260 932 salute
1310 862 1753 952 reipublicae,
1806 876 1871 932 et
1923 863 2312 954 principum
2365 863 2746 950 civiumque
2789 884 2881 930 sa-

374 950 539 1033 lute,
594 964 797 1038 atque
846 965 922 1020 ut
970 950 1358 1021 immortale
1399 952 1529 1020 sibi
1584 965 1773 1043 paret
1820 973 2095 1033 nomen,
2148 974 2308 1022 cum
2351 973 2529 1040 equo
2576 975 2647 1021 se
2690 951 2818 1042 agit
2853 973 2882 1019 e

378 1052 607 1109 monte
656 1040 1123 1130 praecipitem.
1177 1041 1340 1131 Ejus
1389 1062 1545 1109 vero
1593 1040 1883 1109 cadaver
1927 1040 2302 1110 honorifice
2350 1041 2718 1110 admodum
2764 1037 2883 1108 col-

372 1127 637 1218 ligitur,
676 1141 740 1197 et
772 1128 854 1197 ad
892 1128 1222 1217 templum
1261 1129 1594 1219 Apollinis
1629 1128 2032 1219 perductum
2063 1144 2564 1211 concrematur,
2603 1129 2882 1215 cinisque

370 1218 522 1305 ejus
561 1218 626 1285 in
667 1217 920 1306 templo
960 1240 1080 1307 pro
1113 1216 1367 1287 civium
1402 1231 1465 1287 et
1502 1217 1924 1307 reipublicae
1958 1218 2177 1288 salute
2219 1216 2696 1288 reconditur.»
2730 1222 2882 1286 Haec

371 1313 449 1375 at
488 1306 751 1374 audivit
799 1307 1154 1376 Caesarius
1207 1307 1592 1376 Diaconus:
1649 1311 1763 1377 «Ο
1812 1328 1928 1376 vos
1980 1306 2320 1387 infelices,
2375 1308 2624 1394 inquit,
2678 1322 2738 1376 et
2786 1306 2882 1375 mi-

376 1416 611 1474 seros,
665 1394 783 1481 qui
837 1395 1197 1464 hominum
1269 1395 1703 1464 innoxiorum
1771 1397 2040 1465 animas
2088 1397 2343 1466 offertis
2404 1396 2878 1470 daemonibus,

374 1488 611 1569 neque'
647 1483 798 1563 hic,
862 1505 1083 1570 neque
1147 1484 1215 1551 in
1266 1483 1495 1555 futuro
1545 1484 1774 1553 seculo
1827 1507 1978 1553 vera
2028 1486 2159 1554 vita
2228 1485 2532 1575 potituri.
2576 1508 2608 1551 »
2668 1482 2888 1553 Deinde

379 1572 578 1640 latuit
626 1592 700 1640 ea
755 1572 822 1639 in
876 1572 1047 1641 urbe
1091 1593 1308 1659 usque
1356 1572 1438 1641 ad
1493 1572 1823 1644 Calendas
1873 1574 2235 1642 lanuarias
2300 1574 2481 1665 apud
2548 1573 2886 1660 quemdam

376 1659 839 1729 Christianum
887 1662 999 1730 Dei
1052 1681 1349 1742 servum,
1389 1662 1454 1729 in
1496 1662 1817 1751 precibus
1864 1674 1928 1731 et
1974 1662 2231 1752 vigiliis
2269 1685 2426 1733 cuin
2469 1661 2587 1731 illo
2621 1661 2892 1732 serviens

375 1753 508 1818 Deo
556 1762 621 1818 et
674 1750 957 1823 Domino
1000 1761 1229 1819 nostro
1267 1755 1433 1819 Jesu
1467 1751 1752 1819 Christo.
2953 1828 2954 1841 χ

470 1844 506 1918 ἓ
555 1841 647 1909 8.
708 1838 828 1908 Ubi
865 1850 1137 1908 ventum
1182 1850 1284 1907 est
1321 1838 1404 1908 ad
1448 1839 1778 1909 Calendas
1807 1839 1982 1919 illas,
2015 1839 2196 1910 cives
2230 1839 2312 1907 ad
2359 1840 2692 1930 templum
2728 1836 2894 1927 Apol-

376 1926 540 1996 linis
589 1947 989 2010 convenere,
1045 1928 1564 2016 Lucianumque
1619 1929 1926 1998 'uvenem
1982 1928 2573 2019 speciosissimum
2626 1927 2894 1998 adduxe·

375 2028 561 2093 runt,
615 2028 690 2084 ut
738 2016 1006 2087 offerret
1054 2017 1498 2087 sacrificium.
1553 2021 1604 2087 O
1661 2017 1812 2086 tulit
1859 2038 2020 2107 ergo
2072 2039 2344 2105 porcam
2402 2040 2523 2107 pro
2574 2018 2792 2086 salute
2822 2015 2895 2083 ci-

372 2104 600 2181 vitatis
647 2117 712 2173 et
759 2106 1041 2174 civium.
1109 2105 1180 2173 Id
1245 2127 1534 2174 cernens
1584 2106 1938 2175 Caesarius
2009 2107 2394 2185 Diaconus‚
2466 2105 2890 2175 exclamavit:

374 2216 410 2259 «
440 2193 575 2261 Viri
630 2194 996 2284 sapientes,
1051 2215 1176 2262 cur
1210 2206 1395 2264 tanto
1427 2216 1546 2281 vos
1594 2194 1846 2264 scelere
1880 2194 2361 2285 obstringitis'?
2396 2199 2585 2265 Itane
2620 2214 2891 2281 aequum

373 2280 566 2351 vobis
597 2282 884 2363 videtur,
924 2282 1272 2351 hominem
1307 2284 1663 2351 innoxium
1708 2306 1830 2373 pro
1867 2284 1995 2351 vita
2035 2300 2247 2352 vestra
2295 2283 2360 2351 in
2404 2298 2691 2353 mortem
2731 2302 2896 2373 prae-

376 2370 715 2462 cipitare?
744 2395 778 2438 »
829 2371 1069 2443 Oblato
1117 2371 1478 2453 sacrificiO,
1513 2373 1786 2462 juvenis
1831 2374 2172 2442 Lucienus
2205 2372 2891 2460 conscenditequum.

376 2472 442 2529 et
490 2459 743 2529 suroris
773 2461 1071 2548 quodam
1123 2473 1344 2530 oestro
1394 2463 1718 2551 percitus,
1774 2462 1894 2531 ubi
1929 2463 1998 2530 in
2040 2475 2338 2531 montem
2395 2462 2724 2552 pervenit,
2764 2458 2897 2529 inde

376 2570 449 2618 se
499 2550 938 2640 praecipitem
991 2549 1221 2630 dedit,
1275 2563 1338 2619 et
1406 2564 1720 2620 mortuus
1785 2564 1906 2621 est.
1980 2556 2247 2621 Rursus
2307 2573 2469 2640 ergo
2524 2550 2896 2620 exclamans

375 2638 730 2708 Caesarius
780 2639 1165 2708 Diaconus:
1221 2662 1256 2704 «
1290 2645 1422 2712 Vae
1488 2638 1956 2728 reipublicae,
2014 2641 2284 2728 inquit,
2354 2657 2419 2708 et
2485 2638 2900 2729 principibus

371 2726 545 2814 ejuS,
598 2727 719 2812 qui
768 2725 1105 2796 laetantur
1152 2727 1396 2797 alienis
1444 2729 1893 2808 cruciatibus,
1931 2729 2369 2818 et·sanguine
2412 2728 2766 2798 fundendo
2803 2748 2897 2816 pa·

376 2828 689 2883 scuntur.
746 2815 916 2898 Quid
970 2817 1060 2885 ita
1113 2816 1394 2907 perditis
1442 2819 1714 2887 animas
1771 2817 2171 2907 imposturis
2219 2831 2282 2886 et
2352 2817 2899 2906 persuasionibus

375 2901 715 2974 malorum
770 2903 1242 2974 daemonum?
1275 2929 1309 2971 »
1362 2911 1540 2974 Haec
1589 2906 1923 2975 dicentem
1980 2905 2174 2976 illum
2228 2906 2577 2974 Firminus
2621 2903 2898 2996 pontifex

363 2992 576 3081 jussit
623 3015 897 3062 summo
945 2995 1175 3064 studio
1221 2994 1740 3083 comprehendi,
1779 3007 1847 3064 et
1876 2994 2369 3075 incustodiam
2413 2994 2760 3084 publicam
2804 2993 2902 3060 ab·

373 3080 561 3148 duci.
616 3087 821 3150 Porro
868 3104 1120 3172 corpus
1170 3084 1451 3152 Luciani
1505 3083 1824 3173 collegit,
1889 3095 1955 3151 et
2004 3105 2126 3172 pro
2193 3104 2380 3152 more
2442 3084 2507 3151 in
2581 3082 2899 3170 templum

374 3168 708 3257 Apollinis
758 3170 1198 3258 importatum
1250 3173 1654 3254 combussit,
1712 3172 2185 3261 templumque
2225 3172 2588 3243 sacrificiis
2624 3170 2902 3241 ornavit.

374 3258 544 3327 lnde
598 3258 938 3349 post‘dies
1000 3274 1150 3330 octo
1215 3261 1609 3341 Luxurius,
1670 3262 1769 3330 vir
1831 3260 2205 3351 primarius
2263 3261 2412 3349 ejus
2469 3261 2808 3339 civitatis,
2855 3269 2909 3324 et

374 3347 724 3418 Firminus
777 3348 1072 3438 pontifex
1123 3350 1513 3419 Caesarium
1569 3349 1942 3419 Diaconum
1992 3371 2029 3418 e
2077 3350 2388 3419 custodia
2435 3349 2501 3417 in
2537 3348 2762 3418 forum
2805 3345 2910 3416 ad-

374 3436 752 3506 duxerunt:
810 3449 1283 3527 rogaruntque,
1321 3438 1675 3507 Leontium
1727 3438 2186 3519 consularem,
2225 3439 2348 3525 qui
2390 3459 2510 3528 por
2549 3437 2616 3507 id
2652 3451 2910 3526 tempus

374 3526 444 3593 in
498 3526 826 3596 Fundana
862 3526 1144 3596 ⁴civitate
1189 3543 1354 3608 erat,
1411 3540 1485 3596 ut
1535 3528 1902 3596 Taracinas
1951 3527 2231 3596 veniret.
2287 3527 2360 3594 Ei
2409 3527 2751 3607 venienti,
2805 3523 2913 3594 tri-

376 3612 607 3683 duana
657 3615 888 3704 inedia
939 3628 1357 3685 maceratum
1410 3617 1800 3685 Caesarium
1854 3616 1922 3684 in
1977 3617 2125 3706 ipso
2175 3613 2321 3684 soro
2365 3614 2815 3685 tradiderunt.
2855 3616 2910 3680 ls

374 3723 531 3770 vero
586 3725 702 3792 per
751 3719 1154 3793 praeconem
1207 3704 1595 3774 sciscitatus
1641 3719 1743 3774 est
1790 3726 1870 3773 ex
1920 3704 2274 3785 Caesario,
2328 3706 2488 3791 quis
2538 3717 2906 3772 vocaretur.

375 3793 751 3880 Respondit
787 3792 940 3862 ille:
996 3815 1030 3858 «
1060 3794 1417 3862 Caesarius
1455 3807 1769 3883 peccator
1802 3815 2022 3874 vocor,
2073 3793 2412 3862 Diaconus
2446 3793 2911 3862 immeritus»

374 3880 694 3950 Leontius
725 3880 1112 3951 consularis
1159 3881 1368 3950 dixit:
1425 3905 1461 3949 «
1501 3887 1749 3951 Servus
1778 3905 1874 3963 eS,
1920 3905 2004 3950 an
2051 3883 2454 3972 ingenuus?
2488 3905 2522 3947 »
2567 3880 2913 3951 Caesarius

374 3969 773 4057 respondit:
829 3975 1152 4040 «Servus
1201 3992 1352 4039 sum
1420 3972 1686 4040 Domini
1756 3972 1884 4040 mci
1951 3972 2122 4039 Jesu
2186 3971 2458 4039 Christi.
2502 3994 2537 4037 »
2607 3970 2915 4038 Leontius

372 4057 761 4128 consularis
809 4059 1024 4128 dixit:
1081 4083 1116 4125 «
1150 4059 1412 4128 Audisti
1473 4061 1638 4147 quid
1674 4059 2013 4148 jusserint
2062 4062 2570 4149 Imperatores?
2601 4082 2634 4124 »
2685 4062 2914 4127 Caesa-

374 4146 521 4216 rius
574 4147 912 4218 Diaconus
963 4148 1355 4239 respondit:
1410 4172 1445 4215 «
1481 4151 1679 4218 iussa
1733 4147 2012 4217 illorum
2065 4171 2190 4217 erro
2239 4149 2494 4218 nescio.
2534 4172 2568 4214 »
2606 4145 2912 4216 Leontius

315 4235 758 4306 'consularis
830 4237 969 4305 ait:
1046 4261 1081 4303 «
1146 4243 1224 4306 Ut
1296 4238 1712 4307 sacrificium
1781 4237 2025 4306 offeras
2097 4202 2231 4306 <liis
2303 4236 2912 4306 immortalibus.»

304 4369 309 4374 -
375 4326 730 4395 Caesarius
777 4325 982 4393 dixit:
1039 4351 1074 4392 (ι
1135 4327 1339 4395 Plane
1382 4328 1745 4415 jusserunt
1795 4325 1942 4406 illi,
1999 4342 2073 4399 ut
2123 4325 2450 4394 infelices.
2504 4348 2560 4392 -»
2611 4322 2915 4394 Leontius

372 4413 758 4485 consularis
807 4414 947 4500 ait:
1005 4438 1037 4479 «
1097 4415 1271 4496 Quid
1327 4416 1466 4483 ita?
1515 4438 1602 4483 an
1657 4414 1820 4501 quia
1882 4437 2003 4504 pro
2066 4414 2286 4484 salute
2355 4414 2827 4505 reipublicae?
2881 4432 2911 4473 »
