2993 4837
150 300 278 371 ΠΟΥ.
330 306 357 367 l
975 319 1299 370 sueonum
1345 323 1438 371 ss.
1491 320 1834 369 narrauit
2542 307 2583 369 9

148 406 274 476 inter
319 427 698 496 pressuras
748 405 1195 476 tolerantiam
1254 404 1568 486 contulit,
1626 418 1704 475 ut
1751 405 1976 474 varias
2009 404 2217 475 astuti
2266 405 2531 475 inimici
2567 429 2675 476 ar-

95 554 100 569 .
148 507 236 576 tos,
266 507 329 564 et
366 494 722 565 callidum
775 495 1147 586 ingenium
1196 496 1526 576 vinceret,
1581 515 2046 581 coronamque
2094 494 2550 566 immortalem
2597 502 2674 565 'et

149 583 775 655 immarcescibilem
810 598 1154 676 raperent,
1208 583 1354 674 ipse
1402 588 1581 652 Deus
1608 583 1858 664 bonus,
1912 582 2095 673 pius,
2145 596 2449 666 sanctus,
2515 585 2675 655 rudi

150 672 351 742 artifici
382 686 452 742 et
482 672 820 761 imperito
856 673 1316 763 ⁴sapientiam,
1382 670 1905 762 intelligentiam
1959 694 2038 741 ac
2103 672 2419 742 virtutem
2470 694 2672 762 prae-

153 774 271 842 stet,
300 763 561 849 quibus
618 762 1006 852 imaginem
1060 761 1597 852 pulcherrimam
1647 773 1851 847 atque
1899 759 2388 851 dignissimam
2457 763 2675 851 possit

156 851 401 940 erigere,
455 863 1006 937 sanctorumque
1065 855 1435 939 Martyrum
1488 848 1787 939 gloriosa
1838 849 2240 931 certamina,
2296 850 2673 940 spectanda

162 940 449 1009 omnibus
481 939 773 1029 posthac
824 940 1384 1029 generationibus
1425 952 1629 1024 atque
1675 936 2087 1007 admiranda
2134 960 2552 1028 proponeret
2595 951 2676 1010 ut

166 1029 385 1116 posteri
406 1028 770 1098 addiscant
804 1028 1220 1117 praeclaram
1255 1027 1679 1118 patientiam,
1724 1026 2187 1114 eximiamque
2213 1029 2674 1098 constantiam

172 1131 523 1187 sanctorum
574 1116 1014 1186 bellatorum.
1066 1122 1369 1187 Fuerunt
1394 1116 1578 1185 enim
1616 1115 1915 1204 profecto
1966 1116 2380 1188 nobilissimi
2426 1131 2677 1186 etcon-

175 1206 539 1275 stantissimi
590 1204 947 1294 propositi,
1000 1205 1436 1291 nimiumque
1486 1204 1893 1274 laudabiles.
1924 1210 2089 1275 Nam
2138 1228 2297 1274 cum
2351 1227 2673 1295 persecu·

180 1291 360 1363 tionis
392 1294 819 1363 saevissimae
874 1292 1115 1375 fervor,
1171 1293 1539 1366 Christiani
1586 1294 1814 1384 gregis
1867 1305 2129 1383 strages
2167 1293 2507 1382 plurimas
2555 1294 2675 1364 da-

179 1394 286 1461 ret,
332 1381 951 1467 omnesque-timidi
996 1404 1075 1450 ac
1123 1380 1259 1451 fide
1299 1381 1678 1452 imbecilles
1726 1394 1986 1452 certare
2040 1395 2425 1463 renuerent,
2484 1384 2674 1452 Chri-

182 1480 464 1556 stumque
494 1471 604 1539 Dei
650 1469 900 1538 Filium
951 1470 1261 1540 confiteri
1292 1491 1666 1560 poenarum
1702 1483 1885 1540 metu
1926 1470 2402 1549 detrectarent,
2443 1471 2669 1542 fortis-

184 1557 327 1626 simi
367 1559 465 1627 isti
488 1559 733 1628 milites
764 1558 1012 1629 Christi
1048 1559 1525 1630 instaurarunt
1551 1559 1794 1640 aciem,
1829 1572 1894 1628 et
1922 1572 2232 1629 conserto
2269 1559 2446 1629 bello
2481 1582 2672 1631 sum·

187 1646 307 1716 mis
345 1647 580 1717 viribus
650 1646 978 1717 fuderunt
1026 1648 1330 1729 hostem,
1386 1648 1802 1734 victoriaque
1874 1647 2069 1737 potiti
2133 1660 2318 1721 sunt.
2370 1648 2670 1717 Accincti

190 1734 350 1803 enim
392 1734 639 1805 lumbos
685 1757 851 1805 suos
890 1736 1024 1805 fide
1072 1735 1338 1826 integra
1386 1749 1589 1823 atque
1669 1735 1940 1816 erfecta,
1995 1736 2287 1807 interriti
2323 1736 2667 1807 Christum

198 1823 537 1903 Dominum,
590 1824 990 1914 ingentique
1035 1824 1417 1896 constantia
1463 1847 1592 1894 con
1651 1825 1989 1895 tebantur.
2044 1824 2174 1908 Qui
2225 1846 2380 1894 vero
2437 1824 2674 1894 formi-

195 1907 335 2008 dine
370 1933 439 1981 ac
495 1934 731 2071 ffivore
788 1914 1134 2003 superati,
1190 1927 1377 2004 terga
1426 1913 1605 1984 hosti
1652 1913 2033 1993 dederunt,
2103 1912 2378 1984 coelesti
2459 1935 2670 2004 regno

200 2018 422 2088 seipsos
460 2022 493 2070 a
584 2001 876 2073 icarunt.
933 2003 1158 2073 Miseri
1208 2002 1504 2092 profecto
1552 2013 1757 2088 atque
1789 2000 2239 2083 miserabileS,
2273 2023 2448 2089 quos
2478 2016 2670 2093 tepor

209 2097 375 2173 atque
401 2090 705 2171 socordia,
765 2102 947 2161 tanta
980 2091 1196 2181 gloria
1244 2091 1401 2160 fecit
1434 2090 1784 2178 indignos.
2651 2122 2662 2131 ·

279 2175 419 2272 §D-
464 2179 732 2248 Stabant
793 2179 1005 2268 igitur
1062 2179 1459 2250 certaminis
1529 2192 1834 2269 tempore
1900 2177 2256 2248 fortissimi
2304 2176 2671 2248 bellatores

221 2262 334 2359 Del,
362 2275 652 2336 tormenta
684 2268 918 2336 omnia
967 2290 1241 2339 summa
1288 2268 1507 2337 animi
1556 2267 1905 2338 alacritate
1954 2266 2316 2336 tolerantes
2376 2289 2496 2355 pro
2543 2288 2668 2335 no-

226 2366 371 2420 mme
400 2354 712 2447 Unigeniti
763 2355 916 2426 Filii
966 2358 1104 2438 Dei,
1145 2378 1224 2426 ac
1273 2356 1640 2426 Salvatoris
1691 2356 1902 2426 nostri
1941 2354 2211 2426 Christi.
2266 2360 2481 2439 Quam
2513 2376 2670 2425 vero

226 2442 441 2539 simoni,
478 2458 861 2531 quantaque
913 2444 1114 2514 laude
1162 2445 1585 2514 fortitudinis
1621 2445 1908 2537 praediti
1947 2443 2161 2525 fuere,
2203 2445 2324 2530 qui
2364 2444 2672 2533 subjecta

222 2525 400 2597 oculis
422 2531 734 2603 horrenda
767 2532 1111 2624 supplicia
1157 2548 1393 2604 contra
1439 2556 1513 2604 se
1562 2547 1833 2624 parata.
1899 2554 2034 2603 non
2102 2533 2306 2602 modo
2358 2532 2528 2601 nihil
2581 2532 2670 2601 ti-

215 2632 510 2703 muerunt,
573 2644 814 2691 verum
868 2623 1114 2712 majori
1172 2644 1446 2710 quoque
1504 2623 1886 2695 constantia
1936 2637 2364 2712 pugnanteS,
2418 2633 2668 2691 cuncta

209 2701 496 2802 tolerando
517 2715 974 2802 superarunt?
1022 2711 1399 2781 Cernebant
1430 2712 1780 2782 ardentem
1835 2732 2105 2800 rogum,
2156 2710 2407 2811 ignitas
2454 2721 2668 2778 sarta-

198 2811 385 2946 ftnes
417 2796 694 2888 ollasque
743 2800 1100 2882 ferventes,
1131 2822 1308 2886 quac
1342 2800 1600 2870 fervore
1629 2799 1845 2869 nimio
1882 2810 2112 2890 guttas
2142 2799 2314 2888 p1cis
2347 2812 2411 2868 et
2443 2797 2671 2886 adipis

199 2901 427 2977 ,ongms
454 2888 956 2976 jaculabantur.
988 2889 1472 2977 Adspiciebant
1500 2890 1658 2959 item
1710 2887 1996 2958 ferratas
2024 2900 2087 2958 et
2109 2887 2456 2957 aculeatas
2487 2898 2668 2956 rotas

194 2981 349 3039 mter
385 2974 616 3065 ignium
669 2977 915 3068 globos
964 2979 1175 3047 nimia
1206 2977 1549 3047 celeritate
1597 2978 1874 3050 versaai.
1913 2976 2368 3046 Intuebantur
2414 2976 2668 3045 ferreos

186 3076 428 3150 ungues,
466 3064 901 3153 laminasque
960 3067 1353 3148 candenteS‚
1408 3067 1644 3148 fustes»,
1703 3081 1962 3146 vectes,
2015 3064 2317 3147 aculeos,
2371 3066 2660 3145 terebra,

178 3151 489 3239 compedes
534 3167 741 3241 atque
780 3168 1079 3236 catenaS‚
1123 3177 1536 3242 omnemque
1570 3177 1852 3244 prorsus
1883 3167 2125 3238 artem,
2169 3175 2377 3240 quam
2430 3152 2667 3222 inimi-

174 3256 283 3336 cus
316 3243 591 3313 veritatis
638 3243 971 3315 adversus
1002 3243 1424 3315 confessores
1462 3243 1730 3313 Domini
1766 3243 2134 3314 Salvatoris
2184 3242 2466 3311 invenit.
2502 3245 2666 3310 Om-

172 3330 472 3426 macnim
544 3353 926 3422 poenarum
998 3353 1250 3421 genera
1298 3333 1365 3400 in
1435 3343 1878 3421 conspectum
1961 3331 2383 3420 martyribus
2449 3328 2668 3399 hostis

174 3414 430 3512 calhdus
470 3419 700 3501 dedit,
748 3432 828 3491 ut
875 3419 942 3488 in
1016 3420 1454 3490 formidinem
1517 3433 1801 3490 verteret
1861 3431 2172 3501 sanctos,
2224 3432 2289 3488 et
2335 3418 2668 3506 adspectu

172 3522 301 3592 tpso
339 3528 411 3576 ac
448 3521 702 3579 terrore
750 3530 1129 3598 poenarum
1161 3564 1176 3590 ‚
1231 3509 1470 3599 lingua
1521 3530 1657 3578 non
1720 3509 2023 3599 amplius
2069 3508 2381 3579 confiteri
2439 3505 2670 3575 Domi-

171 3610 309 3661 num
351 3601 603 3678 Jesum,
659 3610 847 3667 metu
897 3597 1250 3686 impedita,
1307 3610 1800 3688 praesumeret.

175 3766 187 3777 ·
240 3682 272 3768 ἓ
309 3687 390 3755 8.
440 3687 614 3769 Quid
651 3699 879 3755 autem
914 3686 1301 3758 fidelissimi
1341 3686 1977 3776 promptissimique
2001 3686 2365 3757 bellatores
2393 3682 2663 3765 Christi,

172 3780 316 3868 mter
354 3772 752 3863 hujusmodi
786 3788 943 3845 ante
971 3774 1208 3845 oculos
1239 3775 1543 3867 exposita
1592 3774 1953 3855 horrenda,
2011 3773 2460 3858 inauditaque
2500 3795 2669 3862 sup-

170 3855 383 3944 plicia?
430 3864 894 3953 Promptiores
939 3864 1196 3947 effecti,
1261 3865 1517 3950 majore
1565 3864 1819 3934 fiducia
1868 3878 2073 3951 atque
2128 3861 2516 3931 constantia
2564 3861 2660 3929 in·

167 3943 517 4048 dubitanter
553 3965 620 4022 et
654 3952 993 4042 intrepide
1025 3966 1182 4024 ante
1235 3953 1604 4023 tribunalia
1644 3953 1966 4044 judicum
2010 3973 2088 4020 ac
2131 3949 2659 4031 Praefectorum,

163 4034 464 4132 Christum
515 4041 885 4112 Dominum
954 4042 1480 4113 confitebantur.
1550 4048 1691 4113 Non
1766 4040 2066 4123 stridens
2137 4038 2440 4122 flamma,
2527 4060 2664 4107 non

157 4125 378 4214 ignitae
424 4131 849 4220 sartagines,
904 4153 1038 4202 non
1087 4130 1264 4201 ollae
1312 4132 1668 4210 ferventes,
1731 4152 1865 4200 non
1916 4142 2220 4197 rotarum
2281 4126 2667 4197 horrendae

156 4214 511 4317 vertigines,
565 4239 706 4288 non
743 4219 1055 4289 ardentes
1085 4220 1408 4300 laminae,
1462 4240 1596 4288 non
1647 4218 1989 4308 unguium
2041 4215 2299 4297 dentes,
2346 4236 2480 4283 non
2514 4234 2665 4282 cae-

152 4311 271 4401 tera
312 4307 374 4374 nd
416 4328 643 4396 genus
694 4319 1046 4390 tormenta,
1112 4329 1246 4377 non
1296 4306 1694 4397 compedeS,
1752 4328 1886 4376 non
1936 4317 2334 4374 catenarum
2380 4299 2663 4400 ⁴pondus

146 4411 570 4478 immensum,
624 4416 767 4463 non
832 4407 1281 4486 tyrannorum
1332 4396 1597 4476 minae,
1653 4418 1787 4466 non
1854 4393 2249 4484 principum
2300 4390 2655 4464 fremitus,

2743 4449 2824 4505 f
