2993 4837
123 315 284 380 Nov.
339 317 418 380 ι16
777 334 854 379 nr:
901 333 959 379 s.
996 332 1292 380 annuunt)
1340 333 1438 377 aa.
1490 332 1950 380 εΑΝτυΑιιιεΝει
2429 318 2557 381 525

123 419 211 485 vir
256 431 582 487 sanctus:
624 440 660 483 «
713 422 849 507 Ego
902 439 1082 496 vero,
1128 417 1376 503 inquit,
1425 417 1768 485 nesciente
1819 417 2063 486 marito
2112 429 2251 498 tu0,
2291 416 2472 485 dona
2531 433 2645 488 tua

122 529 241 575 non
292 507 646 606 recipiam.
704 528 739 572 »
803 505 981 574 Abiit
1027 505 1146 573 illa
1195 527 1352 574 cum
1409 506 1816 574 muneribus
1863 507 2054 586 suiS,
2117 520 2268 575 voto
2323 505 2647 577 frustrata

121 618 262 664 suo:
298 610 362 665 et
395 618 498 664 vir
538 595 652 664 Dei
688 595 773 663 ab
806 597 956 680 ejus
987 593 1546 663 infestationibus
1580 593 1908 664 liberatus
1940 609 2064 664 est.

196 686 230 771 ξ
274 687 351 756 8.
408 689 773 770 Postquam
824 705 902 752 ex
952 682 1452 752 adolescentiae
1490 685 1695 751 annis
1738 683 2047 762 excessit,
2087 697 2434 752 crescente
2483 706 2644 752 cum

118 786 315 842 aetate
363 773 674 861 corporis
740 774 1028 852 robore,
1095 774 1303 841 crevit
1363 772 1567 840 etiam
1624 770 1990 841 invisibilis
2040 772 2325 841 militiae
2382 794 2639 861 pugna.

120 862 561 943 Quamobrem
599 883 731 930 non
769 874 1133 930 contentus
1168 860 1282 930 ille
1313 861 1807 929 communibus
1838 860 2107 941 ciliciis,
2139 861 2397 947 quibus
2435 874 2648 930 mater

119 972 261 1019 eum
301 973 339 1019 a
388 952 644 1020 teneris
691 950 897 1019 annis
941 950 1037 1018 uti
1085 951 1318 1028 voluit,
1375 971 1625 1017 novum
1668 947 1878 1016 cilicii
1920 970 2142 1038 genus
2190 949 2472 1029 effinxit,
2504 972 2642 1036 quo

120 1061 376 1108 carnem
432 1062 629 1108 suam
685 1060 818 1108 non
872 1051 1006 1106 tam
1059 1038 1338 1107 domare
1384 1060 1594 1124 quarn
1653 1038 2046 1108 excruciare
2087 1038 2396 1107 studuit:
2459 1038 2642 1124 quod

120 1150 319 1214 genus
366 1140 432 1197 et
482 1128 728 1217 priscis
772 1128 1226 1217 incognitum,
1265 1139 1331 1195 et
1378 1126 1875 1195 recentioribus
1911 1127 2412 1216 incompertum
2450 1142 2639 1215 puto.

126 1217 407 1287 Habebat
455 1216 763 1286 cilicium
824 1238 959 1304 non
1018 1238 1096 1284 ex
1147 1215 1469 1284 tenuibus
1533 1213 1716 1303 pilis,
1767 1227 1840 1283 ιιι
1888 1214 2159 1297 assolet,
2220 1229 2637 1296 contextum,

127 1305 228 1374 sed
276 1329 353 1375 ex
401 1305 761 1376 chordulis
807 1304 1252 1392 quibusdam,
1290 1305 1508 1372 instar
1541 1305 1701 1371 retis
1752 1303 1964 1372 multa
1998 1303 2332 1373 densitate
2368 1306 2543 1373 inter
2575 1328 2647 1373 se

126 1395 439 1464 consertis
488 1408 554 1464 et
601 1393 937 1465 intricatis
985 1392 1417 1473 confectum,.
1454 1392 1568 1461 cui
1622 1391 1819 1460 multi
1873 1393 2141 1461 inerant
2203 1392 2466 1475 noduli,
2522 1394 2648 1463 hu-

129 1505 353 1553 manae
400 1484 596 1574 carni
634 1504 842 1572 prope
891 1480 1377 1550 intolerabiles.
1418 1481 1513 1549 Ab
1562 1481 1885 1549 anteriori
1922 1496 2109 1570 parte
2141 1482 2433 1573 patebat,
2468 1480 2646 1552 funi·

125 1572 285 1641 cutis
331 1596 371 1642 a
419 1572 675 1661 capitio
723 1593 941 1658 usque
980 1570 1062 1638 ad
1102 1570 1413 1639 fimbrias
1463 1569 1625 1638 hinc
1677 1569 1834 1637 inde
1873 1571 2128 1639 assutis
2166 1573 2640 1640 constrictum:

127 1655 247 1745 q'ua
296 1684 364 1730 re
429 1662 657 1741 fiebat,
719 1674 794 1728 ut
841 1660 989 1745 ejus
1039 1658 1274 1728 noduli
1333 1658 1602 1748 corpori
1652 1659 1909 1728 arctius
1955 1660 2531 1748 apprimerentur‚
2584 1673 2650 1730 et

131 1751 515 1838 maj0res.ei
566 1750 916 1818 cruciatus
962 1749 1304 1817 afferrent.
1354 1751 1483 1816 Nec
1535 1760 1762 1816 tamen
1799 1747 1957 1816 ‘hoc
2021 1750 2334 1817 tormenti
2401 1772 2648 1838 genere

126 1836 227 1905 ille
273 1851 659 1918 contentuS,
715 1836 902 1906 aliud
954 1836 1244 1916 addidit,
1289 1836 1530 1925 majori
1585 1835 1788 1904 etiam
1841 1836 2297 1906 admiratione
2337 1837 2402 1905 di
2464 1839 2641 1907 nius.

131 1930 196 1993 Ut
235 1928 413 1995 enim
467 1950 547 1997 ex
598 1939 921 2016 perpetua
985 1926 1193 1995 cilicii
1257 1925 1406 2013 ejus
1468 1926 2001 2012 compunctione
2071 1947 2323 2015 corpus
2441 1926 2649 1996 oleret

129 2016 357 2096 acrius,
414 2015 578 2084 sune
625 2037 704 2084 ex
751 2036 1084 2101 equorum
1141 2013 1694 2104 pilis-triplicato
1748 2014 1835 2082 ita
1889 2013 2058 2083 illud
2096 2016 2527 2096 constrinxit,
2575 2028 2650 2084 ut

129 2124 158 2168 a
203 2105 499 2195 scapulis
548 2126 767 2190 usque
808 2104 887 2171 ad
947 2124 1141 2173 renes
1188 2103 1429 2171 crebro
1477 2103 1743 2171 ambitu
1791 2103 1979 2171 funis
2019 2103 2411 2182 duceretur,
2450 2117 2513 2172 et
2549 2105 2652 2172 in-

132 2191 266 2261 fima
318 2207 512 2283 parte
562 2205 744 2261 tanta
803 2192 863 2259 vi
916 2191 1485 2281 adstringeretur,
1530 2205 1607 2259 ut
1662 2191 1766 2260 vix
1813 2213 2067 2278 corpus
2118 2192 2487 2272 inflectere,
2534 2205 2652 2261 aut

137 2279 430 2351 inflexum
477 2283 737 2372 erigere
797 2293 1044 2369 posset.
1099 2285 1175 2348 Et
1232 2280 1390 2366 quia
1446 2280 1747 2348 interdiu
1809 2275 2057 2348 rn‘anus
2108 2293 2172 2348 et
2228 2279 2511 2361 collum,
2570 2304 2652 2349 ne

140 2366 420 2441 homines
455 2371 902 2443 adverterent.
942 2391 1021 2439 ea
1064 2369 1321 2439 ratione
1361 2368 1662 2459 affligere
1696 2390 1829 2438 non
1866 2369 2108 2459 potuit,
2152 2369 2470 2439 noctibus
2504 2368 2652 2440 cili-

134 2458 218 2526 cio
246 2483 318 2529 ea
354 2461 718 2551 affligebat.
758 2460 1060 2529 Addebat
1110 2480 1265 2529 vero
1300 2459 1504 2527 etiarn
1554 2458 1908 2527 femoralia
1956 2458 2256 2538 cilicina,
2296 2473 2360 2528 et
2388 2458 2649 2549 caligas

128 2564 318 2633 aeque
366 2550 701 2629 cilicinas,
762 2550 1017 2635 quibus
1064 2547 1344 2617 assidue
1393 2548 1713 2616 utebatur
1765 2570 1925 2616 cum
1979 2547 2188 2617 lorica
2242 2548 2383 2627 illa,
2439 2570 2646 2634 quam

132 2651 326 2706 mater
380 2640 442 2707 ei
493 2638 878 2724 reliquerat,
924 2636 1232 2725 duplicia
1284 2636 1369 2704 de
1434 2658 1646 2705 manu
1715 2637 1980 2705 Domini
2042 2651 2464 2726 recepturuS,
2530 2659 2653 2726 pro

127 2723 370 2813 duplici
424 2728 775 2816 martyriO,
827 2747 965 2813 quo
1014 2748 1085 2794 se
1145 2726 1290 2814 ipse
1336 2724 1519 2794 ultro
1567 2725 1812 2794 affecit.
1864 2731 2069 2795 Porro
2119 2727 2186 2794 in
2235 2725 2540 2795 Adventu
2588 2738 2653 2795 et

128 2814 692 2906 Quinquagesima
727 2814 1121 2905 plumbeam
1164 2813 1514 2901 quandam
1567 2826 1816 2883 vestem
1867 2814 2113 2896 induit,
2146 2826 2210 2884 et
2242 2814 2496 2883 durum
2544 2836 2652 2883 co·

131 2902 291 2970 rium
341 2918 543 2991 atque
576 2905 939 2982 nodosum,
978 2917 1042 2971 et
1083 2903 1166 2971 ad
1222 2903 1491 2972 dolores
1545 2904 1852 3002 corporis
1893 2903 2444 2991 augmentandos
2494 2903 2649 2993 plu-

130 2991 306 3060 ribus
349 2992 511 3062 locis
550 3016 803 3082 corpus
852 3014 1053 3060 suurn
1098 2992 1383 3061 funibus
1430 2992 1861 3068 constrinxit,
1904 3012 1988 3059 ne
2020 2993 2255 3062 anima
2293 2994 2444 3083 ejus
2493 3015 2651 3083 pec-

128 3093 418 3149 catorum
456 3082 742 3151 funibus
774 3081 1383 3169 constringeretur.

205 3170 239 3254 §
269 3174 361 3238 9.
395 3175 557 3240 Cum
594 3172 843 3240 artium
887 3170 1210 3259 magister
1242 3170 1524 3238 effectus
1553 3180 1752 3248 esset,
1798 3179 2061 3254 praeter
2097 3190 2352 3238 morem
2384 3192 2649 3246 eorum,

130 3258 238 3341 qui
289 3272 426 3327 tum
483 3260 757 3350 publice
814 3258 1129 3346 legebant
1179 3257 1275 3326 vel
1331 3257 1853 3345 profitebantur,
1905 3256 2148 3325 Missae
2197 3280 2468 3326 sacrum
2531 3280 2656 3325 au-

129 3343 265 3415 dire
309 3360 368 3416 et
410 3371 644 3438 preces
693 3348 1069 3416 Canonicas
1102 3344 1409 3432 quotidie
1443 3344 1667 3435 legere
1701 3344 2077 3413 consuevit:
2126 3367 2301 3431 quae
2337 3345 2653 3435 religiosa

130 3438 534 3505 consuetudo
582 3437 785 3505 etiam
837 3434 1206 3523 discipulis
1258 3434 1409 3523 ejus
1478 3433 1778 3523 profuit,
1831 3433 2087 3520 quibus
2140 3434 2525 3520 persuasit,
2580 3447 2657 3503 ut

128 3544 274 3589 cum
307 3527 450 3613 ipso
502 3526 745 3595 Missae
780 3524 1120 3592 sacrificio
1157 3524 1583 3592 interessent.
1627 3528 1706 3591 Ut
1741 3544 1897 3590 vero
1927 3522 2363 3590 commodius
2393 3535 2456 3591 et
2491 3522 2658 3591 libe·

135 3610 267 3679 rius
310 3614 372 3682 id
424 3614 693 3684 efficere
743 3628 1005 3702 posset,
1078 3613 1145 3679 in
1217 3612 1553 3700 paroecia,
1619 3612 1684 3679 in
1743 3633 1880 3698 qua
1945 3610 2255 3698 degebat,
2323 3610 2654 3680 sacellum

131 3704 653 3772 construendum
705 3702 970 3771 curavit
1019 3701 1088 3768 in
1147 3703 1469 3769 honorem
1509 3700 1987 3789 sanctissimae
2027 3698 2326 3787 Virginis
2376 3702 2649 3779 Mariae,

132 3807 322 3871 quam
376 3813 646 3881 semper
694 3812 926 3858 amore
982 3789 1084 3860 sin
1146 3788 1318 3858 ulari
1370 3788 1583 3857 coluit
1643 3801 1708 3857 et
1763 3800 2163 3876 prosecutus
2211 3801 2334 3856 est.
2400 3789 2660 3857 Accidit

132 3890 371 3959 autem,
412 3893 488 3949 ut
525 3880 805 3966 quidam
858 3902 936 3947 ex
986 3901 1072 3946 au
1133 3878 1420 3947 itoribus
1466 3877 1618 3963 ejus
1667 3890 1731 3945 et
1782 3877 2017 3945 morbo
2065 3889 2129 3945 et
2175 3890 2470 3965 egestate
2506 3900 2660 3966 pre-

137 3981 436 4049 meretur,
496 3992 617 4038 nec
673 3989 1094 4055 quemquam
1149 3967 1449 4044 baberet,
1503 3965 1623 4052 qui
1671 3986 1868 4052 opem
1938 3965 2138 4033 ferret
2186 3966 2426 4034 ullam.
2486 3971 2657 4035 Eum

129 4050 261 4134 jam
311 4055 478 4126 lecto
524 4057 1075 4135 decumbentem,
1123 4056 1334 4145 jussit
1388 4056 1454 4123 in
1511 4054 1887 4142 hospitium
1942 4076 2147 4124 suum
2202 4055 2483 4122 inferri:
2539 4055 2657 4125 ubi

137 4161 287 4209 sane
321 4166 463 4214 rara
513 4146 812 4234 quadam
864 4145 1291 4213 humanitate
1338 4156 1404 4212 et
1441 4141 1908 4212 benevolentia
1946 4143 2254 4230 quinque
2288 4143 2661 4213 hebdoma-

140 4226 331 4299 dibus
374 4256 595 4303 coram
642 4234 760 4303 illo
795 4234 1093 4306 cubavit,
1131 4234 1330 4317 eique
1372 4232 1439 4299 in
1488 4233 1595 4309 iis,
1633 4252 1808 4314 quae
1849 4232 1999 4321 ejus
2053 4232 2374 4319 poscebat
2424 4254 2661 4301 neces-

143 4316 316 4416 sitas,
372 4323 606 4393 sedulo
658 4322 1109 4400 ministravit,
1172 4320 1442 4389 interim
1501 4319 1956 4390 nihilominus
2004 4334 2069 4389 et
2121 4320 2542 4410 praelegens,
2599 4331 2663 4386 et

144 4404 487 4497 dtsputans
535 4412 837 4482 assidue.
2633 4448 2678 4475 ,ι
