2993 4837
82 340 239 405 NOV.
290 341 372 404 28
761 360 836 405 na
886 360 941 405 s.
996 359 1315 406 suzanno
1363 359 1629 407 sumone
1677 360 1867 406 mar.
2367 345 2493 409 725

77 444 275 512 etiam
317 464 575 512 sacram
651 442 1140 533 supellectilem
1176 445 1448 513 'sanctis
1507 444 1936 534 Imaginibus
1983 456 2373 514 exornatam
2423 468 2585 514 con-

76 531 450 620 cerpsistis?
494 536 587 600 An
628 554 758 600 non
811 532 1218 622 adJectivum
1257 532 1466 613 huno,
1501 535 1806 613 Sanctus,
1843 534 1929 602 ab
1977 533 2303 602 omnibus
2343 533 2578 621 justiS,

75 620 148 689 ab
190 620 506 689 omnibus
566 621 921 709 Apostolis,
975 643 1015 689 a
1065 621 1437 710 Prophetis,
1504 644 1541 689 a
1599 623 2046 710 MartyribuS,
2105 622 2372 711 piisque
2420 623 2584 693 viris

73 708 444 795 abjecistis?
492 710 839 777 Sancitum
880 709 1060 778 enim
1119 732 1157 778 a
1198 710 1387 778 vobis
1448 723 1569 791 est,
1610 731 1649 777 o
1697 711 2007 798 generosi
2070 711 2221 791 viri,
2294 723 2368 779 ut
2416 733 2578 780 cum

73 797 394 886 quispiam
444 797 528 865 ad
588 798 833 866 horum
883 798 1181 885 aliquem
1241 797 1479 876 abiret,
1548 819 1628 865 ex
1675 819 1888 885 eoque
1956 812 2399 884 quaereretur
2445 821 2582 886 quo

74 886 201 965 iret,
240 885 696 974 responderet:
736 886 829 954 Ad
878 885 1250 975 Apostol05‚
1288 886 1371 954 ad
1421 885 1879 975 quadraginta
1917 892 2264 974 Martyres:
2306 888 2361 956 si
2396 887 2585 957 unde

72 974 323 1052 veniret,
379 973 609 1042 itidem
682 975 1139 1062 responderet:
1206 980 1295 1042 Ex
1352 974 1606 1065 templo
1664 976 1983 1063 martyris
2038 975 2448 1056 Theodoris,
2503 998 2584 1046 ex

76 1062 308 1152 templo
343 1063 665 1151 martyris
686 1064 977 1153 Georgii.
1014 1069 1106 1131 An
1161 1085 1294 1132 non
1322 1064 1447 1131 hae
1484 1075 1742 1131 vestrae
1775 1063 2124 1132 doctrinae
2174 1065 2376 1132 sunt?
2406 1068 2583 1146 Quo-

76 1172 212 1218 nam
246 1171 403 1239 ergo
439 1163 658 1241 pacm,
688 1152 805 1238 qui
835 1163 1067 1221 sancta
1102 1152 1626 1240 proscripsistiS,
1667 1163 1981 1221 sanctum
2021 1151 2393 1221 concilium
2433 1156 2584 1221 coe-

74 1239 289 1327 gistis?
318 1243 368 1309 Ο
416 1239 838 1329 singularem
881 1240 1415 1309 absurditateml
1471 1246 1624 1309 Jam
1676 1240 1792 1326 qui
1827 1241 2346 1309 oecumenicum
2397 1240 2580 1310 istud

75 1328 413 1396 concilium
466 1329 691 1397 vocari
742 1341 966 1415 queat,
1019 1328 1200 1416 quod
1238 1349 1359 1396 nec
1410 1334 1761 1399 Romanus
1807 1328 2119 1409 AntisteS,
2173 1330 2341 1397 citra
2379 1331 2582 1418 cujus

76 1418 515 1486 auctoritatem
568 1414 757 1486 nullo
815 1417 1018 1487 modo
1084 1417 1229 1486 fieri
1304 1429 1565 1505 potest,
1619 1431 1694 1487 ut
1742 1438 1850 1487 res
1918 1417 2425 1489 Ecclesiasticae
2493 1417 2580 1486 ad

77 1524 358 1574 normam
417 1503 834 1594 dirigantur,
888 1518 1158 1596 gratum
1202 1505 1463 1586 habuit,
1523 1528 1647 1575 nec
1713 1505 2212 1577 Alexandrinus
2266 1527 2584 1595 compro-

74 1590 256 1674 bavit,
308 1614 430 1662 nec
496 1594 977 1675 AntiochenuS,
1034 1616 1154 1663 nec
1214 1594 1510 1682 denique
1574 1594 2239 1684 Jerosolymitanus‘?
2289 1595 2580 1663 Ubinam

72 1700 278 1749 eorum
329 1681 546 1750 libelli
596 1686 802 1751 sunt?
846 1696 965 1752 aut
992 1683 1277 1768 quinam
1318 1705 1436 1771 per
1464 1683 1733 1753 diversa
1770 1683 1917 1752 loca
1964 1684 2158 1752 missi
2211 1695 2391 1762 sunt,
2431 1684 2583 1769 qui-

69 1767 183 1837 bus
212 1769 455 1840 falsum
501 1783 801 1840 vestrum
834 1770 1203 1840 concilium
1233 1771 1780 1852 confirmaretur,
1815 1783 1890 1840 ut
1915 1772 2043 1841 hac
2083 1771 2342 1840 ratione
2383 1793 2584 1839 oecu-

73 1858 387 1928 menicum
437 1859 707 1929 censeri
763 1860 1024 1948 possit?
1083 1865 1251 1927 Tum
1303 1873 1529 1931 autem
1580 1881 1879 1947 quonam
1952 1859 2153 1929 modo
2213 1859 2578 1949 septimum

73 1943 333 2027 dicatur,
367 1947 554 2033 quod
585 1969 698 2016 sex
735 1949 961 2037 priora
989 1946 1278 2016 concilia
1320 1949 1602 2017 minime
1633 1948 1991 2035 sequitur?
2030 1947 2365 2033 Quicquid
2395 1948 2578 2015 enim

74 2036 411 2123 septimum
481 2047 603 2116 est,
673 2049 931 2105 sextum
983 2048 1047 2105 et
1093 2037 1440 2122 quintum,
1501 2059 1716 2124 eaque
1769 2058 1944 2124 quae
1986 2035 2420 2115 antecedunt,
2475 2057 2581 2104 se·

74 2137 291 2206 quatur
336 2145 618 2193 necesse
662 2137 783 2204 est,
827 2137 903 2194 ut
944 2146 1013 2193 se
1069 2126 1309 2192 timum
1346 2147 1493 2195 esse
1540 2138 1766 2211 queat.
1822 2130 1985 2194 Cum
2037 2124 2250 2213 igitur
2301 2145 2416 2193 vos
2467 2145 2580 2192 sex

78 2212 493 2281 conciliorum
546 2214 933 2281 sanctiones
975 2147 1485 2301 agrogaveritiS,
1550 2214 1717 2300 quid
1767 2227 1867 2282 est
1913 2212 2360 2299 quamobrem
2421 2233 2581 2279 con-

84 2297 277 2395 cilium
322 2313 625 2371 vestrum
664 2301 1030 2389 septimum
1084 2298 1490 2391 appelleiis‘?
1519 2324 1554 2368 »
1602 2302 1697 2371 Ad
1739 2323 1915 2389 quae
1953 2323 2110 2369 cum
2169 2300 2580 2369 Tricacabus

80 2382 363 2460 dixisset:
404 2412 440 2455 «
482 2393 557 2457 Et
605 2389 951 2475 quodnam
1010 2390 1282 2459 tandem
1343 2414 1379 2459 e
1428 2412 1544 2460 sex
1592 2390 1730 2461 illis
1778 2388 2091 2460 conciliis
2131 2389 2477 2458 decretum
2543 2411 2582 2457 a

78 2476 245 2546 nobis
290 2480 697 2567 abrogatum
732 2479 876 2548 est‘?
903 2502 940 2544 »
986 2518 1076 2528 —
1122 2502 1156 2544 «
1187 2479 1408 2562 Quid?
1441 2480 1665 2567 inquit
1688 2480 1788 2548 vir
1835 2493 2134 2559 sanctus,
2168 2500 2252 2547 an
2294 2500 2424 2547 non
2465 2499 2580 2548 sex

75 2565 275 2634 omnia
321 2566 617 2636 concilia
651 2567 715 2633 in
754 2569 1206 2637 sacrosanctis
1257 2569 1530 2657 templis
1577 2581 1807 2637 coacta
1864 2581 2061 2648 sunt,
2119 2567 2420 2656 primum
2475 2566 2582 2633 ni-

74 2652 297 2723 mirum
334 2655 401 2723 in
446 2655 690 2724 Niceae
723 2655 1100 2746 metropoli,
1132 2667 1333 2743 atque
1371 2656 1801 2746 amplissimo
1839 2656 2033 2725 urbis
2076 2655 2263 2725 illius
2297 2654 2577 2744 templo;

72 2743 453 2824 secundum,
501 2765 539 2811 a
594 2742 684 2811 ud
736 2745 1386 2834 Constantinopolim
1443 2745 1508 2813 in
1563 2758 1833 2815 sanctae
1875 2744 2067 2813 Pacis
2122 2742 2399 2832 templo:
2455 2755 2580 2812 ter·

74 2827 216 2898 tium
268 2833 333 2900 in
373 2830 538 2920 pulc
593 2831 845 2901 errimo
886 2832 1003 2902 illo
1051 2833 1369 2923 Theologi
1405 2835 1680 2934 tcmplO,
1723 2833 1904 2920 quod
1956 2833 2023 2900 in
2061 2833 2403 2922 Ephesina
2445 2853 2581 2900 me-

78 2919 293 3006 tropoli
341 2921 554 2988 situm
596 2932 719 2998 est:
772 2934 1093 3008 quartum
1124 2922 1188 2989 in
1242 2922 1673 2991 sanetiss1ma
1713 2920 2270 3010 metropolitanae
2313 2931 2583 2990 nostrae

72 3005 492 3077 Chalcedonis
525 3009 716 3089 aede;
767 3010 1085 3097 quintum
1117 3022 1341 3079 autem
1384 3032 1462 3078 ac
1495 3023 1754 3080 sextum
1798 3008 2377 3098 Constantinopoli
2433 3030 2583 3077 rur-

71 3112 227 3176 sum,
282 3096 574 3166 alterum
632 3119 779 3166 nem
836 3120 872 3167 e
928 3100 998 3166 in
1062 3098 1555 3188 augustissimo
1592 3097 1881 3187 Sophiae
1929 3096 2223 3188 templo,
2289 3097 2579 3166 alterum

69 3195 271 3253 autem
311 3186 378 3254 in
418 3186 653 3276 palatii
690 3208 764 3254 ae
818 3210 877 3268 e,
922 3208 1129 3274 quam
1183 3191 1422 3256 Oatum
1468 3186 1503 3221 ²*
1549 3187 1753 3275 vulgo
1801 3186 2199 3276 appellant?
2246 3185 2420 3268 Quid
2453 3186 2582 3274 igi-

72 3276 207 3339 tur?
244 3295 327 3342 an
364 3296 499 3343 non
537 3276 861 3345 omnibus
910 3275 1094 3344 hisce
1136 3275 1408 3374 templis
1446 3276 1793 3364 Imagines
1834 3276 2052 3363 pictae
2081 3278 2320 3343 erant?
2354 3272 2581 3356 Quod-

70 3376 209 3427 nam
256 3374 484 3431 autem
517 3384 595 3431 ex
644 3363 1010 3453 praedictis
1043 3363 1385 3442 Conciliis,
1430 3363 2016 3449 quemadmodum
2054 3377 2375 3443 vestrum,
2412 3361 2583 3448 deji-

69 3447 323 3518 ciendas
370 3472 486 3519 eas
547 3473 625 3519 ac
673 3450 998 3521 delendas
1044 3472 1191 3521 esse
1246 3453 1572 3521 censuit?
1633 3452 1992 3542 Responde
2045 3452 2127 3520 ad
2193 3452 2364 3531 hoc,
2423 3451 2581 3540 Epi-

69 3554 167 3604 sco
215 3559 341 3606 e.»
386 3545 550 3608 Cum
588 3552 815 3608 autem
867 3540 1011 3626 ipse
1063 3561 1198 3609 rem
1251 3540 1343 3608 ita
1393 3562 1464 3609 se
1513 3539 1761 3609 habere
1810 3540 2113 3619 dixisset,
2160 3539 2449 3609 sublatis
2510 3539 2578 3607 in

66 3643 167 3720 coe
198 3648 309 3694 um
360 3626 582 3696 oculis
616 3650 693 3696 ac
736 3627 1077 3708 manibuS,
1132 3629 1457 3716 gravique
1505 3630 1768 3718 gemitu
1808 3630 1945 3697 imo
1987 3641 2252 3718 pectore
2300 3628 2575 3708 emisso,

69 3729 159 3778 vir
201 3727 479 3786 sanctus
548 3716 683 3784 alta
759 3737 917 3785 voce
984 3715 1417 3785 exclamavit:
1474 3717 1610 3785 «Si
1673 3718 1830 3818 quis
1902 3717 2264 3787 Dominum
2333 3717 2577 3786 Jesum

68 3797 388 3871 Christum
444 3804 509 3870 in
562 3805 885 3894 imagine,
941 3817 1275 3891 quantum
1312 3804 1394 3874 ad
1430 3805 1925 3874 humanitatem
1970 3806 2228 3884 attinet,
2284 3804 2581 3872 circum-

69 3888 406 3978 scriptum,
452 3914 582 3959 non
635 3893 892 3972 adorat,
946 3893 1309 3962 anathema
1359 3893 1465 3972 sit,
1521 3916 1681 3963 cum
1733 3895 1952 3980 iisque
1993 3907 2250 3983 partem
2307 3892 2575 3972 habeat,

68 3977 172 4057 qui
202 3978 538 4059 dixerunt,
583 3984 780 4062 Tolle,
836 3984 1016 4061 tolle,
1074 3984 1387 4072 crucifige
1435 4005 1681 4051 eum.»
1730 3987 1806 4051 At
1854 3982 1954 4050 illi
2003 3982 2089 4050 ob
2155 3979 2577 4071 praeclaram

68 4058 227 4160 hanc
275 4067 498 4157 ipsius
546 4068 613 4136 in
664 4069 955 4138 dicendo
1004 4070 1324 4142 fiduciam
1391 4084 1668 4160 stupore
1701 4069 1928 4151 defixi,
1985 4091 2142 4139 cum
2203 4068 2397 4137 beata
2460 4065 2582 4133 illa

69 4145 292 4242 lingua
339 4155 566 4225 adhuc
599 4157 809 4244 loqui,
864 4180 941 4227 ac
975 4158 1274 4227 veritatis
1323 4158 1550 4230 hostes
1598 4158 1856 4227 fortiter
1908 4157 2228 4227 insectari
2283 4166 2574 4250 pararet,

70 4236 450 4313 firmissima
479 4246 835 4316 verborum
870 4245 1023 4327 tela,
1061 4258 1408 4334 tamquam
1448 4247 1730 4336 sagittas
1765 4247 1833 4314 in
1875 4268 2084 4316 manu
2119 4243 2433 4335 potentis,
2475 4238 2579 4306 illi

116 4451 138 4476 *
164 4452 416 4498 concilium
437 4459 511 4498 est
528 4459 579 4500 in
597 4461 761 4500 Trullo.
