2993 4837
54 297 183 362 lov.
240 298 307 363 tt
576 319 650 363 nr:
700 315 755 362 S.
812 318 1163 364 ratramno
1214 317 1503 364 Aricinae.
1563 318 1932 364 nuamrimsi
2309 304 2429 367 489

53 398 301 470 eoelestis
350 400 520 469 vitae
577 400 832 489 pabulo
893 401 1226 490 populum
1284 401 1559 471 reficere
1605 414 1990 482 conaretur,
2037 402 2513 492 temporalium

53 497 223 560 rerum
283 489 511 579 inopia
580 500 788 558 totam
846 489 1242 558 Hiberniam
1308 489 1791 560 miserabiliter
1840 491 2217 580 occupavit.
2277 496 2514 577 Itaque

53 571 534 654 humanissimus
606 591 860 667 pastor,
918 592 1237 648 assuetus
1283 577 1447 647 olim
1500 580 1825 668 operibus
1874 579 2143 667 pietatis
2212 592 2277 648 et
2325 580 2517 648 beni-

53 666 307 754 gnitatis,
362 666 600 735 videns
651 681 919 754 tempus
965 667 1404 756 acceptabile,
1445 680 1718 757 ternpus
1768 667 2163 746 miserendi,
2211 667 2515 738 foenera·

53 759 198 822 ‘tatur
257 755 580 836 Domino,
641 755 807 825 dum
882 756 1242 825 miseretur
1318 778 1753 846 pauperum:
1831 768 2149 844 totusque
2219 758 2504 847 inopum

53 843 563 912 :mumiserationi
596 843 937 930 addictus»,
970 845 1271 933 pensatis
1318 867 1558 914 eorum
1611 846 1931 927 miseriiS,
1971 858 2334 936 egestatem
2370 846 2519 915 illo-

53 953 154 999 τιτι]
202 954 385 1002 suam
432 932 879 1012 existimanS,
942 955 1064 1022 pro
1110 933 1512 1004 facultatum
1576 955 1857 1004 suarum
1909 934 2152 1024 copiiS,
2199 934 2315 1004 sed
2384 957 2516 1004 non

53 1019 409 1108 argissimae
457 1021 814 1091 charitatis
849 1043 1013 1091 suae
1046 1024 1236 1106 votis,
1273 1022 1411 1091 illis
1445 1023 1916 1112 opitulabatur
1944 1037 2010 1093 et
2038 1024 2513 1093 succurrebat.

53 1110 396 1199 luingentos
447 1131 749 1196 namque
799 1132 1176 1200 pauperes,
1239 1115 1538 1180 extrema
1589 1113 1878 1201 penuria
1921 1134 2336 1202 oppreSSOS,
2397 1133 2518 1199 per

54 1196 352 1267 riennium
388 1198 813 1286 quotidianis
861 1200 1285 1270 sustentabat
1317 1199 1796 1289 eleemosyniS‚
1833 1202 2132 1290 exceptis
2161 1201 2318 1269 aliis
2360 1201 2518 1290 plus

53 1285 223 1355 ninus
266 1289 606 1368 trecentis,
650 1309 822 1374 quos
868 1309 988 1377 per
1024 1289 1509 1378 Episcopatum
1545 1311 1749 1359 suum
1803 1291 2104 1359 vestibus
2153 1304 2216 1358 et
2270 1289 2517 1358 alimo-

54 1373 123 1441 tia
159 1374 486 1456 donabat,
554 1376 948 1463 quibusque
1005 1377 1388 1446 necessaria
1444 1378 1677 1447 omnia
1752 1378 2207 1449 ministrabat.
2271 1378 2519 1447 Multae

53 1461 191 1530 iiam
236 1463 571 1533 foeminae
619 1477 914 1554 egestate
961 1465 1291 1546 afflictae,
1350 1466 1672 1555 parvulos
1742 1489 1903 1537 suos
1935 1522 1949 1547 ,
2012 1489 2185 1554 quos
2254 1468 2519 1535 nutrire

53 1569 135 1618 ton
189 1566 507 1641 poterant,
555 1554 939 1623 necessaria
985 1554 1285 1641 quadam
1335 1554 1605 1624 cautela
1663 1554 1746 1623 ad
1798 1556 1969 1626 ostia
2023 1557 2174 1645 eJus
2215 1556 2517 1645 depone-

53 1651 178 1718 ιαηῑ,
218 1641 512 1729 itemque
544 1642 701 1711 aliis
729 1642 1018 1711 diversis
1058 1643 1248 1723 locis,
1288 1665 1407 1732 per
1444 1665 1621 1729 quae
1659 1642 1854 1713 illurn
1896 1658 2220 1714 noverant
2260 1646 2518 1714 transi-

53 1747 240 1796 urum.
278 1731 598 1800 Sciebant
629 1732 812 1799 enim
857 1732 924 1798 in
965 1754 1044 1798 eo
1094 1744 1477 1802 maternum
1518 1734 1739 1801 inesse
1772 1733 2116 1814 affectum,
2158 1755 2281 1802 nec
2318 1755 2520 1822 posse

53 1811 218 1885 leesse
247 1820 365 1888 eis:
401 1821 665 1909 quippe
696 1819 814 1906 qui
865 1819 1207 1909 gremium
1246 1821 1514 1909 pietatis
1560 1821 1885 1890 omnibus
1936 1821 2358 1911 expandens,
2398 1844 2519 1890 ne-

53 1905 162 1972 nini
193 1930 258 1975 se
306 1909 625 1998 negabat.
664 1909 783 1977 Ille
832 1930 985 1977 vero
1022 1931 1155 1978 non
1199 1909 1565 1977 immernor
1594 1906 2020 1998 'paupertatis
2053 1923 2118 1979 et
2154 1911 2509 1998 pueritiae,

53 2012 195 2090 luam
244 2019 360 2086 pro
420 1998 623 2067 nobis
678 2003 879 2066 Jesus
949 1997 1256 2066 Christus
1328 1997 1751 2087 assumpsit,
1804 1999 1925 2084 qui
1988 1999 2057 2066 in
2109 1998 2219 2067 die
2266 1998 2516 2087 judicii

53 2080 292 2156 licturus
336 2099 487 2154 est:
557 2087 739 2168 Quod
802 2089 926 2154 um'
994 2109 1085 2154 em
1130 2089 1427 2154 minimis
1491 2089 1655 2155 meis
1700 2088 1951 2173 fecistis
1986 2140 2000 2166 ‚
2053 2088 2227 2155 mihi
2267 2090 2520 2175 fecistis

56 2173 246 2252 Manli.
306 2175 506 2262 xxv);
582 2176 836 2261 quique
907 2174 1072 2244 alibi
1144 2175 1352 2244 dicit:
1423 2177 1832 2265 Quicumque
1885 2178 2246 2266 susceperit
2307 2199 2517 2245 unum

53 2265 343 2332 vai-trulum
393 2267 606 2332 talem
653 2266 723 2331 in
753 2266 1016 2332 nomine
1044 2286 1210 2336 meo,
1262 2287 1367 2332 me
1419 2266 1696 2354 suscipit
1736 2265 1999 2348 (March.
2039 2263 2266 2351 xv111):
2323 2263 2514 2352 pium

53 2368 85 2414 e
125 2370 477 2437 puerorum
535 2352 895 2421 nutritium
947 2352 1349 2433 exhibebat,
1406 2374 1659 2440 eosque
1709 2375 1827 2443 per
1873 2352 2141 2423 diversa
2188 2352 2520 2422 dioecesis

54 2458 158 2506 uae
211 2440 353 2511 loca
401 2441 807 2511 hominibus
877 2454 938 2510 et
988 2442 1232 2511 balivis
1301 2443 1445 2511 suis
1517 2443 1918 2511 nutriendos
1989 2455 2052 2511 et
2114 2442 2516 2531 diligentius

56 2529 475 2599 :ustodiendos
536 2530 1077 2608 commendans,
1138 2531 1237 2599 eis
1287 2531 1670 2600 necessaria
1725 2531 1952 2600 omnia
2030 2530 2514 2621 suppeditavit.

55 2616 85 2682 It
122 2639 267 2687 cum
321 2620 562 2688 talium
600 2620 688 2687 sit
721 2640 1008 2708 regnum
1045 2619 1414 2699 coelorum,
1452 2620 1598 2708 ipse
1627 2621 1773 2709 jam
1815 2620 2130 2689 exultans
2181 2621 2246 2688 in
2279 2619 2515 2699 coelis,

55 2708 412 2790 requentius
446 2709 517 2775 in
570 2708 766 2776 terris
810 2729 1175 2796 puerorum
1213 2709 1597 2778 miseretur.
1651 2714 1857 2777 Erant
1903 2722 2128 2777 autem
2184 2709 2247 2777 id
2301 2730 2521 2799 genus

55 2794 187 2861 meri
231 2795 444 2866 ferme
504 2795 808 2874 ducenti,
846 2795 1262 2883 quandoque
1324 2795 1580 2885 plureS‚
1634 2796 2048 2884 quandoque
2114 2798 2515 2886 pauciores:

56 2885 279 2971 emptis
309 2884 670 2954 nonnullis
706 2885 1151 2973 pauperibuS,
1193 2886 1276 2953 de
1306 2885 1564 2971 quibus
1603 2885 1747 2973 jam
1791 2885 2050 2955 dictum
2088 2900 2227 2955 est:
2267 2900 2331 2955 et
2368 2909 2523 2976 par-

56 2969 234 3051 ulis„
269 2995 444 3060 quos
516 2975 584 3041 in
634 2974 840 3042 domo
905 2994 1028 3044 sua
1105 2973 1325 3043 bonus
1393 2974 1639 3042 Christi
1699 2974 2024 3043 nutritius
2082 2975 2518 3063 procurabat.

56 3077 154 3125 um
200 3077 427 3131 autem
464 3062 534 3130 hi
586 3063 781 3151 pueri
814 3062 959 3149 jam
1010 3061 1226 3131 adulti
1277 3075 1505 3131 essent
1536 3075 1601 3130 et
1639 3062 1944 3141 enutriti,
2001 3063 2175 3130 tradi
2226 3064 2521 3152 singulis

60 3166 263 3216 rucem
307 3152 623 3250 ligneam·
649 3151 960 3239 jubebat,
997 3173 1169 3238 quas
1209 3151 1263 3219 si
1368 3151 1388 3219 i
1428 3149 1794 3238 cujusdam
1848 3150 1993 3218 loco
2040 3150 2353 3231 ferentes,
2394 3152 2521 3219 cir-

1322 3173 1359 3218 n

56 3235 272 3306 uibant
321 3241 786 3326 provinciam:
843 3252 1046 3326 atque
1102 3240 1194 3308 ita
1238 3174 1325 3308 δί
1364 3239 1517 3326 ejus
1560 3238 1915 3328 praefectis
1949 3251 2012 3307 et
2058 3238 2235 3317 aliis,
2274 3260 2520 3307 nomen
2577 3301 2582 3305 .

55 3324 118 3389 tei
160 3340 219 3393 et
268 3329 612 3416 pontificis
660 3328 1186 3407 venerantibuS,
1253 3330 1438 3397 vitae·
1494 3327 1984 3398 sustentandae
2044 3327 2411 3396 consilium
2462 3339 2527 3395 et

58 3412 322 3484 uxilium
364 3417 464 3486 eis
498 3417 589 3484 im
646 3416 1047 3486 endebatur.

92 3504 122 3583 ς’
168 3507 315 3573 ²5.
378 3509 498 3573 Per
548 3505 568 3571 i
675 3518 968 3595 tempuS,
1028 3504 1502 3594 multiplicatis
1554 3504 1754 3575 malis
1804 3505 1872 3572 in
1918 3516 2117 3582 terra,
2161 3525 2319 3572 cum
2367 3524 2525 3572 san-

56 3596 153 3655 tus
194 3592 488 3678 pontifex
537 3592 647 3661 die
693 3595 988 3680 quodam
1033 3615 1071 3661 a
1115 3594 1431 3662 Dublinia
1480 3592 2008 3664 Wassofordiam
2047 3593 2173 3661 iter
2213 3591 2515 3671 haberet,

58 3676 270 3745 uidam
333 3702 370 3747 e
431 3681 769 3750 militibus
828 3687 920 3751 Re
972 3683 1031 3752 is
1064 3737 1079 3763 ,
1128 3682 1534 3751 'wilhelmus
1584 3682 1859 3750 nomine
1892 3737 1906 3761 ,
1970 3704 2040 3751 se
2089 3681 2407 3750 comitem
2460 3681 2524 3748 ei

57 3762 310 3835 dhibuit
340 3823 355 3847 ,
401 3790 485 3837 ne
532 3769 702 3838 forte
749 3771 804 3838 si
854 3793 928 3840 so
961 3793 1043 3840 us
1099 3784 1320 3850 esset,
1375 3771 1704 3840 incideret
1759 3771 1823 3837 in
1870 3770 2190 3839 latrones.
2260 3768 2383 3837 Sed
2462 3783 2526 3837 et

57 3853 285 3941 criptor
347 3857 630 3943 quidam
693 3880 850 3927 cum
908 3881 1115 3928 uxore
1175 3882 1303 3928 sua
1363 3858 1782 3948 parvuloque
1833 3859 2111 3936 infante,
2170 3871 2518 3943 tamquam

58 3944 304 4036 ecurius
346 3946 468 4014 iter
498 3947 644 4033 jam
698 3947 1024 4026 facturuS,
1065 3947 1204 4015 illis
1262 3970 1331 4018 se
1379 3948 1634 4034 Junxit.
1691 3947 2245 4035 Ingredientibus
2294 3960 2522 4015 autem

66 4026 141 4096 lis
188 4053 426 4102 nemus
476 4034 849 4121 quoddam,
897 4035 1239 4104 latronum
1295 4036 1686 4115 latibulum,
1731 4036 1970 4125 viginti
2016 4048 2310 4121 quatuor
2368 4034 2528 4102 lori-

57 4117 129 4182 ati
166 4116 454 4192 latrones
487 4145 524 4191 e
557 4122 835 4192 latebris
872 4124 1296 4211 prodierunt,
1335 4124 1879 4210 simulantesque
1917 4146 1988 4193 se
2037 4123 2207 4191 velle
2249 4144 2527 4211 parcere

62 4207 304 4302 ontifici
352 4224 415 4279 et
462 4212 632 4292 suis,
699 4212 1036 4301 petebant,
1099 4226 1174 4282 ut
1220 4212 1510 4281 militem
1565 4213 1872 4301 ipsorum
1937 4211 2228 4280 traderet
2284 4210 2526 4280 volun-

58 4306 157 4357 ³11:
208 4296 353 4383 ipse
400 4320 553 4367 vero
591 4321 748 4369 cum
799 4301 945 4370 suis
978 4301 1270 4377 clericis,
1327 4300 1609 4370 illaesus
1657 4302 1894 4370 abiret.
1951 4299 2072 4369 Sed
2113 4300 2216 4366 vir
2247 4312 2529 4368 sanctus

57 4384 387 4468 espondit,
461 4387 659 4456 malle
731 4411 799 4458 se
850 4389 1191 4467 interfici,
1245 4412 1450 4473 quam
1522 4389 1657 4456 illis
1709 4390 1991 4456 militem
2056 4385 2526 4476 jugulandum

2689 4490 2754 4535 Α*
