2993 4837
564 271 691 332 538
1163 289 1237 332 ne
1286 288 1340 331 s.
1399 286 1687 332 meursio
1740 289 1835 332 ΕΡ.
1891 287 2336 332 ΛιεκΑΝυηιΝυ
2686 269 2820 332 Not.
2859 271 2922 329 17*

480 372 871 439 Dioscorum
924 384 1176 450 autem,
1218 393 1375 439 cum
1414 384 1689 461 propter
1723 372 2144 461 singularem
2183 372 2403 439 animi
2445 371 2901 461 magnitudinem.

475 481 677 546 quam
736 459 959 548 palam
1012 460 1449 537 ostenderat,
1510 474 1650 528 tum
1710 476 1983 549 propter
2049 460 2592 549 prudentissima
2645 483 2904 546 responsa,

474 569 650 635 quae
699 548 779 615 ad
836 549 1108 636 singula
1165 562 1396 639 rogata
1429 549 1732 629 dederat,
1764 549 1978 637 judex
2022 571 2441 638 magnopere
2472 548 2910 626 admiratusdi·

480 638 702 716 misit,
757 637 1114 705 affirmans
1164 660 1235 706 se
1287 653 1563 725 propter
1611 652 1893 706 aetatem
1947 651 2167 707 certos
2217 639 2364 706 dies
2416 638 2516 705 illi
2571 637 2728 706 velle
2763 660 2912 705 enece-

474 726 657 804 dere,
694 727 949 812 quibus
981 727 1433 816 resipiscendi
1470 726 1749 796 haberet
1791 727 2205 795 facultatem.
2243 734 2396 795 ,lam
2438 749 2600 816 ergo
2641 726 2912 798 Dioscorus.

476 836 751 883 summa
812 818 1056 904 pietate
1104 816 1424 896 eximiuS,
1464 815 1833 889 nobiscum
1875 828 1997 895 est,
2047 829 2453 905 exspectans
2495 838 2654 883 cum
2684 829 2921 884 certamen

481 903 837 992 prolixius,
879 905 1315 993 graviusque,
1363 917 1506 972 tum
1544 904 1849 992 amplius
1893 905 2275 992 praemium
2314 920 2380 972 et
2418 904 2815 973 diuturnius.

564 995 598 1077 ξ
633 996 727 1062 9.
767 1016 803 1058 «
838 999 1042 1062 Porro
1073 994 1378 1062 Nemesis
1407 993 1694 1080 quidam
1717 993 1772 1072 ⁴⁸,
1805 1006 1867 1062 et
1904 993 2018 1061 ille
2055 994 2257 1062 etiam
2296 995 2696 1082 Aegyptius,
2731 992 2854 1060 salso
2883 993 2918 1055 in

475 1083 734 1150 crimen
781 1083 1171 1162 vocabatur,
1220 1081 1403 1169 quod
1454 1104 1612 1151 cum
1669 1081 2054 1151 latronibus
2103 1082 2495 1150 societatem
2550 1079 2918 1152 coiveratzsal

480 1171 674 1239 istam
728 1171 1124 1240 calumniae
1174 1185 1427 1249 notam,
1481 1172 1569 1239 ab
1609 1193 1686 1239 eo
1718 1170 2210 1240 alienissimam
2248 1170 2562 1257 quidem,
2603 1194 2754 1240 cum
2784 1189 2910 1260 corae

478 1260 883 1330 Centurione
917 1260 1257 1338 diluisset,
1315 1260 1562 1328 iterum
1606 1281 1723 1348 per
1752 1260 2060 1347 judicem
2114 1260 2240 1328 fuit
2287 1259 2585 1341 delatus,
2626 1259 2792 1346 quod
2819 1259 2908 1324 Cla·

477 1350 743 1419 stianus
789 1362 1013 1428 esset,
1068 1348 1505 1435 vinculisque
1562 1349 1977 1418 constrictus
2025 1347 2108 1416 ad
2181 1349 2565 1437 praesidem
2637 1350 2816 1417 venit.
2849 1350 2898 1411 le

478 1438 976 1524 injustissimus
1029 1460 1299 1537 praeses
1351 1438 1622 1506 beatum
1681 1451 2047 1525 martyrem
2104 1439 2464 1506 tormentis
2510 1451 2579 1507 et
2629 1435 2895 1506 verberat

475 1526 691 1615 duplo
758 1528 1237 1613 graviombus,
1294 1548 1522 1611 ,quam
1596 1527 1894 1595 latrones
1961 1528 2196 1615 ip505‚
2271 1526 2662 1606 afflictans,
2721 1519 2898 1620 vxemss

478 1616 719 1683 Christi
777 1617 950 1683 inter
999 1614 1294 1683 latrones
1345 1615 1776 1701 interjectum
1819 1614 2036 1705 (unde
2089 1637 2219 1683 non
2264 1638 2505 1705 parum
2546 1616 2810 1684 honoris
2837 1623 2908 1676 att·

480 1719 636 1792 ptus
676 1704 827 1790 est),
883 1703 1141 1772 fervido
1193 1704 1374 1792 ignis
1421 1705 1645 1772 exurit
1695 1704 2038 1772 incendio.
2094 1704 2441 1786 Quaedam
2488 1727 2690 1793 porro
2725 1701 2908 1772 mittin

479 1806 699 1861 turma
754 1793 836 1861 de
887 1805 1159 1882 repente
1209 1793 1494 1872 accedit,
1547 1794 1873 1860 nimirum
1928 1799 2237 1860 Ammon.
2294 1799 2493 1873 Zeno,
2551 1793 2906 1862 Ptolemaeffi.

480 1887 809 1970 lngenes‚
864 1895 927 1949 et
980 1883 1231 1970 pariter
1278 1904 1434 1950 cum
1490 1881 1629 1950 illis
1679 1904 1882 1949 senex
1932 1881 2354 1968 Theophilus
2397 1882 2516 1946 “z
2570 1883 2687 1968 qui
2741 1889 2914 1966 protn-

480 1970 713 2038 bunali
768 1993 837 2039 se
892 1971 1021 2059 ipsi
1074 1971 1412 2038 stiterunt.
1470 1975 1634 2038 Cum
1697 1971 1908 2060 igitur
1960 1969 2290 2056 quidam,
2359 1969 2544 2056 quod
2600 1967 2913 2040 Christiana<

476 2074 675 2138 esset,
718 2060 784 2127 in
820 2061 1220 2146 quaestione
1271 2072 1676 2137 versaretur,
1734 2073 1798 2125 et
1837 2059 1981 2147 jam
2037 2059 2118 2125 ad
2173 2059 2328 2127 fidei
2389 2061 2801 2148 negationem
2840 2071 2918 2139 prs>-

480 2148 824 2238 penderet,
883 2149 989 2216 isti
1040 2148 1458 2227 assistentes,
1569 2169 1678 2216 rae
1729 2148 1825 2216 rei
1875 2147 2283 2247 indignitate
2316 2147 2645 2217 dentibus
2685 2142 2910 2216 frenderer

478 2238 669 2305 vultu
706 2250 968 2315 nutare,
1018 2258 1265 2305 manus
1298 2250 1487 2304 exten
1547 2259 1680 2314 ere,
1723 2249 1856 2305 toto
1892 2236 2186 2323 dentque
2218 2259 2506 2325 corpore
2555 2251 2774 2326 gestus
2799 2247 2912 2316 que-

478 2327 634 2394 dam
689 2348 887 2414 agere
936 2338 1334 2413 coeperunt.
1377 2330 1450 2393 In
1488 2347 1662 2411 quos
1692 2347 1850 2393 cum
1887 2326 2199 2393 omnium
2234 2347 2352 2393 ora
2404 2340 2634 2394 essent
2671 2336 2910 2393 conventv

482 2416 673 2504 prius
722 2438 929 2502 quam
985 2414 1110 2483 ulli
1155 2413 1271 2482 alii
1325 2414 1390 2482 in
1444 2437 1559 2483 eos
1611 2415 1993 2503 injecerunt
2059 2437 2344 2493 manus,
2403 2414 2504 2484 illi
2558 2415 2685 2506 ipsi
2721 2412 2790 2481 ad
2827 2403 2916 2474 sub-

480 2504 672 2573 sellia
722 2526 1102 2583 accurrere,
1160 2524 1230 2571 se
1280 2504 1700 2573 Christianos
1755 2503 2092 2592 profiteri:
2149 2504 2245 2571 sic
2298 2518 2371 2572 ut
2419 2527 2580 2573 cum
2649 2498 2912 2592 praefectus

477 2609 540 2661 et
574 2615 973 2669 assessores,
1020 2594 1137 2679 qui
1180 2592 1465 2661 aderant
1505 2593 1566 2659 ei
1601 2592 1918 2671 concilio,
1978 2594 2214 2660 timore
2247 2593 2910 2682 obstupescerenmuv

480 2682 869 2761 Christiani,
928 2682 991 2748 in
1045 2704 1217 2767 quos
1260 2681 1404 2767 jam
1463 2682 1962 2767 inquirebatur,
2013 2680 2093 2749 ad
2147 2704 2223 2749 ea
2264 2695 2622 2761 tormenta,
2659 2698 2806 2768 quae
2838 2676 2914 2759 pel

478 2784 703 2838 essent
755 2771 1168 2859 perpessuri,
1229 2769 1592 2838 toleranter
1625 2769 2016 2839 sufferenda
2071 2770 2364 2837 maxime
2404 2773 2893 2839 confirmarentur

482 2873 623 2926 tum
674 2857 970 2944 denique
1007 2858 1304 2946 judices,
1357 2859 1475 2945 qui
1527 2872 1753 2927 essent
1800 2872 2035 2927 contra
2085 2879 2200 2928 eos
2248 2861 2653 2929 sententiam
2712 2864 2916 2951 pronun·

480 2947 751 3023 ciaturi,
810 2948 1107 3016 maximo
1160 2960 1341 3015 metu
1391 2947 1970 3016 exhorrescerent.
2027 2948 2144 3015 Isti
2196 2968 2349 3015 vero
2398 2971 2435 3017 e
2471 2948 2613 3017 foro
2658 2947 2914 3035 gloriantes

480 3035 867 3115 abscedere,
913 3050 975 3105 et
1015 3059 1173 3125 prae
1209 3036 1616 3113 testimonio,
1656 3035 1839 3123 quod
1893 3036 2156 3104 Christo
2202 3037 2705 3126 perhibuerant,
2741 3038 2914 3099 sumum

480 3124 735 3215 gaudio
783 3126 1109 3205 exultare,
1166 3130 1297 3193 Deo
1336 3147 1454 3213 per
1488 3125 1643 3193 illos
1677 3124 2013 3213 gloriosos
2046 3124 2436 3214 triumphos
2470 3138 2720 3216 agente.
2754 3210 2763 3219 ‘

567 3216 602 3300 ξ
656 3218 805 3285 ss).
849 3237 882 3279 «
924 3215 1043 3283 Alii
1102 3214 1891 3303 praeterea-complures
1945 3215 2008 3282 in
2064 3214 2356 3282 urbibus
2388 3228 2454 3282 et
2488 3215 2674 3306 pagis
2707 3209 2912 3278 distratt}

481 3316 695 3383 erant,
751 3314 815 3371 et
862 3304 1059 3389 quasi
1114 3302 1547 3370 membratim
1608 3302 1977 3391 discerpti:
2031 3324 2109 3371 ex
2157 3302 2414 3389 quibus
2466 3326 2677 3372 unum
2722 3282 2912 3383 exemll'*

477 3393 695 3482 gratia
744 3390 1320 3461 commemorabo.
1380 3392 1737 3479 Ischyrion
1791 3390 2155 3480 cujusdam
2220 3392 2658 3480 magistratus
2705 3389 2911 3480 negolffly

483 3482 791 3550 mercede
816 3480 1226 3559 conductuS,
1279 3494 1623 3569 procurat.
1659 3485 1747 3559 Is,
1780 3481 1900 3566 qui
1935 3502 2092 3548 eum
2132 3480 2578 3562 conduxerat,
2605 3478 2772 3570 jubet
2793 3461 2911 3554 ululis

480 3571 913 3638 sacrificare:
969 3591 1170 3656 quem
1206 3624 1221 3649 ,
1276 3590 1432 3638 cum
1499 3570 1820 3637 mandato
1875 3569 2158 3637 minime
2214 3570 2733 3655 obsequeretur,
2774 3558 2910 3661 09⁸9ss

477 3659 807 3727 conviciis
843 3658 1182 3726 lacerare:
1218 3680 1296 3725 ac
1324 3680 1480 3726 cum
1512 3670 1904 3726 constanter
1941 3658 2096 3726 fidei
2128 3657 2658 3735 adhaeresceret‚
2694 3642 2907 3743 greith&

480 3748 702 3816 affecit
732 3747 1212 3816 contumeliis:
1243 3758 1445 3832 atque
1482 3746 1600 3814 ubi
1645 3746 1811 3814 vidit
1846 3768 2002 3815 eum
2048 3760 2282 3835 pacate
2306 3762 2370 3815 et
2398 3744 2743 3834 tranquille
2765 3741 2923 3834 οῠῐὲῑῑῖῗ,

481 3838 916 3906 sufferentem
952 3891 966 3917 ,
1029 3834 1301 3923 a'rrepto
1358 3835 1536 3903 fuste
1599 3847 2009 3923 praeacut0‚
2076 3835 2402 3904 intestina
2455 3859 2534 3905 ac
2584 3835 2795 3903 viscera
2823 3834 2922 3903 &¹¹³¹

483 3925 865 4006 transfodit,
913 3924 1418 4010 crudeliterque
1458 3923 1825 3993 interemit.
1881 3923 2056 4004 Quid
2110 3925 2349 3993 attinet
2401 3938 2763 4013 percensere
2799 3897 2902 3975 mul·

485 4014 846 4083 titudinem
884 4036 1149 4093 eorum,
1191 4014 1309 4099 qui
1348 4012 1414 4079 in
1469 4012 1843 4082 solitudine
1873 4027 1938 4081 et
1987 4013 2340 4081 montibus
2375 4014 2523 4103 vagi
2561 4007 2899 4103 errantessqflff

484 4103 682 4182 fame,
723 4103 854 4184 siti,
897 4103 1170 4182 suffore,
1229 4102 1490 4170 morbis
1520 4156 1534 4182 ,
1600 4101 1984 4169 latronibus
2014 4156 2028 4181 ,
2092 4099 2323 4170 bestiis
2373 4100 2636 4171 fuerunt
2683 4092 2892 4165 extincti.

482 4194 785 4273 Quorum
828 4157 1181 4259 electionis
1231 4191 1466 4259 beatae
1514 4202 1579 4260 et
1628 4190 1917 4260 eximiae
1980 4191 2300 4259 victoriae
2348 4206 2735 4278 quamquam
2781 4178 2896 4243 testei

535 4353 557 4376 *
590 4353 631 4388 8.
656 4352 901 4390 Nemeeius
925 4350 1139 4400 martyrii
1164 4364 1173 4397 i
1194 4354 1365 4392 almam
1386 4354 1566 4401 accepit
1591 4351 1664 4391 die
1692 4356 1737 4391 19
1757 4350 2032 4393 decenum-is.

534 4405 585 4429 *¹*
618 4405 837 4443 Omnium
861 4406 1027 4444 horum
1050 4404 1242 4445 nomina
1263 4407 1292 4445 d
1312 4415 1338 4446 e
1359 4408 1410 4447 20
1432 4408 1500 4445 dc·
1520 4407 1694 4447 euru-is
1718 4410 2038 4447 recenseatur.
