2993 4837
548 351 672 414 148
1279 368 1356 413 ns
1403 367 1462 413 s.
1513 364 1753 414 emoto
1811 365 2141 413 consono
2687 343 2830 412 NOV.
2869 345 2894 411 l

456 452 830 530 anteferre;
892 449 1364 538 Ecclesiaeque
1414 451 1528 521 Dei
1569 450 1686 521 tali
1742 463 2082 541 tempore,
2188 472 2260 520 ro
2322 449 2500 519 virili
2551 462 2734 539 parte,
2771 467 2902 535 qnae

457 540 688 631 magni
738 539 1065 609 momenti
1100 551 1264 620 erat,
1321 540 1709 620 subvenire,
1754 561 1911 609 cum
1965 540 2056 608 ita
2153 538 2551 608 eliberatum
2599 539 2656 607 ei
2686 557 2810 607 esse
2831 535 2904 636 yi-

457 629 717 708 derent.
754 627 1234 699 Praescribam
1284 628 1531 697 medici
1595 629 1803 708 vitae,
1860 627 2261 714 itinerisque
2318 628 2684 707 rationem;
2727 625 2906 695 lectica

454 719 558 788 uti
596 718 867 807 jubent3
908 717 1241 787 sexcentis
1289 716 1613 797 vasculiS,
1648 738 1804 786 cum
1840 717 2046 788 variis
2094 717 2507 806 pharmaciS‚
2551 713 2910 812 bellariisqtte

446 807 838 897 jumentum
893 817 1199 875 onerant.
1255 805 1398 886 Ille,
1431 806 1642 896 justis
1689 805 1999 875 Pontifici
2040 805 2329 877 solemni
2371 805 2503 874 ritu
2553 803 2910 891 solutiS,pri·

456 894 694 965 mariis
727 893 1055 963 ecclesiae
1104 894 1520 985 presbyteris
1559 895 1979 983 convocatis,
2011 894 2352 980 rebusque
2389 893 2721 972 ecclesiae,
2745 910 2912 978 quau·

460 996 600 1053 tum
656 982 1056 1053 brevissimo
1104 983 1324 1073 spatio
1374 983 1614 1072 potuit,
1645 982 2065 1070 constitutis,
2105 981 2430 1072 postridie
2461 983 2608 1072 ejus
2649 979 2790 1058 diei,
2815 997 2914 1066 quo

456 1072 788 1141 nuncium
847 1085 1240 1162 acceperat,
1293 1071 1528 1140 divina
1578 1093 1702 1160 ope
1752 1071 2101 1151 invocata,
2157 1071 2224 1139 in
2284 1072 2460 1140 viam
2515 1092 2585 1142 se
2627 1068 2810 1139 dedit.
2850 1071 2908 1136 Ac

455 1159 689 1229 lectica
736 1159 1012 1246 quidem
1060 1173 1288 1230 vectus
1335 1172 1458 1240 est,
1515 1160 1631 1229 sed
1682 1160 1922 1229 itinere
1970 1160 2081 1229 die
2130 1173 2500 1247 nocteque,
2558 1158 2908 1234 continuato,

457 1249 873 1335 mutatisque
941 1249 1025 1318 ad
1081 1249 1491 1320 celeritatem
1548 1271 1659 1319 sae
1711 1271 1748 1318 e
1807 1248 2046 1329 muliS,
2122 1248 2290 1318 adeo
2345 1247 2627 1318 feliciter
2680 1244 2918 1335 amplius

460 1359 790 1423 passuum
847 1337 1061 1406 millia
1103 1349 1479 1407 tercentum
1516 1359 1640 1407 con
1675 1338 1829 1416 ecit,
1881 1337 2105 1424 utqui
2158 1336 2436 1427 perdere
2486 1337 2812 1405 infirmam
2841 1353 2914 1400 vt·

454 1424 827 1495 letudinem
872 1425 1064 1496 labor
1111 1427 1460 1506 debuerat,
1514 1449 1664 1495 eam
1705 1446 1834 1495 non
1891 1426 2318 1496 mediocriter
2366 1424 2828 1500 confirmaret;
2863 1435 2920 1490 at

457 1526 594 1584 tam
626 1515 759 1583 cito
800 1519 1081 1583 Romam
1114 1516 1439 1605 pervenit,
1473 1527 1548 1584 ut
1596 1514 1733 1585 duo
1765 1513 2177 1592 cardinales,
2213 1514 2331 1601 qui
2366 1513 2602 1584 eodem
2655 1526 2914 1602 tempore,

449 1610 531 1671 ex
579 1602 822 1672 iisdem
874 1603 1183 1692 partibus
1230 1604 1709 1684 discesserant,
1763 1625 2110 1690 cursuque
2148 1604 2275 1671 iter
2321 1602 2656 1682 fecerant,
2700 1600 2923 1669 minin·

455 1702 679 1760 tamen
727 1691 787 1760 ei
827 1712 1259 1781 praecurrere
1309 1692 1672 1783 potuerint,
1727 1692 1842 1761 sed
1895 1690 2102 1762 simul
2157 1713 2317 1761 cum
2368 1713 2445 1761 eo
2494 1711 2762 1762 sacrum

450 1778 680 1861 clave,
737 1801 817 1849 eo
868 1780 1015 1869 ipso
1062 1781 1195 1860 die,
1252 1802 1387 1868 quo
1450 1780 1696 1868 reliqui
1745 1802 2021 1858 omnes,
2085 1780 2532 1850 intraverunt.
2604 1780 2826 1848 Placen

454 1867 700 1958 primo,
753 1889 929 1955 quae
951 1869 1329 1940 Mediolano
1354 1869 1813 1959 quadraginta
1849 1868 2064 1937 millia
2114 1890 2444 1957 passuum
2480 1868 2712 1949 distat,

451 1957 867 2026 sacrificium
912 1957 1090 2039 fecit,
1143 1958 1322 2046 quod
1378 1958 1852 2048 superioribus
1914 1957 2158 2026 diebus
2209 1957 2395 2026 domi
2443 1978 2795 2044 nunquam
2854 1978 2909 2041 ι-ζ·

457 2056 699 2124 tuerat,
755 2058 872 2115 aut
921 2068 1111 2116 raro:
1157 2046 1404 2116 deinde
1451 2046 1778 2134 quotidie,
1818 2059 1953 2116 toto
1989 2046 2249 2126 itinere,
2289 2047 2357 2114 in
2393 2059 2580 2117 tanto
2626 2044 2899 2115 celerita

449 2134 700 2214 studio,
756 2157 834 2204 ac
869 2134 1098 2206 labore
1145 2134 1364 2205 facere
1407 2135 1718 2225 perrexit.
1771 2135 2088 2204 Jucunde
2134 2148 2359 2204 autem
2420 2136 2675 2204 accidit
2720 2134 2782 2204 in

449 2232 525 2292 ut
572 2223 944 2313 ampullae,
1000 2224 1412 2310 vasculaque
1472 2223 2178 2303 medicamentorum,
2231 2246 2388 2293 cum
2454 2223 2835 2310 jumentum
2900 2256 2907 2299 ς

447 2324 773 2382 onustum
828 2334 1037 2402 prope
1084 2314 1455 2382 Bononiam
1509 2314 1578 2381 in
1632 2312 1840 2382 fluvio
1887 2311 2318 2390 concidisset,
2386 2312 2622 2381 omnia
2688 2312 2814 2380 fere

447 2398 1066 2490 confringerentur,
1126 2400 1220 2471 vel
1276 2401 1562 2471 flumine
1596 2401 2113 2482 devclierentur,
2180 2400 2359 2488 quod
2419 2399 2533 2470 ille
2583 2424 2741 2472 cum
2789 2422 2822 2467 a
2864 2418 2907 2460 »t

452 2490 685 2578 pisset,
744 2489 995 2568 ridens,
1049 2489 1378 2568 faustum,
1423 2492 1670 2579 inquit,
1725 2491 2027 2581 signum,
2078 2512 2210 2560 non
2247 2512 2421 2646 opus
2469 2490 2614 2560 fore
2662 2488 2921 2579 εωρὶιιμῇ

449 2582 881 2664 Quamquam
917 2592 1139 2648 autem
1193 2579 1426 2648 Carolo
1479 2578 1723 2648 melius
1749 2601 1824 2648 ex
1871 2601 1948 2648 eo
2001 2579 2239 2648 itinere
2316 2580 2433 2657 uit,
2473 2601 2611 2648 non
2649 2574 2860 2650 conval
2908 2583 2913 2650 ἶ

450 2666 712 2765 integre
747 2678 997 2735 tamen.
1052 2669 1228 2749 Quin
1280 2668 1423 2747 diu,
1480 2669 1724 2757 capite,
1784 2681 2181 2756 pectoreque
2220 2690 2375 2736 cum
2422 2666 2816 2745 laborasset,

451 2774 637 2822 mant
676 2754 1025 2823 medicide
1070 2755 1219 2840 ejus
1248 2755 1465 2825 salute
1496 2756 1984 2836 consultanteS,
2023 2756 2222 2843 aquis
2255 2756 2686 2827 Lucensibus
2735 2761 2921 2846 meu-s

448 2842 957 2922 constituerent,
1014 2844 1549 2915 Mediolanenses
1583 2867 1735 2914 vero
1770 2859 2002 2915 contra
2054 2844 2412 2913 sentirent:
2470 2844 2619 2935 ipse
2668 2845 2915 2914 aliam

448 2951 526 2999 eo
573 2930 710 2999 fere
775 2943 1077 3021 tempore
1126 2933 1277 3002 iniit
1334 2933 1504 3003 vitae
1556 2934 1927 3011 rationem,
1985 2955 2141 3002 nam
2208 2955 2363 3002 cum
2421 2945 2553 3003 toto
2612 2934 2757 3019 jam
2803 2951 2913 3000 an

453 3019 875 3090 medicorum
918 3022 1229 3101 consilia,
1274 3022 1827 3111 praescriptaque
1875 3022 2041 3090 satis
2085 3022 2417 3108 exquisite
2459 3036 2740 3091 secutus
2785 3041 2931 3092 esw-

448 3107 756 3177 ciborum
808 3108 1169 3191 delectum,
1209 3109 1597 3197 multasque
1628 3112 1778 3200 ejus
1818 3111 2088 3199 generis
2122 3110 2472 3179 cautiones
2505 3110 2887 3180 adhibuisse
2927 3161 2929 3166 -

449 3207 706 3267 mutato
755 3198 1078 3277 consilio,
1152 3220 1230 3268 ex
1296 3200 1630 3268 sententia
1695 3200 1959 3288 piorum
2028 3198 2582 3288 prudentumque
2634 3201 2892 3293 viroruj

446 3284 533 3354 iis
585 3286 1002 3356 medicarum
1056 3287 1636 3366 observationum,
1684 3288 1880 3375 quasi
1923 3287 2225 3361 *vinculis
2271 3288 2655 3376 expedituS,
2715 3287 2903 3382 liber·-

450 3395 589 3443 rem
646 3376 815 3444 vitae
866 3375 1142 3445 modum
1193 3374 1295 3446 ele
1350 3376 1418 3457 it,
1486 3376 1677 3445 cibos
1727 3398 2140 3464 omnemque
2205 3375 2420 3446 victus
2473 3377 2799 3445 rationem
2844 3393 2921 3471 st

450 3462 793 3533 rudiorem
827 3465 1200 3545 constituit,
1256 3465 1274 3533 i
1363 3486 1442 3535 eo
1491 3464 1842 3544 libentiuS,
1880 3486 2016 3552 quo
2050 3476 2438 3534 sanctorum
2478 3465 2781 3535 virorum
2814 3483 2864 3528 vt
2896 3465 2929 3498 ·'

448 3552 670 3642 magis
717 3574 791 3621 ea
847 3553 1016 3622 ratio
1048 3554 1482 3634 consentiret,
1526 3553 1891 3623 consilium
1944 3554 2032 3623 ita
2068 3552 2351 3623 feliciter
2383 3553 2631 3634 evenit,
2679 3565 2753 3623 ut
2801 3570 2896 3639 pos

447 3640 574 3710 bac
625 3642 801 3710 bona
849 3663 1119 3731 semper
1159 3641 1548 3711 valetudine
1578 3665 1770 3721 usus,
1829 3663 2047 3729 neque
2098 3641 2364 3731 pituita,
2412 3643 2609 3723 tussi,
2648 3654 2768 3711 aut
2811 3636 2899 3707 seb

447 3727 583 3798 fere
616 3729 1012 3820 impeditus,
1051 3730 1117 3799 in
1153 3731 1522 3801 Pastoralia
1560 3730 1808 3810 officia,
1873 3730 2275 3817 laboresque
2324 3743 2586 3800 tantum
2653 3729 2919 3799 incubu

449 3818 555 3899 rit,
609 3830 943 3906 quantum
984 3819 1353 3909 posteritati
1391 3820 1495 3889 vix
1537 3820 1862 3889 crebibile
1910 3819 2275 3890 videbitur.

1400 4037 1640 4101 LIBER
1689 4036 2036 4101 TERTIUS

537 4181 573 4254 ἓ
599 4178 761 4243 82.
790 4175 1118 4244 Postridie
1139 4197 1344 4262 quam
1375 4188 1519 4244 erat
1542 4174 1856 4244 clausurn
1890 4173 2233 4254 conclave,
2267 4174 2394 4242 hoc
2433 4188 2534 4243 est
2573 4173 2771 4242 1111d.
2803 4164 2924 4263 Maji

444 4275 712 4331 creatus
737 4275 836 4331 est
862 4264 1165 4334 Pontifex
1200 4270 1339 4353 Ugo
1376 4269 1948 4354 Boncompagnus
1980 4263 2035 4343 ⁴,
2093 4262 2466 4333 cardinatis
2515 4263 2733 4332 sancti
2784 4260 2920 4358 ὃίξῑι

446 4351 926 4431 Bononiensis,
989 4364 1053 4420 et
1115 4353 1481 4441 Gregorius
1529 4354 1678 4439 ejus
1743 4351 2043 4421 nominis
2102 4357 2254 4421 XIII
2311 4351 2719 4442 appellatus,
2777 4366 2935 4432 quU

510 4477 537 4504 ⁸
566 4478 613 4518 Is
634 4486 662 4517 a.
681 4475 762 4517 Plo
782 4479 860 4527 Pp.
883 4479 942 4518 IV
962 4478 1013 4518 tn
1035 4478 1354 4521 cardinalium
1383 4480 1435 4519 G(
1445 4479 1642 4529 nogium
1660 4478 1816 4521 ment
1837 4478 2100 4530 ecepimus.
