2993 4837
83 320 241 387 Nov.
296 322 333 386 7
621 341 697 386 nn
744 343 798 387 s.
852 339 1255 388 ENcssLnEnro
1304 342 1597 388 menter.
1651 340 2017 388 cataniensi
2379 326 2492 389 324

84 428 143 491 ln
174 425 377 493 rebus
424 424 869 494 exterioribus
908 424 1186 494 etfama
1222 426 1352 495 sub
1401 424 1595 493 nullo
1635 424 1952 511 pontifice
2002 448 2221 513 usquc
2271 426 2352 493 ad
2411 426 2588 496 diem

82 512 261 592 hanc,
319 525 580 582 tantum
615 513 912 582 Ecclesia
965 513 1386 583 Coloniensis
1426 513 1729 603 profecit,
1782 528 2117 599 quantum
2171 514 2301 583 sub
2349 515 2593 603 Engel-

78 599 267 669 berta.
320 600 603 669 Praedia
638 602 933 691 plurima
984 603 1189 671 simut
1253 615 1317 671 et
1364 601 1593 681 feuda,
1647 601 1986 671 Ecclesiae
2051 602 2172 672 diu
2222 603 2589 681 subtracta,

75 704 128 758 et
168 712 205 757 a
253 689 495 758 multis
539 692 685 780 ejus
747 691 1295 760 antecessoribus
1343 692 1482 759 sive
1536 713 1653 780 per
1701 703 2079 780 torporem,
2138 692 2276 762 sive
2331 715 2447 780 per
2497 693 2595 761 in·

76 777 512 847 valetudinem
569 778 911 869 neglecta,
970 780 1115 868 ipse
1169 802 1285 866 per
1326 780 1673 865 judicium
1726 793 1790 849 et
1847 781 2250 849 sententiam
2307 803 2595 871 recupe-

76 867 244 934 ravit.
300 872 471 936 Puto
512 881 760 948 tamen,
799 867 982 955 quod
1038 867 1293 956 judicio
1336 868 1818 937 vel·sententia
1869 869 2212 939 modicum
2272 870 2596 958 profecis-

76 970 178 1033 set,
230 957 284 1023 si
334 956 551 1024 animi
606 957 821 1026 virtus
859 972 924 1025 et
960 957 1241 1025 militiae
1303 958 1516 1028 robur
1565 957 1665 1026 illi
1721 957 2070 1027 defuisset.
2127 964 2394 1028 Praeter
2445 959 2596 1028 red-

74 1042 237 1113 ditus
276 1049 322 1111 E
379 1044 737 1134 iscopales‚
796 1060 945 1134 post
983 1060 1263 1114 mortem
1316 1045 1546 1115 fratris
1595 1047 1864 1115 tenebat
1916 1062 2158 1115 terram
2215 1049 2451 1136 patriS,
2513 1048 2595 1117 de

73 1153 188 1217 qua
235 1133 318 1201 ha
373 1132 530 1202 ebat
577 1134 1058 1204 ministeriales
1110 1135 1358 1204 multos
1391 1149 1458 1203 et
1509 1135 1816 1204 redditus
1873 1156 2183 1224 magnos.
2236 1136 2333 1204 Ob
2383 1159 2589 1223 quam

74 1242 326 1289 causam
366 1222 574 1291 Ducis
622 1222 972 1302 Walrami‚
1026 1223 1226 1311 cujus
1277 1224 1462 1292 filius
1498 1223 1834 1293 Heni-icus
1886 1223 2432 1313 tiliam'Adolphi
2478 1230 2593 1294 Co·

80 1311 238 1380 mitis
268 1308 554 1380 duxerat
604 1334 908 1393 uxorem,
962 1327 1193 1381 contra
1240 1334 1313 1382 se
1371 1334 1503 1381 non
1566 1311 1904 1381 modicam
1954 1314 2360 1382 excitaverat
2421 1314 2593 1382 invi—

78 1396 272 1465 diam:
331 1400 554 1487 sopita
609 1413 833 1469 tamen
897 1400 1132 1469 omnia
1188 1399 1457 1469 fuerant
1508 1400 1624 1470 tali
1689 1411 1884 1489 pacto
1934 1402 2464 1479 interveniente,
2519 1416 2596 1470 ut

80 1485 375 1558 dominus
408 1488 812 1579 Episcopus,
868 1488 1093 1575 quoad
1148 1489 1437 1571 viveret,
1503 1502 1756 1559 teneret
1805 1504 2078 1559 terram:
2136 1489 2249 1558 ille
2301 1512 2454 1558 vero
2510 1492 2594 1559 ab

79 1595 142 1642 eo
163 1577 453 1666 singulis
482 1578 687 1647 annis
722 1579 786 1646 in
872 1577 1138 1647 ecuniis
1169 1579 1498 1666 reciperet
1536 1578 1954 1667 pensionem.
1996 1583 2345 1647 Praeterea
2372 1577 2596 1647 feudis

81 1664 290 1734 multis
337 1689 418 1735 ac
474 1666 771 1756 praediis
855 1666 1094 1737 iversis
1128 1666 1502 1736 Ecclesiam
1561 1666 2028 1737 coloniensem
2084 1667 2322 1736 ditavit
2366 1681 2431 1736 et
2479 1689 2594 1737 su—

82 1752 384 1835 blimavit,
443 1757 769 1827 terminos
803 1758 954 1846 ejus
1002 1755 1420 1827 civitatibus.
1464 1755 1709 1824 castris
1748 1770 1811 1824 et
1863 1756 2412 1844 possessionibus
2447 1778 2594 1825 am-

84 1840 312 1929 pliavit.
366 1845 717 1926 Quaedam
771 1867 849 1914 ex
881 1845 989 1914 his
1030 1844 1114 1913 de
1146 1865 1318 1913 novo
1366 1843 1774 1922 aedificavit,
1829 1843 2165 1929 quaedam
2222 1846 2590 1923 renovavit,

86 1931 389 2001 nonnulla
420 1934 708 2021 pecunia
746 1933 1191 2023 comparavit.
1232 1937 1308 2001 In
1332 1931 1751 2019 quibusdam
1781 1933 2173 2002 civitatibus
2204 1947 2269 2003 et
2292 1935 2598 2003 turribus

85 2020 243 2100 suis,
315 2023 563 2091 turrita
614 2023 914 2109 satisque
965 2021 1203 2112 pulcra
1263 2022 1648 2091 construxit
1711 2020 1983 2109 palatia.
2042 2023 2381 2092 Henricus
2456 2028 2599 2091 Dux

90 2107 533 2199 Lotharingiae
582 2125 645 2178 et
693 2111 1015 2200 princeps
1085 2110 1390 2200 Imperii,
1433 2110 1764 2200 probitate
1802 2109 2137 2197 praesulis
2185 2123 2511 2180 attractus
2537 2124 2600 2179 et

92 2192 344 2277 illectus,
401 2211 468 2267 et
505 2198 665 2285 quia
715 2200 1016 2287 prudens
1061 2214 1238 2270 esset
1288 2201 1354 2268 in
1408 2198 1722 2279 consilio,
1775 2212 1841 2267 et
1890 2197 2158 2268 validus
2189 2200 2257 2266 in
2309 2198 2590 2277 auxilio,

89 2286 388 2367 quaedam
454 2309 583 2357 sua
636 2288 935 2375 praedia,
1004 2310 1179 2373 quae
1229 2290 1341 2358 hic
1392 2290 1750 2357 nominare
1818 2308 2093 2356 necesse
2143 2309 2276 2356 non
2336 2301 2458 2363 est,
2513 2286 2596 2355 de

90 2375 377 2447 manibus
415 2376 757 2466 praesulis
790 2375 1175 2468 Engelberti
1216 2378 1371 2463 jure
1404 2376 1662 2448 feudali
1695 2376 2020 2466 suscepit,
2054 2390 2239 2447 tanto
2289 2376 2596 2465 pontifici

86 2461 336 2551 ejusque
384 2466 727 2535 Ecclesiae
762 2466 994 2536 volens
1027 2467 1285 2538 arctius
1316 2467 1680 2558 adstringi,
1716 2481 1781 2536 et
1830 2466 2027 2536 bonis
2059 2466 2358 2556 propriis
2403 2466 2490 2535 ab
2523 2487 2601 2534 eo

87 2553 361 2637 gaudens
398 2556 817 2625 beneficiari.

156 2643 188 2724 ,ξ
229 2648 315 2713 θ.
366 2646 668 2712 loannes
713 2644 747 2670 ⁸
796 2649 933 2713 Rex
978 2645 1608 2735 Jerosolymitanus
1660 2658 1934 2736 propter
1987 2666 2172 2725 eum,
2211 2657 2275 2713 et
2330 2666 2486 2713 cum
2523 2665 2601 2712 eo

91 2728 402 2801 Coloniam
442 2732 757 2802 divertit:
813 2733 935 2802 ubi
989 2749 1119 2803 tam
1166 2734 1534 2834 magnifice
1583 2749 1944 2823 susceptus
1993 2748 2114 2815 est,
2171 2746 2412 2803 uttam
2451 2732 2602 2819 ejus

90 2834 261 2898 quarn
308 2822 606 2891 civitatis
647 2821 934 2912 gloriam
989 2822 1320 2891 admirari
1372 2845 1506 2890 non
1546 2821 1906 2892 sufficeret.
1962 2824 2150 2906 Quod
2205 2824 2463 2892 dictum
2501 2835 2603 2890 est

92 2902 157 3001 (le
191 2908 564 2989 Salomone,
618 2911 734 2996 qui
788 2912 1095 3000 regnavit
1142 2912 1210 2979 in
1251 2910 1666 2990 Jerusalem,
1723 2911 1902 2997 quod
1945 2917 2156 3002 Reges
2216 2924 2428 2981 terrae
2485 2910 2601 2978 de-

97 2992 532 3067 sideraverunt
565 2999 792 3067 videre
831 2999 1071 3068 faciem
1107 3000 1279 3087 ejus,
1332 3013 1397 3069 et
1436 2998 1676 3068 audire
1716 2999 2121 3087 sapientiam
2175 3002 2346 3090 ejuS,
2390 3013 2454 3068 et
2487 3002 2598 3068 ob·

100 3080 359 3156 tulerunt
409 3087 473 3154 ei
532 3109 863 3156 munera:
917 3088 1116 3157 etiam
1172 3088 1257 3156 de
1319 3088 1468 3177 ipso
1525 3089 1768 3177 exponi
1816 3102 2050 3176 potest.
2114 3089 2390 3178 Cognita
2452 3088 2602 3174 ejus

97 3172 396 3258 sapientia
432 3188 636 3262 atque
671 3176 991 3264 potentia,
1035 3190 1101 3244 et
1136 3177 1317 3263 quod
1357 3179 1694 3266 potentior
1724 3189 1901 3245 esset
1933 3176 1996 3243 in
2039 3177 2347 3265 imperia,
2389 3182 2602 3266 Reges

96 3267 292 3343 terrae,
327 3265 656 3333 Franciae
691 3264 950 3334 scilicet
982 3278 1046 3334 et
1075 3264 1375 3354 Angliae‚
1424 3266 1690 3342 Daciae,
1739 3265 2049 3333 Boemiae
2087 3278 2152 3333 et
2183 3266 2595 3353 Hungariae‚

92 3349 394 3422 miserunt
426 3353 488 3421 ei
525 3374 811 3422 munera
848 3354 914 3421 in
961 3375 1127 3423 auro
1165 3366 1230 3422 et
1266 3368 1574 3453 argento,
1616 3353 2046 3443 gemmisque
2083 3353 2420 3442 pretiosiS,
2454 3351 2603 3436 ejus

90 3434 384 3526 adspectu
406 3455 472 3510 et
505 3441 846 3528 colloquio
878 3442 978 3510 vel
1012 3464 1131 3530 pro
1161 3443 1464 3511 amicitia
1501 3441 1993 3531 comparanda,
2027 3440 2125 3508 vel
2166 3462 2284 3529 pro
2316 3439 2604 3538 diversis

91 3530 289 3599 causis
322 3543 388 3598 et
420 3531 946 3600 necessitatibus
981 3532 1079 3599 uti
1113 3529 1606 3599 desiderantes.
1660 3536 1863 3611 Haec,
1902 3551 2078 3616 quae
2111 3552 2150 3598 a
2193 3550 2301 3597 me
2337 3549 2404 3595 tn
2455 3549 2605 3615 ejus

14 3667 15 3694 ἶ
92 3608 264 3686 laude
295 3620 550 3707 scripta
591 3631 775 3700 sunt,
820 3620 940 3706 qui
977 3619 1234 3709 legerit,
1269 3633 1335 3688 et
1381 3618 1573 3687 illius
1667 3631 1810 3688 esta
1847 3618 2033 3699 vidit,
2073 3618 2300 3687 dicere
2338 3616 2598 3704 poterit,

11 3703 15 3786 j
90 3706 244 3785 quod
297 3729 364 3776 re
421 3709 531 3775 ina
591 3709 764 3777 Saba
825 3707 1168 3776 Salomoni
1220 3708 1432 3776 dixit:
1490 3714 1618 3777 Pro
1662 3710 1797 3789 avi,
1847 3708 2090 3794 inquit,
2155 3705 2331 3797 quod
2384 3705 2606 3773 media

11 3807 15 3865 ξ’
88 3812 223 3876 pars
276 3799 374 3864 mi
410 3798 450 3865 ⁴i
496 3798 815 3865 nunciata
860 3819 989 3865 non
1041 3799 1272 3884 faerit.
1328 3799 1545 3887 Major
1593 3809 1686 3867 est
1733 3799 2069 3884 sapientia
2117 3807 2236 3864 tua
2265 3805 2328 3863 et
2374 3816 2599 3883 opera,

11 3879 14 3935 i
94 3902 265 3966 quam
332 3908 567 3954 rumor
624 3909 817 3976 quem
867 3886 1107 3954 audivi
1148 3887 1264 3975 (3.
1334 3892 1492 3988 Ray.
1549 3887 1665 3974 x).
1723 3891 1926 3954 Fama
1997 3885 2296 3955 nominis
2344 3883 2495 3969 ejus
2543 3897 2607 3950 et

94 3987 346 4056 Operum
388 3975 533 4062 jam
587 3996 808 4060 usque
856 3974 938 4042 ad
990 3987 1251 4044 exteras
1303 3989 1614 4043 nationes
1666 3988 2109 4064 pervenerat,
2165 3986 2228 4041 et
2282 3972 2607 4041 timebant

95 4076 221 4125 eum
270 4062 612 4131 Saraceni.
655 4063 770 4131 Cui
811 4085 1057 4131 nomen
1112 4063 1496 4132 Salomonis
1533 4086 1600 4130 re
1639 4085 1790 4132 vera
1826 4063 2267 4152 congruebat,
2312 4081 2389 4129 eo
2422 4059 2603 4146 quod

94 4161 239 4216 esset
287 4150 582 4219 multum
622 4151 972 4241 pacificus
1029 4173 1263 4240 pacem
1317 4149 1742 4240 diligens„et
1783 4173 2017 4240 pacem
2062 4151 2339 4218 faciens.
2379 4149 2608 4218 Gratia

100 4238 253 4318 pacis
301 4239 776 4309 reformandae
827 4261 1047 4327 neque
1079 4241 1419 4328 expensiS‚
1476 4261 1697 4325 neque
1745 4240 2013 4328 corpori
2053 4238 2372 4328 pepercit.
2421 4237 2609 4306 Unde

135 4396 156 4418 ³
180 4396 373 4440 Joannes
392 4411 449 4440 ex
470 4398 651 4440 illustri
671 4399 847 4440 familia
872 4403 932 4440 Ita*
950 4402 1149 4440 Rru'enm.
1170 4402 1231 4445 Is.
1251 4410 1395 4448 quum
1416 4399 1625 4442 Mariam,
1647 4409 1670 4438 e
1689 4398 2031 4439 Montisferrati
2057 4398 2407 4452 Marchioqibus
2429 4402 2613 4440 Jeroso·

100 4443 279 4492 lrmitani
300 4458 474 4504 sceptri
496 4456 758 4501 haeredem,
781 4465 906 4495 anno
931 4458 1044 4499 Γλοῦ,
1067 4456 1340 4504 accepisset,
1360 4455 1490 4493 illius
1512 4454 1641 4493 urbis
1661 4463 1742 4493 rex
1763 4453 1954 4494 effectus
1975 4456 2060 4493 est.

229 4538 463 4595 surius
493 4567 515 4580 -
558 4535 723 4596 Vitae
752 4535 853 4598 SS.
886 4569 911 4580 -
942 4535 1075 4597 vot.
1108 4534 1205 4595 xl.
2343 4532 2410 4591 21

2629 4481 2700 4526 s
