2993 4837
46 344 191 409 NOV.
237 346 276 409 4
860 363 936 409 ns
983 364 1037 409 s.
1091 360 1329 411 canoro
1379 359 1715 410 sonnono
2348 348 2461 412 118⁴

47 468 251 517 rursus
293 447 758 517 invalesceret
805 447 1134 529 morbus,
1189 459 1458 537 praeter
1526 447 1985 518 calamitatem
2046 460 2112 518 et
2178 449 2517 519 damnum
2550 504 2567 531 ‚

39 557 209 623 quam
270 536 336 604 id
405 536 828 624 pudendum
897 535 1115 606 soret?
1186 536 1312 606 Sed
1382 537 1604 607 tenuit
1666 537 1902 606 animo
1963 537 2220 607 mirum
2289 539 2359 607 in
2428 559 2572 609 mo-

42 625 180 693 dum
239 625 658 695 confirmato
732 626 1163 716 propositum
1237 625 1517 697 Carolus
1555 649 1570 706 ;
1653 625 1739 695 de
1813 626 2030 696 libera
2120 627 2524 718 integraque
2554 683 2570 709 ,

42 735 153 782 non
197 714 464 784 civitate
515 715 752 785 solum
786 770 801 797 ,
855 715 971 784 sed
1022 714 1226 784 etiam
1276 715 1574 784 dioecesi
1622 726 1885 785 certum
1936 737 2076 784 una
2137 738 2300 785 cum
2351 716 2572 807 magi-

43 803 324 873 stratibus
373 805 772 885 constituit,
826 804 910 874 ad
961 803 1264 894 agendas
1314 804 1588 894 publice
1635 805 1722 873 de
1769 817 2044 894 accepto
2097 805 2395 874 maximo
2450 805 2567 875 be-

47 890 246 962 neficio
339 893 563 962 ratias
597 948 613 972 ‚
669 893 1060 983 proximum
1131 895 1351 962 sancti
1420 893 1801 963 Sebastiani
1867 894 2113 963 festum
2165 894 2346 963 diem
2398 895 2568 962 anni

41 1002 241 1050 initnx
332 982 549 1073 elegit
584 1007 598 1047 :
640 994 718 1051 ut
775 1003 978 1069 quem
1026 994 1417 1072 patronum,
1458 983 1862 1052 imminente
1892 982 2222 1072 periculo,
2263 982 2397 1052 sibi
2431 988 2568 1051 Me-

42 1067 437 1141 diolanenses
463 1071 995 1151 advocaverant,
1032 1071 1270 1141 eodem
1303 1082 1533 1160 postea
1561 1071 1920 1160 impetrata
1947 1072 2168 1152 venia,
2197 1070 2280 1140 ad
2311 1072 2567 1161 gratias

42 1170 187 1227 recte
235 1182 269 1227 a
318 1160 547 1230 endas
596 1171 954 1229 uterentur
1009 1160 1365 1249 adjutore:
1417 1172 1482 1229 et
1527 1181 1731 1246 quem
1795 1161 1990 1230 initio
2039 1160 2271 1229 afflicti
2328 1182 2565 1230 orave-

46 1257 187 1327 rant,
209 1248 266 1315 ei
317 1270 425 1316 em
462 1250 540 1316 in
574 1248 714 1317 fine
744 1248 1036 1325 liberati,
1075 1262 1306 1349 gratos
1336 1269 1483 1317 sese
1530 1249 1985 1319 ostenderent.
2034 1254 2269 1336 Itaque
2299 1262 2567 1339 praeter

52 1336 574 1425 supplicatione5‚
629 1359 807 1423 quae
853 1337 1113 1424 alioqui
1162 1337 1246 1406 ad
1298 1336 1489 1406 illius
1535 1338 1894 1409 ecclesiam
1931 1339 2288 1408 habendae
2327 1349 2558 1419 erant,

23 1421 207 1510 ,hines
245 1424 420 1494 alias
470 1424 765 1495 Carolus
799 1425 1068 1494 indixit.
1107 1431 1287 1496 Itum
1340 1438 1442 1494 est
1474 1426 1558 1494 ad
1603 1428 1823 1497 sancti
1862 1427 2241 1507 Ambrosii;
2285 1426 2558 1507 deinde,

23 1524 110 1580 tut
133 1513 305 1583 initio
336 1513 647 1605 periculi
687 1513 943 1585 sactum
994 1527 1117 1595 est,
1170 1514 1254 1583 ad
1306 1515 1502 1585 urbis
1548 1517 1848 1606 compita
1880 1517 2134 1586 omnia.
2178 1522 2364 1599 Quae
2411 1516 2569 1603 qui-

23 1598 170 1698 [dem
214 1603 763 1692 supplicationes
794 1658 809 1683 ,
862 1616 939 1673 ut
985 1601 1472 1673 celeberrimae
1503 1659 1518 1684 ,
1579 1606 1670 1673 ita
1725 1606 2201 1677 sanctissimae
2240 1605 2563 1690 fuerunt;

23 1688 118 1762 lob
156 1689 214 1759 id
258 1714 541 1780 quoque
603 1694 672 1760 in
727 1693 1015 1781 primis,
1071 1692 1254 1779 quod
1319 1714 1551 1762 sacras
1607 1693 1936 1781 reliquias
1997 1716 2286 1776 omneS,
2354 1716 2565 1781 quam

46 1779 301 1849 maximo
326 1781 481 1850 fieri
521 1781 748 1870 potuit
780 1793 1050 1860 ornatu,
1087 1780 1315 1850 clerus
1344 1780 1734 1863 universus,
1770 1796 1846 1852 ut
1874 1796 2097 1865 antea,
2136 1783 2311 1853 ferre
2326 1784 2570 1871 jussus

142 1890 157 1945 3
201 1890 351 1938 cum
396 1870 465 1938 vi
535 1870 884 1939 luminum
935 1892 1149 1959 prope
1199 1870 1542 1939 immensa
1574 1925 1589 1950 ,
1656 1892 1833 1957 quae
1891 1893 2025 1941 non
2079 1872 2282 1941 modo
2341 1871 2568 1941 clerus

117 1953 341 2037 hibuit,
396 1958 522 2027 sed
579 1958 881 2048 populus
918 1980 1194 2046 quoque
1241 1958 1865 2046 frequentissimus.
1919 1961 2274 2029 Affuerunt
2307 1960 2570 2030 Guber-

118 2054 227 2125 tnr,
279 2050 578 2116 Senatus
627 2061 692 2116 et
741 2047 1175 2148 Magistratus
1213 2048 1508 2135 reliqui,
1560 2069 1938 2134 omnesque
1979 2049 2280 2137 publice,
2324 2050 2569 2138 pieque

150 2133 265 2203 tias
310 2148 651 2225 egerunt,
706 2157 786 2204 ex
835 2136 1087 2217 libelle,
1141 2137 1790 2223 cohortationeque‚
1846 2159 2055 2222 quam
2113 2137 2194 2205 ad
2239 2159 2389 2206 eam
2426 2160 2570 2207 rem

52 2282 57 2285 ,
118 2221 287 2292 rolus
318 2225 429 2293 edi
456 2226 790 2314 jusserat.
843 2229 1055 2311 Atque
1088 2225 1256 2296 dum
1305 2226 1389 2294 ad
1433 2226 1738 2315 compita
1770 2224 2049 2295 ordines
2096 2226 2427 2304 duceret,
2481 2225 2567 2294 ad

52 2310 257 2380 Cruces
294 2315 727 2393 morabatur,
780 2334 958 2400 quae
999 2315 1090 2382 ibi
1144 2315 1352 2402 pestis
1400 2316 1648 2383 caussa
1697 2326 1958 2385 erectae
1990 2313 2285 2393 fuerant,
2338 2327 2403 2381 et
2453 2334 2572 2402 po-

46 2396 152 2466 sita
180 2421 362 2471 sacra
397 2426 470 2473 re
511 2425 726 2491 quam
761 2402 1038 2483 serebat,
1095 2403 1164 2471 in
1201 2424 1439 2473 mensa
1473 2403 1729 2474 ibidem
1780 2404 1865 2473 ad
1917 2403 1985 2472 id
2037 2401 2280 2473 decore
2312 2403 2569 2473 consti-

42 2495 187 2585 tuta,
223 2490 341 2559 rite
392 2493 851 2581 precabatur;
908 2492 1077 2560 mira
1129 2491 1377 2581 pietate
1423 2493 1650 2562 clerus
1695 2505 1760 2563 et
1809 2492 2110 2582 populus
2159 2492 2229 2560 in
2279 2514 2357 2560 ea
2406 2513 2569 2581 sup-

25 2645 32 2658 ,
44 2573 374 2672 plicatione
416 2582 876 2670 perseveravit
908 2602 1128 2668 usque
1161 2580 1243 2649 ad
1284 2592 1576 2661 noctem,
1616 2603 1777 2650 cum
1811 2602 2012 2650 mane
2043 2582 2421 2671 coepisset;
2463 2581 2570 2650 via

42 2666 261 2734 ,etenim
300 2670 384 2739 ob
423 2669 963 2759 amplitudinem
1003 2669 1197 2739 urbis
1247 2669 1654 2757 longissima
1685 2682 1828 2754 est;
1880 2670 2169 2740 accessit
2218 2670 2562 2738 maximus

40 2749 474 2838 *plurimorum
546 2770 1041 2827 tormentorum
1104 2780 1315 2827 sonus
1382 2759 1713 2838 honoris,
1769 2771 1834 2827 et
1882 2759 2176 2829 laetitiae
2223 2758 2445 2848 gratia
2493 2781 2573 2828 ex

25 2857 179 2935 yarce
217 2845 517 2928 effectus,
575 2846 743 2916 dum
795 2847 972 2916 sacri
1027 2846 1301 2916 ordines
1352 2869 1429 2915 ea
1481 2849 1678 2918 urbis
1730 2859 1920 2936 parte
1959 2849 2350 2917 transirent.
2398 2851 2565 2917 Cum

23 2935 120 3007 tm
141 2932 469 3004 ecclesiam
505 2937 833 3025 majorem
866 2936 1158 3005 reditum
1193 2947 1404 3014 esset,
1443 2937 1880 3006 sanctissima
1912 2936 2342 3006 Eucharistia
2371 2935 2566 3024 prius

23 3019 166 3188 ἔ-ΕᾸ·
199 3024 543 3094 eeclesiam
597 3025 923 3095 omnibus
972 3045 1326 3094 sacrorum
1382 3025 1744 3094 hominum
1804 3027 2033 3096 choris
2073 3026 2565 3095 comitantibus

127 3113 197 3185 ta,
228 3111 285 3179 in
326 3113 534 3182 altari
573 3114 918 3203 proposita
965 3126 1111 3181 est:
1167 3135 1323 3182 cum
1376 3115 1611 3183 omnia
1662 3114 1986 3195 maximo,
2032 3114 2566 3203 gratissimoque

62 3208 212 3276 sono,
256 3200 566 3289 hymniS,
624 3202 1070 3290 psalmisque,
1126 3214 1269 3271 tum
1324 3203 1646 3272 tubarum
1700 3203 1903 3271 etiam
1961 3202 2285 3292 clangore
2333 3222 2568 3290 perso-

52 3295 278 3356 ‘iiarenh
329 3291 432 3360 Ibi
469 3290 777 3370 Carolus.
834 3291 1031 3378 quasi
1083 3290 1253 3358 nihil
1307 3289 1535 3360 adhuc
1585 3292 1878 3370 fecisset,
1931 3291 2392 3379 quadraginta
2443 3289 2570 3357 ho-

58 3385 249 3443 rarum
291 3379 750 3465 precationem
802 3392 959 3449 ante
1006 3379 1516 3449 sanctissimam
1569 3380 2069 3449 Eucharistiam
2104 3379 2445 3456 instituit,
2496 3378 2563 3444 in

60 3475 167 3540 qua
207 3466 431 3536 eadem
468 3468 822 3557 patientia,
876 3480 941 3538 et
982 3467 1234 3549 labore,
1278 3491 1413 3556 quo
1463 3480 1663 3537 antea
1714 3490 1907 3537 sacro
1958 3467 2303 3569 proposito
2338 3465 2561 3545 Clav0,

61 3563 178 3648 Sese
218 3558 532 3626 exercuit.
588 3561 736 3638 Quo
786 3571 1089 3659 tempore
1135 3579 1294 3627 cum
1342 3558 1411 3625 in
1470 3558 1800 3626 concione
1846 3557 2188 3626 civitatem
2239 3578 2278 3624 a
2331 3553 2568 3623 morbo

63 3630 257 3709 divina
300 3667 426 3733 ope
474 3646 830 3715 liberatam
882 3646 1136 3715 diserte
1185 3646 1657 3736 praedicaret,
1710 3659 1905 3716 erant
1950 3646 2071 3732 qui
2121 3644 2317 3714 valde
2358 3643 2570 3711 mira-

62 3718 292 3809 bantur,
345 3755 483 3820 quo
531 3749 716 3804 certo
763 3736 961 3825 signo
1011 3734 1077 3802 id
1116 3747 1344 3826 posset
1390 3735 1781 3815 affirmare;
1839 3734 2152 3805 nonnihil
2202 3732 2404 3801 etiam
2460 3753 2570 3799 ve-

64 3811 365 3902 rebantur,
420 3838 496 3892 ut
522 3845 603 3891 ea
642 3825 972 3913 praestari
1008 3837 1237 3913 posset
1287 3825 1353 3891 in
1396 3836 1746 3913 posterum
1781 3823 2147 3893 affirmatio
2179 3877 2194 3902 ‚
2248 3819 2435 3907 quod
2475 3820 2569 3889 ita

66 3898 169 3970 Deo
208 3911 634 3992 concedente,
688 3911 940 3982 iactum
993 3925 1094 3981 est
1137 3926 1386 3982 tamen.
1441 3912 1586 3980 Alia
1621 3934 1894 3999 quoque
1942 3912 2207 3992 civitas,
2242 3921 2567 3979 consueta

68 3993 298 4077 populis
325 3996 618 4068 laetitiae
652 4000 849 4089 signa
886 4001 1103 4070 multa
1135 4000 1372 4083 edidit,
1415 4023 1594 4088 quae
1631 4001 2116 4090 praeterimus,
2172 3999 2567 4084 litteraeque

70 4074 133 4143 ad
162 4094 402 4155 exteros
450 4087 744 4176 populos
791 4089 1012 4169 datae,
1054 4090 1136 4158 ad
1176 4102 1483 4159 mutuam
1530 4089 2099 4159 consuetudinem
2136 4088 2341 4188 plene
2374 4088 2565 4156 resti·

72 4170 372 4270 tuendam.
424 4175 707 4245 Carolus
761 4179 1134 4270 Episcopos
1196 4179 1591 4279 provinciae
1650 4177 1883 4248 missis
1949 4176 2191 4247 litteris
2248 4176 2561 4256 monuit,

77 4267 433 4347 rogavitque,
467 4278 548 4332 ut
583 4286 719 4332 una
752 4268 1000 4336 vellent
1038 4277 1292 4356 gratias
1341 4288 1565 4354 agere,
1606 4278 1810 4352 atque
1857 4264 1975 4333 alii
2022 4286 2261 4336 omnes
2304 4287 2422 4354 per
2456 4266 2568 4334 lit-

79 4347 215 4414 teras
243 4352 553 4437 gratulati
589 4365 786 4422 sunt:
841 4354 1161 4425 Nicolaus
1198 4355 1229 4388 '⁶
1264 4366 1491 4422 autem
1543 4353 2016 4424 Cremonensis
2050 4354 2452 4444 Episcopus,
2489 4376 2566 4421 ex

122 4467 137 4490 ⁸
160 4469 349 4516 1⁴''30012115
376 4477 663 4519 Slondrassuss
689 4488 712 4517 e
738 4483 938 4529 patricia
959 4481 1262 4520 Cremonensi
1286 4479 1477 4519 familia.
1504 4482 1620 4521 Eum
1642 4477 2120 4530 quambenigniseime
2140 4481 2408 4530 hospitatus
2428 4479 2502 4518 est.
2518 4479 2566 4516 tn

2625 4553 2689 4595 a*
