<?xml version="1.0" encoding="UTF-8"?>
<!DOCTYPE html PUBLIC "-//W3C//DTD XHTML 1.0 Transitional//EN"
    "http://www.w3.org/TR/xhtml1/DTD/xhtml1-transitional.dtd">
<html xmlns="http://www.w3.org/1999/xhtml" xml:lang="en" lang="en">
 <head>
  <title>
</title>
<meta http-equiv="Content-Type" content="text/html;charset=utf-8" />
  <meta name='ocr-system' content='tesseract 3.04.00' />
  <meta name='ocr-capabilities' content='ocr_page ocr_carea ocr_par ocr_line ocrx_word'/>
</head>
<body>
  <div class='ocr_page' id='page_1' title='image "./historiaeseuvit05lippgoog_0753.png"; bbox 0 0 2993 4837; ppageno 0'>
   <div class='ocr_carea' id='block_1_1' title="bbox 56 320 2454 388">
    <p class='ocr_par' dir='ltr' id='par_1_1' title="bbox 56 320 2454 388">
     <span class='ocr_line' id='line_1_1' title="bbox 56 320 2454 388; baseline 0.002 -4"><span class='ocrx_word' id='word_1_1' title='bbox 56 320 195 384; x_wconf 75' lang='lat' dir='ltr'><strong>NOV.</strong></span> <span class='ocrx_word' id='word_1_2' title='bbox 246 322 320 384; x_wconf 73' lang='lat'><strong>27</strong></span> <span class='ocrx_word' id='word_1_3' title='bbox 721 339 795 383; x_wconf 74' lang='lat' dir='ltr'><strong>ne</strong></span> <span class='ocrx_word' id='word_1_4' title='bbox 846 339 901 384; x_wconf 90' lang='lat' dir='ltr'><strong>s.</strong></span> <span class='ocrx_word' id='word_1_5' title='bbox 954 338 1184 385; x_wconf 58' lang='lat' dir='ltr'><strong>:acono</strong></span> <span class='ocrx_word' id='word_1_6' title='bbox 1234 339 1561 386; x_wconf 66' lang='lat' dir='ltr'><strong>misaciso</strong></span> <span class='ocrx_word' id='word_1_7' title='bbox 1612 341 1802 386; x_wconf 67' lang='lat' dir='ltr'><strong>mar.</strong></span> <span class='ocrx_word' id='word_1_8' title='bbox 2329 325 2454 388; x_wconf 80' lang='lat'><strong>697</strong></span> 
     </span>
    </p>
   </div>
   <div class='ocr_carea' id='block_1_2' title="bbox 41 421 2554 4497">
    <p class='ocr_par' dir='ltr' id='par_1_2' title="bbox 41 421 2546 2553">
     <span class='ocr_line' id='line_1_2' title="bbox 53 421 2546 514; baseline 0.002 -24"><span class='ocrx_word' id='word_1_9' title='bbox 53 423 344 510; x_wconf 88' lang='lat' dir='ltr'><strong>incipiunt</strong></span> <span class='ocrx_word' id='word_1_10' title='bbox 371 444 609 512; x_wconf 87' lang='lat' dir='ltr'><strong>pecora</strong></span> <span class='ocrx_word' id='word_1_11' title='bbox 644 421 945 501; x_wconf 85' lang='lat' dir='ltr'><strong>tondere,</strong></span> <span class='ocrx_word' id='word_1_12' title='bbox 974 422 1286 509; x_wconf 88' lang='lat' dir='ltr'>nunquid</span> <span class='ocrx_word' id='word_1_13' title='bbox 1323 435 1590 492; x_wconf 91' lang='lat' dir='ltr'><strong>tantum</strong></span> <span class='ocrx_word' id='word_1_14' title='bbox 1620 423 1935 493; x_wconf 84' lang='lat' dir='ltr'><strong>dextrum</strong></span> <span class='ocrx_word' id='word_1_15' title='bbox 1973 423 2195 494; x_wconf 88' lang='lat' dir='ltr'><strong>vellus</strong></span> <span class='ocrx_word' id='word_1_16' title='bbox 2223 424 2546 514; x_wconf 86' lang='lat' dir='ltr'><strong>auferunt</strong></span> 
     </span>
     <span class='ocr_line' id='line_1_3' title="bbox 50 511 2539 601; baseline 0.001 -21"><span class='ocrx_word' id='word_1_17' title='bbox 50 524 94 580; x_wconf 81' lang='lat' dir='ltr'><strong>et</strong></span> <span class='ocrx_word' id='word_1_18' title='bbox 130 513 469 581; x_wconf 87' lang='lat' dir='ltr'><strong>sinistrum</strong></span> <span class='ocrx_word' id='word_1_19' title='bbox 516 511 924 581; x_wconf 76' lang='lat' dir='ltr'><strong>dimittunt?</strong></span> <span class='ocrx_word' id='word_1_20' title='bbox 975 513 1042 581; x_wconf 90' lang='lat' dir='ltr'><strong>Si</strong></span> <span class='ocrx_word' id='word_1_21' title='bbox 1089 534 1250 601; x_wconf 86' lang='lat' dir='ltr'><strong>ergo</strong></span> <span class='ocrx_word' id='word_1_22' title='bbox 1287 533 1524 601; x_wconf 88' lang='lat' dir='ltr'><strong>pecus,</strong></span> <span class='ocrx_word' id='word_1_23' title='bbox 1564 512 1745 598; x_wconf 87' lang='lat' dir='ltr'><strong>quod</strong></span> <span class='ocrx_word' id='word_1_24' title='bbox 1796 512 2056 581; x_wconf 89' lang='lat' dir='ltr'><strong>animal</strong></span> <span class='ocrx_word' id='word_1_25' title='bbox 2093 513 2374 584; x_wconf 89' lang='lat' dir='ltr'><strong>brutum</strong></span> <span class='ocrx_word' id='word_1_26' title='bbox 2412 527 2539 593; x_wconf 89' lang='lat' dir='ltr'><strong>est,</strong></span> 
     </span>
     <span class='ocr_line' id='line_1_4' title="bbox 51 600 2545 689; baseline 0 -20"><span class='ocrx_word' id='word_1_27' title='bbox 51 612 220 669; x_wconf 85' lang='lat' dir='ltr'><strong>totum</strong></span> <span class='ocrx_word' id='word_1_28' title='bbox 258 600 394 669; x_wconf 87' lang='lat' dir='ltr'><strong>vult</strong></span> <span class='ocrx_word' id='word_1_29' title='bbox 440 601 655 670; x_wconf 80' lang='lat' dir='ltr'><strong>vellus</strong></span> <span class='ocrx_word' id='word_1_30' title='bbox 695 614 1018 679; x_wconf 89' lang='lat' dir='ltr'><strong>avertere,</strong></span> <span class='ocrx_word' id='word_1_31' title='bbox 1057 611 1315 687; x_wconf 92' lang='lat' dir='ltr'><strong>quanto</strong></span> <span class='ocrx_word' id='word_1_32' title='bbox 1366 600 1588 689; x_wconf 88' lang='lat' dir='ltr'><strong>magis</strong></span> <span class='ocrx_word' id='word_1_33' title='bbox 1617 622 1743 689; x_wconf 88' lang='lat' dir='ltr'><strong>ego</strong></span> <span class='ocrx_word' id='word_1_34' title='bbox 1776 601 1981 670; x_wconf 87' lang='lat' dir='ltr'><strong>homo</strong></span> <span class='ocrx_word' id='word_1_35' title='bbox 2017 601 2375 671; x_wconf 87' lang='lat' dir='ltr'><strong>rationalis</strong></span> <span class='ocrx_word' id='word_1_36' title='bbox 2407 624 2545 671; x_wconf 89' lang='lat' dir='ltr'><strong>nou</strong></span> 
     </span>
     <span class='ocr_line' id='line_1_5' title="bbox 49 688 2543 778; baseline 0.002 -24"><span class='ocrx_word' id='word_1_37' title='bbox 49 689 422 777; x_wconf 84' lang='lat' dir='ltr'><strong>dedignabor</strong></span> <span class='ocrx_word' id='word_1_38' title='bbox 458 712 575 778; x_wconf 90' lang='lat' dir='ltr'><strong>pro</strong></span> <span class='ocrx_word' id='word_1_39' title='bbox 614 695 741 759; x_wconf 90' lang='lat' dir='ltr'><strong>Deo</strong></span> <span class='ocrx_word' id='word_1_40' title='bbox 776 689 1050 759; x_wconf 67' lang='lat' dir='ltr'><strong>occidi?</strong></span> <span class='ocrx_word' id='word_1_41' title='bbox 1088 713 1123 756; x_wconf 83' lang='lat'>»</span> <span class='ocrx_word' id='word_1_42' title='bbox 1157 688 1566 758; x_wconf 85' lang='lat' dir='ltr'><strong>Accedentes</strong></span> <span class='ocrx_word' id='word_1_43' title='bbox 1601 711 1762 778; x_wconf 89' lang='lat' dir='ltr'><strong>ergo</strong></span> <span class='ocrx_word' id='word_1_44' title='bbox 1795 691 1995 778; x_wconf 89' lang='lat' dir='ltr'><strong>impii</strong></span> <span class='ocrx_word' id='word_1_45' title='bbox 2046 690 2132 759; x_wconf 91' lang='lat' dir='ltr'><strong>ad</strong></span> <span class='ocrx_word' id='word_1_46' title='bbox 2184 690 2543 760; x_wconf 84' lang='lat' dir='ltr'><strong>sinistram</strong></span> 
     </span>
     <span class='ocr_line' id='line_1_6' title="bbox 50 777 2536 868; baseline 0.002 -26"><span class='ocrx_word' id='word_1_47' title='bbox 50 798 309 857; x_wconf 84' lang='lat' dir='ltr'><strong>manum,</strong></span> <span class='ocrx_word' id='word_1_48' title='bbox 362 778 654 868; x_wconf 78' lang='lat' dir='ltr'>digitum</span> <span class='ocrx_word' id='word_1_49' title='bbox 707 779 1076 848; x_wconf 88' lang='lat' dir='ltr'><strong>minimum</strong></span> <span class='ocrx_word' id='word_1_50' title='bbox 1130 777 1558 858; x_wconf 90' lang='lat' dir='ltr'><strong>inciderunt;</strong></span> <span class='ocrx_word' id='word_1_51' title='bbox 1602 791 1668 847; x_wconf 93' lang='lat' dir='ltr'><strong>et</strong></span> <span class='ocrx_word' id='word_1_52' title='bbox 1711 779 2013 848; x_wconf 85' lang='lat' dir='ltr'><strong>Jacobus</strong></span> <span class='ocrx_word' id='word_1_53' title='bbox 2062 779 2280 848; x_wconf 90' lang='lat' dir='ltr'><strong>dixit:</strong></span> <span class='ocrx_word' id='word_1_54' title='bbox 2333 802 2370 846; x_wconf 82' lang='lat'>«</span> <span class='ocrx_word' id='word_1_55' title='bbox 2414 785 2536 857; x_wconf 90' lang='lat' dir='ltr'><strong>Tu,</strong></span> 
     </span>
     <span class='ocr_line' id='line_1_7' title="bbox 50 865 2540 957; baseline 0.002 -26"><span class='ocrx_word' id='word_1_56' title='bbox 50 865 307 946; x_wconf 83' lang='lat' dir='ltr'><strong>Domine,</strong></span> <span class='ocrx_word' id='word_1_57' title='bbox 341 888 495 934; x_wconf 89' lang='lat' dir='ltr'><strong>cum</strong></span> <span class='ocrx_word' id='word_1_58' title='bbox 530 888 715 935; x_wconf 88' lang='lat' dir='ltr'><strong>esses</strong></span> <span class='ocrx_word' id='word_1_59' title='bbox 756 890 1076 957; x_wconf 88' lang='lat' dir='ltr'><strong>magnus,</strong></span> <span class='ocrx_word' id='word_1_60' title='bbox 1135 888 1386 956; x_wconf 89' lang='lat' dir='ltr'><strong>parvus</strong></span> <span class='ocrx_word' id='word_1_61' title='bbox 1437 879 1504 935; x_wconf 91' lang='lat' dir='ltr'><strong>et</strong></span> <span class='ocrx_word' id='word_1_62' title='bbox 1554 867 1889 936; x_wconf 90' lang='lat' dir='ltr'><strong>minimus</strong></span> <span class='ocrx_word' id='word_1_63' title='bbox 1939 889 2062 956; x_wconf 91' lang='lat' dir='ltr'><strong>pro</strong></span> <span class='ocrx_word' id='word_1_64' title='bbox 2122 868 2321 936; x_wconf 91' lang='lat' dir='ltr'><strong>nobis</strong></span> <span class='ocrx_word' id='word_1_65' title='bbox 2386 868 2540 937; x_wconf 85' lang='lat' dir='ltr'><strong>fieri</strong></span> 
     </span>
     <span class='ocr_line' id='line_1_8' title="bbox 46 952 2541 1044; baseline 0.003 -26"><span class='ocrx_word' id='word_1_66' title='bbox 46 952 299 1023; x_wconf 82' lang='lat' dir='ltr'><strong>voluisti.</strong></span> <span class='ocrx_word' id='word_1_67' title='bbox 339 959 411 1023; x_wconf 89' lang='lat' dir='ltr'><strong>Et</strong></span> <span class='ocrx_word' id='word_1_68' title='bbox 461 955 713 1024; x_wconf 88' lang='lat' dir='ltr'><strong>idcirco</strong></span> <span class='ocrx_word' id='word_1_69' title='bbox 748 956 869 1023; x_wconf 92' lang='lat' dir='ltr'><strong>tibi</strong></span> <span class='ocrx_word' id='word_1_70' title='bbox 922 955 1129 1025; x_wconf 89' lang='lat' dir='ltr'><strong>reddo</strong></span> <span class='ocrx_word' id='word_1_71' title='bbox 1178 977 1432 1044; x_wconf 91' lang='lat' dir='ltr'><strong>corpus</strong></span> <span class='ocrx_word' id='word_1_72' title='bbox 1480 967 1546 1023; x_wconf 92' lang='lat' dir='ltr'><strong>et</strong></span> <span class='ocrx_word' id='word_1_73' title='bbox 1594 955 1898 1023; x_wconf 88' lang='lat' dir='ltr'><strong>animam</strong></span> <span class='ocrx_word' id='word_1_74' title='bbox 1932 977 2142 1042; x_wconf 87' lang='lat' dir='ltr'><strong>quam</strong></span> <span class='ocrx_word' id='word_1_75' title='bbox 2193 959 2439 1025; x_wconf 79' lang='lat' dir='ltr'>creasti</span> <span class='ocrx_word' id='word_1_76' title='bbox 2476 971 2541 1027; x_wconf 91' lang='lat' dir='ltr'><strong>et</strong></span> 
     </span>
     <span class='ocr_line' id='line_1_9' title="bbox 46 1043 2535 1135; baseline 0.003 -27"><span class='ocrx_word' id='word_1_77' title='bbox 46 1043 281 1130; x_wconf 86' lang='lat' dir='ltr'><strong>proprio</strong></span> <span class='ocrx_word' id='word_1_78' title='bbox 326 1044 662 1132; x_wconf 85' lang='lat' dir='ltr'><strong>sanguine</strong></span> <span class='ocrx_word' id='word_1_79' title='bbox 714 1044 1084 1112; x_wconf 77' lang='lat' dir='ltr'><strong>redemisti.</strong></span> <span class='ocrx_word' id='word_1_80' title='bbox 1138 1067 1173 1109; x_wconf 89' lang='lat'>»</span> <span class='ocrx_word' id='word_1_81' title='bbox 1225 1043 1666 1113; x_wconf 75' lang='lat' dir='ltr'><strong>Abscinditur</strong></span> <span class='ocrx_word' id='word_1_82' title='bbox 1733 1056 1798 1112; x_wconf 90' lang='lat' dir='ltr'><strong>et</strong></span> <span class='ocrx_word' id='word_1_83' title='bbox 1846 1046 2186 1133; x_wconf 86' lang='lat' dir='ltr'><strong>septimus</strong></span> <span class='ocrx_word' id='word_1_84' title='bbox 2247 1045 2535 1135; x_wconf 82' lang='lat' dir='ltr'><strong>digitus,</strong></span> 
     </span>
     <span class='ocr_line' id='line_1_10' title="bbox 45 1131 2545 1222; baseline 0.002 -25"><span class='ocrx_word' id='word_1_85' title='bbox 45 1144 93 1197; x_wconf 88' lang='lat' dir='ltr'><strong>et</strong></span> <span class='ocrx_word' id='word_1_86' title='bbox 131 1131 254 1199; x_wconf 88' lang='lat' dir='ltr'><strong>ait:</strong></span> <span class='ocrx_word' id='word_1_87' title='bbox 308 1157 340 1196; x_wconf 81' lang='lat'>«</span> <span class='ocrx_word' id='word_1_88' title='bbox 399 1133 659 1222; x_wconf 83' lang='lat' dir='ltr'><strong>Septies</strong></span> <span class='ocrx_word' id='word_1_89' title='bbox 725 1133 791 1199; x_wconf 91' lang='lat' dir='ltr'><strong>in</strong></span> <span class='ocrx_word' id='word_1_90' title='bbox 851 1132 962 1200; x_wconf 90' lang='lat' dir='ltr'><strong>die</strong></span> <span class='ocrx_word' id='word_1_91' title='bbox 1007 1131 1278 1200; x_wconf 90' lang='lat' dir='ltr'><strong>laudem</strong></span> <span class='ocrx_word' id='word_1_92' title='bbox 1316 1132 1456 1201; x_wconf 82' lang='lat' dir='ltr'><strong>dixi</strong></span> <span class='ocrx_word' id='word_1_93' title='bbox 1493 1132 1639 1213; x_wconf 88' lang='lat' dir='ltr'><strong>tibi,</strong></span> <span class='ocrx_word' id='word_1_94' title='bbox 1682 1132 1989 1202; x_wconf 85' lang='lat' dir='ltr'><strong>Domine.</strong></span> <span class='ocrx_word' id='word_1_95' title='bbox 2031 1157 2065 1199; x_wconf 87' lang='lat'>»</span> <span class='ocrx_word' id='word_1_96' title='bbox 2099 1133 2545 1203; x_wconf 75' lang='lat' dir='ltr'><strong>Abscinditur</strong></span> 
     </span>
     <span class='ocr_line' id='line_1_11' title="bbox 46 1221 2546 1302; baseline 0.002 -17"><span class='ocrx_word' id='word_1_97' title='bbox 46 1231 302 1299; x_wconf 74' lang='lat' dir='ltr'><strong>octavuS,</strong></span> <span class='ocrx_word' id='word_1_98' title='bbox 346 1234 409 1289; x_wconf 91' lang='lat' dir='ltr'><strong>et</strong></span> <span class='ocrx_word' id='word_1_99' title='bbox 467 1222 606 1290; x_wconf 90' lang='lat' dir='ltr'><strong>ait:</strong></span> <span class='ocrx_word' id='word_1_100' title='bbox 662 1244 697 1286; x_wconf 87' lang='lat'>«</span> <span class='ocrx_word' id='word_1_101' title='bbox 755 1226 1001 1291; x_wconf 90' lang='lat' dir='ltr'><strong>Octavo</strong></span> <span class='ocrx_word' id='word_1_102' title='bbox 1041 1221 1151 1288; x_wconf 91' lang='lat' dir='ltr'><strong>die</strong></span> <span class='ocrx_word' id='word_1_103' title='bbox 1198 1221 1656 1290; x_wconf 83' lang='lat' dir='ltr'><strong>circumcisus</strong></span> <span class='ocrx_word' id='word_1_104' title='bbox 1687 1232 1789 1289; x_wconf 90' lang='lat' dir='ltr'><strong>est</strong></span> <span class='ocrx_word' id='word_1_105' title='bbox 1834 1226 2039 1291; x_wconf 84' lang='lat' dir='ltr'><strong>Jesus</strong></span> <span class='ocrx_word' id='word_1_106' title='bbox 2088 1222 2424 1302; x_wconf 78' lang='lat' dir='ltr'><strong>Christus,</strong></span> <span class='ocrx_word' id='word_1_107' title='bbox 2479 1234 2546 1291; x_wconf 91' lang='lat' dir='ltr'><strong>et</strong></span> 
     </span>
     <span class='ocr_line' id='line_1_12' title="bbox 46 1309 2544 1400; baseline 0.003 -28"><span class='ocrx_word' id='word_1_108' title='bbox 46 1320 235 1376; x_wconf 84' lang='lat' dir='ltr'><strong>octavo</strong></span> <span class='ocrx_word' id='word_1_109' title='bbox 280 1309 386 1376; x_wconf 91' lang='lat' dir='ltr'><strong>die</strong></span> <span class='ocrx_word' id='word_1_110' title='bbox 433 1310 959 1379; x_wconf 88' lang='lat' dir='ltr'><strong>circumciditur</strong></span> <span class='ocrx_word' id='word_1_111' title='bbox 1008 1311 1380 1390; x_wconf 83' lang='lat' dir='ltr'><strong>Hebraeus,</strong></span> <span class='ocrx_word' id='word_1_112' title='bbox 1415 1322 1491 1378; x_wconf 91' lang='lat' dir='ltr'><strong>ut</strong></span> <span class='ocrx_word' id='word_1_113' title='bbox 1528 1324 1823 1380; x_wconf 86' lang='lat' dir='ltr'><strong>transeat</strong></span> <span class='ocrx_word' id='word_1_114' title='bbox 1872 1310 1957 1378; x_wconf 88' lang='lat' dir='ltr'><strong>ad</strong></span> <span class='ocrx_word' id='word_1_115' title='bbox 2015 1310 2266 1400; x_wconf 86' lang='lat' dir='ltr'><strong>legales</strong></span> <span class='ocrx_word' id='word_1_116' title='bbox 2310 1332 2544 1379; x_wconf 90' lang='lat' dir='ltr'><strong>caere-</strong></span> 
     </span>
     <span class='ocr_line' id='line_1_13' title="bbox 49 1397 2542 1478; baseline 0.002 -16"><span class='ocrx_word' id='word_1_117' title='bbox 49 1397 290 1476; x_wconf 78' lang='lat' dir='ltr'><strong>moniaS,</strong></span> <span class='ocrx_word' id='word_1_118' title='bbox 327 1411 391 1466; x_wconf 92' lang='lat' dir='ltr'><strong>et</strong></span> <span class='ocrx_word' id='word_1_119' title='bbox 426 1420 619 1468; x_wconf 90' lang='lat' dir='ltr'><strong>mens</strong></span> <span class='ocrx_word' id='word_1_120' title='bbox 668 1399 843 1468; x_wconf 87' lang='lat' dir='ltr'><strong>servi</strong></span> <span class='ocrx_word' id='word_1_121' title='bbox 895 1399 1015 1478; x_wconf 90' lang='lat' dir='ltr'><strong>tui,</strong></span> <span class='ocrx_word' id='word_1_122' title='bbox 1060 1399 1362 1478; x_wconf 84' lang='lat' dir='ltr'><strong>Domine,</strong></span> <span class='ocrx_word' id='word_1_123' title='bbox 1404 1411 1701 1468; x_wconf 88' lang='lat' dir='ltr'><strong>transeat</strong></span> <span class='ocrx_word' id='word_1_124' title='bbox 1748 1398 1834 1467; x_wconf 94' lang='lat' dir='ltr'><strong>ab</strong></span> <span class='ocrx_word' id='word_1_125' title='bbox 1877 1398 1985 1468; x_wconf 90' lang='lat' dir='ltr'><strong>his</strong></span> <span class='ocrx_word' id='word_1_126' title='bbox 2026 1399 2542 1468; x_wconf 76' lang='lat' dir='ltr'><strong>incircumcisis</strong></span> 
     </span>
     <span class='ocr_line' id='line_1_14' title="bbox 46 1486 2540 1577; baseline 0.003 -29"><span class='ocrx_word' id='word_1_127' title='bbox 46 1495 95 1549; x_wconf 87' lang='lat' dir='ltr'><strong>et</strong></span> <span class='ocrx_word' id='word_1_128' title='bbox 133 1486 632 1572; x_wconf 86' lang='lat' dir='ltr'><strong>coinquinatum</strong></span> <span class='ocrx_word' id='word_1_129' title='bbox 688 1488 1099 1556; x_wconf 83' lang='lat' dir='ltr'><strong>habentibus</strong></span> <span class='ocrx_word' id='word_1_130' title='bbox 1149 1486 1586 1577; x_wconf 88' lang='lat' dir='ltr'><strong>praeputium</strong></span> <span class='ocrx_word' id='word_1_131' title='bbox 1622 1542 1636 1567; x_wconf 92' lang='lat'>‚</span> <span class='ocrx_word' id='word_1_132' title='bbox 1692 1501 1767 1556; x_wconf 91' lang='lat' dir='ltr'><strong>ut</strong></span> <span class='ocrx_word' id='word_1_133' title='bbox 1818 1487 2086 1556; x_wconf 90' lang='lat' dir='ltr'><strong>veniam</strong></span> <span class='ocrx_word' id='word_1_134' title='bbox 2144 1501 2209 1556; x_wconf 92' lang='lat' dir='ltr'><strong>et</strong></span> <span class='ocrx_word' id='word_1_135' title='bbox 2256 1488 2540 1576; x_wconf 90' lang='lat' dir='ltr'><strong>conspi-</strong></span> 
     </span>
     <span class='ocr_line' id='line_1_15' title="bbox 45 1571 2535 1665; baseline 0.002 -28"><span class='ocrx_word' id='word_1_136' title='bbox 45 1571 185 1642; x_wconf 84' lang='lat' dir='ltr'><strong>ciam</strong></span> <span class='ocrx_word' id='word_1_137' title='bbox 230 1573 461 1644; x_wconf 87' lang='lat' dir='ltr'><strong>faciem</strong></span> <span class='ocrx_word' id='word_1_138' title='bbox 516 1588 731 1655; x_wconf 88' lang='lat' dir='ltr'><strong>tuam,</strong></span> <span class='ocrx_word' id='word_1_139' title='bbox 792 1577 1093 1645; x_wconf 89' lang='lat' dir='ltr'><strong>Domine.</strong></span> <span class='ocrx_word' id='word_1_140' title='bbox 1142 1599 1178 1642; x_wconf 83' lang='lat'>»</span> <span class='ocrx_word' id='word_1_141' title='bbox 1230 1575 1569 1644; x_wconf 87' lang='lat' dir='ltr'><strong>Inciditur</strong></span> <span class='ocrx_word' id='word_1_142' title='bbox 1618 1598 1843 1644; x_wconf 91' lang='lat' dir='ltr'><strong>nonus</strong></span> <span class='ocrx_word' id='word_1_143' title='bbox 1899 1576 2160 1665; x_wconf 85' lang='lat' dir='ltr'><strong>digitus</strong></span> <span class='ocrx_word' id='word_1_144' title='bbox 2192 1631 2206 1652; x_wconf 83' lang='lat'><strong>,</strong></span> <span class='ocrx_word' id='word_1_145' title='bbox 2268 1590 2330 1644; x_wconf 87' lang='lat' dir='ltr'><strong>et</strong></span> <span class='ocrx_word' id='word_1_146' title='bbox 2386 1577 2535 1644; x_wconf 89' lang='lat' dir='ltr'><strong>ait:</strong></span> 
     </span>
     <span class='ocr_line' id='line_1_16' title="bbox 46 1664 2533 1754; baseline 0.002 -26"><span class='ocrx_word' id='word_1_147' title='bbox 46 1683 70 1722; x_wconf 68' lang='lat'><strong>⁴&lt;</strong></span> <span class='ocrx_word' id='word_1_148' title='bbox 112 1665 268 1731; x_wconf 85' lang='lat' dir='ltr'><strong>Hora</strong></span> <span class='ocrx_word' id='word_1_149' title='bbox 316 1686 494 1733; x_wconf 87' lang='lat' dir='ltr'><strong>nona</strong></span> <span class='ocrx_word' id='word_1_150' title='bbox 561 1664 837 1733; x_wconf 86' lang='lat' dir='ltr'><strong>tradidit</strong></span> <span class='ocrx_word' id='word_1_151' title='bbox 898 1666 1207 1733; x_wconf 73' lang='lat' dir='ltr'><strong>Christus</strong></span> <span class='ocrx_word' id='word_1_152' title='bbox 1258 1666 1323 1732; x_wconf 93' lang='lat' dir='ltr'><strong>in</strong></span> <span class='ocrx_word' id='word_1_153' title='bbox 1383 1686 1589 1733; x_wconf 90' lang='lat' dir='ltr'><strong>cruce</strong></span> <span class='ocrx_word' id='word_1_154' title='bbox 1646 1665 1993 1754; x_wconf 85' lang='lat' dir='ltr'><strong>spiritum.</strong></span> <span class='ocrx_word' id='word_1_155' title='bbox 2059 1664 2246 1733; x_wconf 89' lang='lat' dir='ltr'><strong>Unde</strong></span> <span class='ocrx_word' id='word_1_156' title='bbox 2280 1678 2344 1733; x_wconf 90' lang='lat' dir='ltr'><strong>et</strong></span> <span class='ocrx_word' id='word_1_157' title='bbox 2383 1687 2533 1754; x_wconf 89' lang='lat' dir='ltr'><strong>eg0‚</strong></span> 
     </span>
     <span class='ocr_line' id='line_1_17' title="bbox 48 1750 2537 1843; baseline 0.002 -29"><span class='ocrx_word' id='word_1_158' title='bbox 48 1750 304 1830; x_wconf 82' lang='lat' dir='ltr'><strong>Domine,</strong></span> <span class='ocrx_word' id='word_1_159' title='bbox 351 1753 416 1821; x_wconf 93' lang='lat' dir='ltr'><strong>in</strong></span> <span class='ocrx_word' id='word_1_160' title='bbox 449 1752 685 1822; x_wconf 88' lang='lat' dir='ltr'><strong>dolore</strong></span> <span class='ocrx_word' id='word_1_161' title='bbox 719 1754 879 1823; x_wconf 91' lang='lat' dir='ltr'><strong>noni</strong></span> <span class='ocrx_word' id='word_1_162' title='bbox 934 1754 1130 1842; x_wconf 80' lang='lat' dir='ltr'><strong>digiti</strong></span> <span class='ocrx_word' id='word_1_163' title='bbox 1167 1753 1289 1821; x_wconf 88' lang='lat' dir='ltr'><strong>tibi</strong></span> <span class='ocrx_word' id='word_1_164' title='bbox 1336 1752 1672 1822; x_wconf 83' lang='lat' dir='ltr'><strong>confiteor.</strong></span> <span class='ocrx_word' id='word_1_165' title='bbox 1704 1766 1769 1822; x_wconf 82' lang='lat' dir='ltr'><strong>et</strong></span> <span class='ocrx_word' id='word_1_166' title='bbox 1801 1753 2058 1842; x_wconf 81' lang='lat' dir='ltr'><strong>gratias</strong></span> <span class='ocrx_word' id='word_1_167' title='bbox 2088 1777 2238 1843; x_wconf 87' lang='lat' dir='ltr'><strong>ago.</strong></span> <span class='ocrx_word' id='word_1_168' title='bbox 2282 1775 2316 1819; x_wconf 87' lang='lat'>»</span> <span class='ocrx_word' id='word_1_169' title='bbox 2351 1754 2537 1822; x_wconf 89' lang='lat' dir='ltr'><strong>Inci-</strong></span> 
     </span>
     <span class='ocr_line' id='line_1_18' title="bbox 45 1834 2542 1933; baseline 0.003 -30"><span class='ocrx_word' id='word_1_170' title='bbox 45 1834 195 1933; x_wconf 78' lang='lat' dir='ltr'><strong>ditur</strong></span> <span class='ocrx_word' id='word_1_171' title='bbox 222 1839 551 1920; x_wconf 79' lang='lat' dir='ltr'><strong>decimuS‚</strong></span> <span class='ocrx_word' id='word_1_172' title='bbox 604 1856 669 1910; x_wconf 91' lang='lat' dir='ltr'><strong>et</strong></span> <span class='ocrx_word' id='word_1_173' title='bbox 716 1843 854 1911; x_wconf 91' lang='lat' dir='ltr'><strong>ait:</strong></span> <span class='ocrx_word' id='word_1_174' title='bbox 901 1865 935 1907; x_wconf 84' lang='lat'>«</span> <span class='ocrx_word' id='word_1_175' title='bbox 993 1843 1307 1910; x_wconf 89' lang='lat' dir='ltr'><strong>Decimus</strong></span> <span class='ocrx_word' id='word_1_176' title='bbox 1360 1863 1692 1910; x_wconf 90' lang='lat' dir='ltr'><strong>numerus</strong></span> <span class='ocrx_word' id='word_1_177' title='bbox 1730 1855 1831 1911; x_wconf 91' lang='lat' dir='ltr'><strong>est</strong></span> <span class='ocrx_word' id='word_1_178' title='bbox 1872 1842 1939 1909; x_wconf 91' lang='lat' dir='ltr'><strong>in</strong></span> <span class='ocrx_word' id='word_1_179' title='bbox 2003 1842 2425 1932; x_wconf 82' lang='lat' dir='ltr'><strong>praeceptis:</strong></span> <span class='ocrx_word' id='word_1_180' title='bbox 2476 1854 2542 1910; x_wconf 90' lang='lat' dir='ltr'><strong>et</strong></span> 
     </span>
     <span class='ocr_line' id='line_1_19' title="bbox 41 1929 2541 2017; baseline 0.003 -26"><span class='ocrx_word' id='word_1_181' title='bbox 41 1937 167 2009; x_wconf 76' lang='lat' dir='ltr'><strong>Jota,</strong></span> <span class='ocrx_word' id='word_1_182' title='bbox 204 1930 417 2016; x_wconf 85' lang='lat' dir='ltr'><strong>prima</strong></span> <span class='ocrx_word' id='word_1_183' title='bbox 458 1931 682 1999; x_wconf 88' lang='lat' dir='ltr'><strong>littera</strong></span> <span class='ocrx_word' id='word_1_184' title='bbox 741 1931 1041 1999; x_wconf 89' lang='lat' dir='ltr'><strong>nominis</strong></span> <span class='ocrx_word' id='word_1_185' title='bbox 1088 1936 1254 1999; x_wconf 89' lang='lat' dir='ltr'><strong>Jesu</strong></span> <span class='ocrx_word' id='word_1_186' title='bbox 1312 1929 1582 1998; x_wconf 86' lang='lat' dir='ltr'><strong>Christi.</strong></span> <span class='ocrx_word' id='word_1_187' title='bbox 1636 1953 1671 1995; x_wconf 85' lang='lat'>»</span> <span class='ocrx_word' id='word_1_188' title='bbox 1723 1936 1911 1999; x_wconf 90' lang='lat' dir='ltr'><strong>Tunc</strong></span> <span class='ocrx_word' id='word_1_189' title='bbox 1961 1930 2245 2017; x_wconf 89' lang='lat' dir='ltr'><strong>quidam</strong></span> <span class='ocrx_word' id='word_1_190' title='bbox 2282 1930 2366 1998; x_wconf 94' lang='lat' dir='ltr'><strong>de</strong></span> <span class='ocrx_word' id='word_1_191' title='bbox 2417 1929 2541 1998; x_wconf 92' lang='lat' dir='ltr'><strong>ad-</strong></span> 
     </span>
     <span class='ocr_line' id='line_1_20' title="bbox 47 2017 2542 2106; baseline 0.004 -29"><span class='ocrx_word' id='word_1_192' title='bbox 47 2018 336 2089; x_wconf 82' lang='lat' dir='ltr'><strong>stantibus</strong></span> <span class='ocrx_word' id='word_1_193' title='bbox 385 2019 745 2088; x_wconf 87' lang='lat' dir='ltr'><strong>dixerunt:</strong></span> <span class='ocrx_word' id='word_1_194' title='bbox 801 2043 837 2085; x_wconf 86' lang='lat'>«</span> <span class='ocrx_word' id='word_1_195' title='bbox 890 2023 939 2088; x_wconf 90' lang='lat' dir='ltr'>O</span> <span class='ocrx_word' id='word_1_196' title='bbox 988 2019 1456 2096; x_wconf 81' lang='lat' dir='ltr'><strong>dilectissime,</strong></span> <span class='ocrx_word' id='word_1_197' title='bbox 1501 2017 1852 2105; x_wconf 89' lang='lat' dir='ltr'><strong>quondam</strong></span> <span class='ocrx_word' id='word_1_198' title='bbox 1913 2031 2162 2100; x_wconf 86' lang='lat' dir='ltr'><strong>noster,</strong></span> <span class='ocrx_word' id='word_1_199' title='bbox 2224 2019 2542 2106; x_wconf 79' lang='lat' dir='ltr'><strong>profitere</strong></span> 
     </span>
     <span class='ocr_line' id='line_1_21' title="bbox 49 2107 2542 2186; baseline 0.004 -19"><span class='ocrx_word' id='word_1_200' title='bbox 49 2110 266 2175; x_wconf 83' lang='lat' dir='ltr'><strong>tanturn</strong></span> <span class='ocrx_word' id='word_1_201' title='bbox 313 2129 546 2176; x_wconf 89' lang='lat' dir='ltr'><strong>coram</strong></span> <span class='ocrx_word' id='word_1_202' title='bbox 610 2108 938 2186; x_wconf 89' lang='lat' dir='ltr'><strong>consule,</strong></span> <span class='ocrx_word' id='word_1_203' title='bbox 988 2121 1063 2176; x_wconf 92' lang='lat' dir='ltr'><strong>ut</strong></span> <span class='ocrx_word' id='word_1_204' title='bbox 1112 2108 1337 2176; x_wconf 88' lang='lat' dir='ltr'><strong>valeas</strong></span> <span class='ocrx_word' id='word_1_205' title='bbox 1387 2108 1631 2176; x_wconf 89' lang='lat' dir='ltr'><strong>vivere.</strong></span> <span class='ocrx_word' id='word_1_206' title='bbox 1691 2108 1871 2176; x_wconf 91' lang='lat' dir='ltr'><strong>Licet</strong></span> <span class='ocrx_word' id='word_1_207' title='bbox 1940 2107 2123 2175; x_wconf 88' lang='lat' dir='ltr'><strong>enim</strong></span> <span class='ocrx_word' id='word_1_208' title='bbox 2191 2107 2542 2176; x_wconf 86' lang='lat' dir='ltr'><strong>abscissae</strong></span> 
     </span>
     <span class='ocr_line' id='line_1_22' title="bbox 53 2190 2541 2284; baseline 0.004 -30"><span class='ocrx_word' id='word_1_209' title='bbox 53 2190 157 2259; x_wconf 83' lang='lat' dir='ltr'><strong>sint</strong></span> <span class='ocrx_word' id='word_1_210' title='bbox 190 2215 423 2265; x_wconf 87' lang='lat' dir='ltr'><strong>manus</strong></span> <span class='ocrx_word' id='word_1_211' title='bbox 458 2211 639 2276; x_wconf 90' lang='lat' dir='ltr'><strong>tuae,</strong></span> <span class='ocrx_word' id='word_1_212' title='bbox 679 2209 842 2265; x_wconf 89' lang='lat' dir='ltr'><strong>sunt</strong></span> <span class='ocrx_word' id='word_1_213' title='bbox 879 2209 1105 2266; x_wconf 84' lang='lat' dir='ltr'><strong>tamen</strong></span> <span class='ocrx_word' id='word_1_214' title='bbox 1142 2196 1540 2284; x_wconf 88' lang='lat' dir='ltr'><strong>peritissimi</strong></span> <span class='ocrx_word' id='word_1_215' title='bbox 1577 2195 1825 2264; x_wconf 90' lang='lat' dir='ltr'><strong>medici</strong></span> <span class='ocrx_word' id='word_1_216' title='bbox 1859 2196 1978 2281; x_wconf 91' lang='lat' dir='ltr'><strong>qui</strong></span> <span class='ocrx_word' id='word_1_217' title='bbox 2016 2196 2151 2265; x_wconf 90' lang='lat' dir='ltr'><strong>tuis</strong></span> <span class='ocrx_word' id='word_1_218' title='bbox 2181 2195 2541 2264; x_wconf 88' lang='lat' dir='ltr'><strong>doloribus</strong></span> 
     </span>
     <span class='ocr_line' id='line_1_23' title="bbox 57 2276 2540 2375; baseline 0.003 -30"><span class='ocrx_word' id='word_1_219' title='bbox 57 2276 268 2375; x_wconf 77' lang='lat' dir='ltr'><strong>valeant</strong></span> <span class='ocrx_word' id='word_1_220' title='bbox 296 2284 681 2354; x_wconf 88' lang='lat' dir='ltr'><strong>subvenire.</strong></span> <span class='ocrx_word' id='word_1_221' title='bbox 729 2309 763 2350; x_wconf 91' lang='lat'>»</span> <span class='ocrx_word' id='word_1_222' title='bbox 816 2286 1081 2367; x_wconf 88' lang='lat' dir='ltr'><strong>Quibus</strong></span> <span class='ocrx_word' id='word_1_223' title='bbox 1126 2284 1426 2354; x_wconf 85' lang='lat' dir='ltr'><strong>Jacobus</strong></span> <span class='ocrx_word' id='word_1_224' title='bbox 1473 2284 1660 2353; x_wconf 86' lang='lat' dir='ltr'><strong>dixit:</strong></span> <span class='ocrx_word' id='word_1_225' title='bbox 1719 2307 1752 2349; x_wconf 89' lang='lat'>«</span> <span class='ocrx_word' id='word_1_226' title='bbox 1805 2285 1990 2354; x_wconf 84' lang='lat' dir='ltr'><strong>Absit</strong></span> <span class='ocrx_word' id='word_1_227' title='bbox 2023 2308 2059 2353; x_wconf 93' lang='lat' dir='ltr'><strong>a</strong></span> <span class='ocrx_word' id='word_1_228' title='bbox 2101 2306 2205 2352; x_wconf 87' lang='lat' dir='ltr'><strong>me</strong></span> <span class='ocrx_word' id='word_1_229' title='bbox 2243 2283 2540 2353; x_wconf 88' lang='lat' dir='ltr'><strong>nefanda</strong></span> 
     </span>
     <span class='ocr_line' id='line_1_24' title="bbox 55 2370 2538 2453; baseline 0.004 -21"><span class='ocrx_word' id='word_1_230' title='bbox 55 2370 368 2443; x_wconf 76' lang='lat' dir='ltr'><strong>SimulatiO.</strong></span> <span class='ocrx_word' id='word_1_231' title='bbox 428 2379 640 2444; x_wconf 90' lang='lat' dir='ltr'><strong>Nemo</strong></span> <span class='ocrx_word' id='word_1_232' title='bbox 704 2374 887 2443; x_wconf 88' lang='lat' dir='ltr'><strong>enim</strong></span> <span class='ocrx_word' id='word_1_233' title='bbox 951 2374 1226 2444; x_wconf 88' lang='lat' dir='ltr'><strong>mittens</strong></span> <span class='ocrx_word' id='word_1_234' title='bbox 1301 2395 1584 2442; x_wconf 88' lang='lat' dir='ltr'><strong>manum</strong></span> <span class='ocrx_word' id='word_1_235' title='bbox 1639 2395 1837 2443; x_wconf 87' lang='lat' dir='ltr'><strong>suam</strong></span> <span class='ocrx_word' id='word_1_236' title='bbox 1897 2372 1982 2442; x_wconf 91' lang='lat' dir='ltr'><strong>ad</strong></span> <span class='ocrx_word' id='word_1_237' title='bbox 2059 2389 2413 2453; x_wconf 89' lang='lat' dir='ltr'><strong>aratrum,</strong></span> <span class='ocrx_word' id='word_1_238' title='bbox 2474 2384 2538 2443; x_wconf 90' lang='lat' dir='ltr'><strong>et</strong></span> 
     </span>
     <span class='ocr_line' id='line_1_25' title="bbox 53 2460 1483 2553; baseline 0.005 -33"><span class='ocrx_word' id='word_1_239' title='bbox 53 2460 373 2546; x_wconf 84' lang='lat' dir='ltr'><strong>respiciens</strong></span> <span class='ocrx_word' id='word_1_240' title='bbox 407 2477 610 2544; x_wconf 87' lang='lat' dir='ltr'><strong>retro,</strong></span> <span class='ocrx_word' id='word_1_241' title='bbox 650 2476 853 2553; x_wconf 91' lang='lat' dir='ltr'><strong>aptus</strong></span> <span class='ocrx_word' id='word_1_242' title='bbox 884 2477 985 2532; x_wconf 91' lang='lat' dir='ltr'><strong>est</strong></span> <span class='ocrx_word' id='word_1_243' title='bbox 1022 2485 1229 2553; x_wconf 88' lang='lat' dir='ltr'><strong>regno</strong></span> <span class='ocrx_word' id='word_1_244' title='bbox 1268 2463 1404 2531; x_wconf 87' lang='lat' dir='ltr'><strong>Dei.</strong></span> <span class='ocrx_word' id='word_1_245' title='bbox 1448 2486 1483 2528; x_wconf 85' lang='lat'>»</span> 
     </span>
    </p>

    <p class='ocr_par' dir='ltr' id='par_1_3' title="bbox 41 2547 2554 4417">
     <span class='ocr_line' id='line_1_26' title="bbox 115 2547 2541 2642; baseline -0.001 -22"><span class='ocrx_word' id='word_1_246' title='bbox 115 2547 256 2631; x_wconf 55' lang='grc' dir='ltr'><strong>ξεί.</strong></span> <span class='ocrx_word' id='word_1_247' title='bbox 307 2556 491 2622; x_wconf 90' lang='lat' dir='ltr'><strong>Tunc</strong></span> <span class='ocrx_word' id='word_1_248' title='bbox 547 2551 886 2642; x_wconf 88' lang='lat' dir='ltr'><strong>indignati</strong></span> <span class='ocrx_word' id='word_1_249' title='bbox 935 2554 1318 2631; x_wconf 76' lang='lat' dir='ltr'><strong>earnificeS‚</strong></span> <span class='ocrx_word' id='word_1_250' title='bbox 1357 2563 1818 2627; x_wconf 88' lang='lat' dir='ltr'><strong>accesserunt,</strong></span> <span class='ocrx_word' id='word_1_251' title='bbox 1873 2565 1937 2620; x_wconf 91' lang='lat' dir='ltr'><strong>et</strong></span> <span class='ocrx_word' id='word_1_252' title='bbox 1969 2551 2283 2640; x_wconf 88' lang='lat' dir='ltr'><strong>pollicem</strong></span> <span class='ocrx_word' id='word_1_253' title='bbox 2322 2550 2541 2620; x_wconf 83' lang='lat' dir='ltr'><strong>dextri</strong></span> 
     </span>
     <span class='ocr_line' id='line_1_27' title="bbox 49 2634 2531 2729; baseline 0.003 -30"><span class='ocrx_word' id='word_1_254' title='bbox 49 2634 204 2720; x_wconf 85' lang='lat' dir='ltr'><strong>pedis</strong></span> <span class='ocrx_word' id='word_1_255' title='bbox 230 2640 692 2720; x_wconf 90' lang='lat' dir='ltr'><strong>absciderunt,</strong></span> <span class='ocrx_word' id='word_1_256' title='bbox 728 2652 791 2708; x_wconf 89' lang='lat' dir='ltr'><strong>et</strong></span> <span class='ocrx_word' id='word_1_257' title='bbox 836 2642 1131 2710; x_wconf 80' lang='lat' dir='ltr'><strong>Jacobus</strong></span> <span class='ocrx_word' id='word_1_258' title='bbox 1170 2641 1384 2710; x_wconf 82' lang='lat' dir='ltr'><strong>dixit:</strong></span> <span class='ocrx_word' id='word_1_259' title='bbox 1440 2664 1476 2706; x_wconf 86' lang='lat'>«</span> <span class='ocrx_word' id='word_1_260' title='bbox 1521 2645 1642 2709; x_wconf 90' lang='lat' dir='ltr'><strong>Pes</strong></span> <span class='ocrx_word' id='word_1_261' title='bbox 1692 2640 1937 2709; x_wconf 74' lang='lat' dir='ltr'><strong>Christi</strong></span> <span class='ocrx_word' id='word_1_262' title='bbox 1979 2641 2359 2729; x_wconf 70' lang='lat' dir='ltr'><strong>perforatus</strong></span> <span class='ocrx_word' id='word_1_263' title='bbox 2408 2653 2531 2718; x_wconf 91' lang='lat' dir='ltr'><strong>est,</strong></span> 
     </span>
     <span class='ocr_line' id='line_1_28' title="bbox 45 2728 2543 2818; baseline 0.004 -31"><span class='ocrx_word' id='word_1_264' title='bbox 45 2735 92 2788; x_wconf 89' lang='lat' dir='ltr'><strong>et</strong></span> <span class='ocrx_word' id='word_1_265' title='bbox 129 2730 393 2814; x_wconf 85' lang='lat' dir='ltr'><strong>sanguis</strong></span> <span class='ocrx_word' id='word_1_266' title='bbox 439 2730 668 2798; x_wconf 82' lang='lat' dir='ltr'><strong>exivit.</strong></span> <span class='ocrx_word' id='word_1_267' title='bbox 712 2752 745 2795; x_wconf 90' lang='lat'>»</span> <span class='ocrx_word' id='word_1_268' title='bbox 778 2729 1167 2799; x_wconf 82' lang='lat' dir='ltr'><strong>Absciditur</strong></span> <span class='ocrx_word' id='word_1_269' title='bbox 1206 2729 1554 2798; x_wconf 88' lang='lat' dir='ltr'><strong>secundus</strong></span> <span class='ocrx_word' id='word_1_270' title='bbox 1603 2730 1863 2817; x_wconf 81' lang='lat' dir='ltr'><strong>digitus</strong></span> <span class='ocrx_word' id='word_1_271' title='bbox 1916 2729 2109 2818; x_wconf 86' lang='lat' dir='ltr'><strong>pedis</strong></span> <span class='ocrx_word' id='word_1_272' title='bbox 2158 2728 2422 2807; x_wconf 80' lang='lat' dir='ltr'><strong>dextri,</strong></span> <span class='ocrx_word' id='word_1_273' title='bbox 2477 2739 2543 2798; x_wconf 89' lang='lat' dir='ltr'><strong>et</strong></span> 
     </span>
     <span class='ocr_line' id='line_1_29' title="bbox 45 2810 2544 2907; baseline 0.004 -31"><span class='ocrx_word' id='word_1_274' title='bbox 45 2810 151 2878; x_wconf 87' lang='lat' dir='ltr'><strong>ait:</strong></span> <span class='ocrx_word' id='word_1_275' title='bbox 199 2838 230 2880; x_wconf 87' lang='lat'>«</span> <span class='ocrx_word' id='word_1_276' title='bbox 290 2822 578 2907; x_wconf 80' lang='lat' dir='ltr'><strong>Magnus</strong></span> <span class='ocrx_word' id='word_1_277' title='bbox 635 2818 801 2885; x_wconf 86' lang='lat' dir='ltr'><strong>mihi</strong></span> <span class='ocrx_word' id='word_1_278' title='bbox 874 2818 1021 2886; x_wconf 90' lang='lat' dir='ltr'><strong>dies</strong></span> <span class='ocrx_word' id='word_1_279' title='bbox 1069 2830 1168 2886; x_wconf 91' lang='lat' dir='ltr'><strong>est</strong></span> <span class='ocrx_word' id='word_1_280' title='bbox 1232 2818 1343 2886; x_wconf 88' lang='lat' dir='ltr'><strong>hic</strong></span> <span class='ocrx_word' id='word_1_281' title='bbox 1410 2839 1571 2906; x_wconf 88' lang='lat' dir='ltr'><strong>prae</strong></span> <span class='ocrx_word' id='word_1_282' title='bbox 1617 2819 1944 2887; x_wconf 85' lang='lat' dir='ltr'><strong>omnibus</strong></span> <span class='ocrx_word' id='word_1_283' title='bbox 2000 2817 2270 2887; x_wconf 89' lang='lat' dir='ltr'><strong>diebus.</strong></span> <span class='ocrx_word' id='word_1_284' title='bbox 2328 2816 2544 2885; x_wconf 92' lang='lat' dir='ltr'><strong>Hodie</strong></span> 
     </span>
     <span class='ocr_line' id='line_1_30' title="bbox 42 2901 2538 2986; baseline 0.004 -23"><span class='ocrx_word' id='word_1_285' title='bbox 42 2901 188 2969; x_wconf 87' lang='lat' dir='ltr'><strong>enim</strong></span> <span class='ocrx_word' id='word_1_286' title='bbox 235 2904 314 2972; x_wconf 89' lang='lat' dir='ltr'><strong>ad</strong></span> <span class='ocrx_word' id='word_1_287' title='bbox 373 2912 586 2976; x_wconf 88' lang='lat' dir='ltr'><strong>Deum</strong></span> <span class='ocrx_word' id='word_1_288' title='bbox 643 2905 879 2974; x_wconf 87' lang='lat' dir='ltr'><strong>fortem</strong></span> <span class='ocrx_word' id='word_1_289' title='bbox 930 2927 1302 2974; x_wconf 85' lang='lat' dir='ltr'><strong>conversus</strong></span> <span class='ocrx_word' id='word_1_290' title='bbox 1353 2905 1487 2974; x_wconf 92' lang='lat' dir='ltr'><strong>ibo.</strong></span> <span class='ocrx_word' id='word_1_291' title='bbox 1531 2928 1566 2971; x_wconf 86' lang='lat'><strong>»</strong></span> <span class='ocrx_word' id='word_1_292' title='bbox 1618 2906 2071 2975; x_wconf 77' lang='lat' dir='ltr'><strong>Absciderunt</strong></span> <span class='ocrx_word' id='word_1_293' title='bbox 2117 2920 2181 2975; x_wconf 93' lang='lat' dir='ltr'><strong>et</strong></span> <span class='ocrx_word' id='word_1_294' title='bbox 2235 2907 2538 2986; x_wconf 88' lang='lat' dir='ltr'><strong>tertium,</strong></span> 
     </span>
     <span class='ocr_line' id='line_1_31' title="bbox 42 2993 2535 3083; baseline 0.004 -31"><span class='ocrx_word' id='word_1_295' title='bbox 42 3000 89 3054; x_wconf 87' lang='lat' dir='ltr'><strong>et</strong></span> <span class='ocrx_word' id='word_1_296' title='bbox 119 3006 257 3060; x_wconf 88' lang='lat' dir='ltr'><strong>ante</strong></span> <span class='ocrx_word' id='word_1_297' title='bbox 304 2994 534 3083; x_wconf 90' lang='lat' dir='ltr'><strong>ipsum</strong></span> <span class='ocrx_word' id='word_1_298' title='bbox 591 2994 1046 3083; x_wconf 89' lang='lat' dir='ltr'><strong>projecerunt.</strong></span> <span class='ocrx_word' id='word_1_299' title='bbox 1102 3000 1177 3063; x_wconf 92' lang='lat' dir='ltr'><strong>Et</strong></span> <span class='ocrx_word' id='word_1_300' title='bbox 1211 2993 1580 3063; x_wconf 89' lang='lat' dir='ltr'><strong>subridens</strong></span> <span class='ocrx_word' id='word_1_301' title='bbox 1626 2995 1949 3075; x_wconf 81' lang='lat' dir='ltr'><strong>JacobuS,</strong></span> <span class='ocrx_word' id='word_1_302' title='bbox 2004 2994 2213 3064; x_wconf 85' lang='lat' dir='ltr'><strong>dixit:</strong></span> <span class='ocrx_word' id='word_1_303' title='bbox 2257 3018 2293 3061; x_wconf 89' lang='lat'>«</span> <span class='ocrx_word' id='word_1_304' title='bbox 2327 2994 2535 3074; x_wconf 89' lang='lat' dir='ltr'><strong>Vade,</strong></span> 
     </span>
     <span class='ocr_line' id='line_1_32' title="bbox 44 3078 2546 3173; baseline 0.004 -33"><span class='ocrx_word' id='word_1_305' title='bbox 44 3078 197 3147; x_wconf 85' lang='lat' dir='ltr'><strong>tertie</strong></span> <span class='ocrx_word' id='word_1_306' title='bbox 250 3081 457 3171; x_wconf 83' lang='lat' dir='ltr'><strong>digite</strong></span> <span class='ocrx_word' id='word_1_307' title='bbox 509 3083 590 3153; x_wconf 93' lang='lat' dir='ltr'><strong>ad</strong></span> <span class='ocrx_word' id='word_1_308' title='bbox 645 3085 865 3153; x_wconf 88' lang='lat' dir='ltr'><strong>socios</strong></span> <span class='ocrx_word' id='word_1_309' title='bbox 923 3097 1122 3163; x_wconf 87' lang='lat' dir='ltr'><strong>tuos,</strong></span> <span class='ocrx_word' id='word_1_310' title='bbox 1174 3098 1238 3151; x_wconf 88' lang='lat' dir='ltr'><strong>ct</strong></span> <span class='ocrx_word' id='word_1_311' title='bbox 1309 3081 1895 3169; x_wconf 89' lang='lat' dir='ltr'><strong>quemadmodum</strong></span> <span class='ocrx_word' id='word_1_312' title='bbox 1964 3105 2262 3173; x_wconf 87' lang='lat' dir='ltr'><strong>granum</strong></span> <span class='ocrx_word' id='word_1_313' title='bbox 2337 3084 2546 3152; x_wconf 90' lang='lat' dir='ltr'><strong>tritici</strong></span> 
     </span>
     <span class='ocr_line' id='line_1_33' title="bbox 43 3165 2544 3263; baseline 0.004 -33"><span class='ocrx_word' id='word_1_314' title='bbox 43 3165 295 3263; x_wconf 80' lang='lat' dir='ltr'><strong>multum</strong></span> <span class='ocrx_word' id='word_1_315' title='bbox 332 3175 632 3241; x_wconf 78' lang='lat' dir='ltr'><strong>fructum</strong></span> <span class='ocrx_word' id='word_1_316' title='bbox 669 3173 884 3253; x_wconf 79' lang='lat' dir='ltr'><strong>affert,</strong></span> <span class='ocrx_word' id='word_1_317' title='bbox 924 3173 1017 3240; x_wconf 91' lang='lat' dir='ltr'><strong>ita</strong></span> <span class='ocrx_word' id='word_1_318' title='bbox 1048 3186 1113 3241; x_wconf 90' lang='lat' dir='ltr'><strong>et</strong></span> <span class='ocrx_word' id='word_1_319' title='bbox 1162 3186 1232 3240; x_wconf 93' lang='lat' dir='ltr'><strong>tu</strong></span> <span class='ocrx_word' id='word_1_320' title='bbox 1285 3172 1350 3239; x_wconf 92' lang='lat' dir='ltr'><strong>in</strong></span> <span class='ocrx_word' id='word_1_321' title='bbox 1409 3172 1784 3240; x_wconf 88' lang='lat' dir='ltr'><strong>novissimo</strong></span> <span class='ocrx_word' id='word_1_322' title='bbox 1831 3194 1990 3240; x_wconf 89' lang='lat' dir='ltr'><strong>cum</strong></span> <span class='ocrx_word' id='word_1_323' title='bbox 2028 3172 2233 3241; x_wconf 90' lang='lat' dir='ltr'><strong>sociis</strong></span> <span class='ocrx_word' id='word_1_324' title='bbox 2270 3172 2404 3241; x_wconf 88' lang='lat' dir='ltr'><strong>tuis</strong></span> <span class='ocrx_word' id='word_1_325' title='bbox 2436 3193 2544 3239; x_wconf 89' lang='lat' dir='ltr'><strong>re-</strong></span> 
     </span>
     <span class='ocr_line' id='line_1_34' title="bbox 41 3260 2542 3348; baseline 0.004 -30"><span class='ocrx_word' id='word_1_326' title='bbox 41 3270 331 3335; x_wconf 69' lang='lat' dir='ltr'><strong>quiesceS.</strong></span> <span class='ocrx_word' id='word_1_327' title='bbox 378 3284 414 3329; x_wconf 83' lang='lat'><strong>›&gt;</strong></span> <span class='ocrx_word' id='word_1_328' title='bbox 456 3262 848 3331; x_wconf 83' lang='lat' dir='ltr'><strong>Absciditut·</strong></span> <span class='ocrx_word' id='word_1_329' title='bbox 893 3273 1206 3348; x_wconf 80' lang='lat' dir='ltr'><strong>quartu5‚</strong></span> <span class='ocrx_word' id='word_1_330' title='bbox 1246 3273 1309 3329; x_wconf 93' lang='lat' dir='ltr'><strong>et</strong></span> <span class='ocrx_word' id='word_1_331' title='bbox 1357 3260 1495 3329; x_wconf 91' lang='lat' dir='ltr'><strong>ait:</strong></span> <span class='ocrx_word' id='word_1_332' title='bbox 1552 3283 1588 3327; x_wconf 87' lang='lat'>«</span> <span class='ocrx_word' id='word_1_333' title='bbox 1626 3264 1848 3342; x_wconf 89' lang='lat' dir='ltr'><strong>Quare</strong></span> <span class='ocrx_word' id='word_1_334' title='bbox 1898 3261 2111 3330; x_wconf 91' lang='lat' dir='ltr'><strong>tristis</strong></span> <span class='ocrx_word' id='word_1_335' title='bbox 2160 3282 2256 3339; x_wconf 90' lang='lat' dir='ltr'><strong>es,</strong></span> <span class='ocrx_word' id='word_1_336' title='bbox 2301 3261 2542 3328; x_wconf 88' lang='lat' dir='ltr'><strong>anima</strong></span> 
     </span>
     <span class='ocr_line' id='line_1_35' title="bbox 42 3349 2548 3437; baseline 0.001 -25"><span class='ocrx_word' id='word_1_337' title='bbox 42 3359 183 3419; x_wconf 78' lang='lat' dir='ltr'><strong>mea,</strong></span> <span class='ocrx_word' id='word_1_338' title='bbox 215 3360 276 3415; x_wconf 90' lang='lat' dir='ltr'><strong>et</strong></span> <span class='ocrx_word' id='word_1_339' title='bbox 307 3371 523 3434; x_wconf 90' lang='lat' dir='ltr'><strong>quare</strong></span> <span class='ocrx_word' id='word_1_340' title='bbox 568 3350 942 3419; x_wconf 88' lang='lat' dir='ltr'><strong>conturbas</strong></span> <span class='ocrx_word' id='word_1_341' title='bbox 992 3354 1138 3418; x_wconf 72' lang='lat' dir='ltr'><strong>me?</strong></span> <span class='ocrx_word' id='word_1_342' title='bbox 1179 3354 1389 3437; x_wconf 86' lang='lat' dir='ltr'><strong>Spera</strong></span> <span class='ocrx_word' id='word_1_343' title='bbox 1437 3349 1506 3417; x_wconf 90' lang='lat' dir='ltr'><strong>in</strong></span> <span class='ocrx_word' id='word_1_344' title='bbox 1562 3355 1713 3430; x_wconf 86' lang='lat' dir='ltr'><strong>Dec,</strong></span> <span class='ocrx_word' id='word_1_345' title='bbox 1753 3349 2084 3435; x_wconf 88' lang='lat' dir='ltr'><strong>quoniam</strong></span> <span class='ocrx_word' id='word_1_346' title='bbox 2120 3349 2349 3417; x_wconf 86' lang='lat' dir='ltr'><strong>adbuc</strong></span> <span class='ocrx_word' id='word_1_347' title='bbox 2384 3370 2548 3417; x_wconf 87' lang='lat' dir='ltr'><strong>con-</strong></span> 
     </span>
     <span class='ocr_line' id='line_1_36' title="bbox 42 3425 2549 3526; baseline 0.004 -33"><span class='ocrx_word' id='word_1_348' title='bbox 42 3425 245 3502; x_wconf 84' lang='lat' dir='ltr'><strong>fitebor</strong></span> <span class='ocrx_word' id='word_1_349' title='bbox 291 3438 412 3507; x_wconf 91' lang='lat' dir='ltr'><strong>illi.</strong></span> <span class='ocrx_word' id='word_1_350' title='bbox 456 3462 494 3505; x_wconf 88' lang='lat'>»</span> <span class='ocrx_word' id='word_1_351' title='bbox 543 3438 932 3508; x_wconf 80' lang='lat' dir='ltr'><strong>Absciditur</strong></span> <span class='ocrx_word' id='word_1_352' title='bbox 978 3450 1041 3507; x_wconf 93' lang='lat' dir='ltr'><strong>et</strong></span> <span class='ocrx_word' id='word_1_353' title='bbox 1074 3438 1385 3525; x_wconf 78' lang='lat' dir='ltr'><strong>quintuS,</strong></span> <span class='ocrx_word' id='word_1_354' title='bbox 1422 3450 1487 3506; x_wconf 92' lang='lat' dir='ltr'><strong>et</strong></span> <span class='ocrx_word' id='word_1_355' title='bbox 1535 3439 1673 3507; x_wconf 90' lang='lat' dir='ltr'><strong>ait:</strong></span> <span class='ocrx_word' id='word_1_356' title='bbox 1729 3461 1764 3504; x_wconf 89' lang='lat'>«</span> <span class='ocrx_word' id='word_1_357' title='bbox 1808 3443 2001 3507; x_wconf 88' lang='lat' dir='ltr'><strong>Nunc</strong></span> <span class='ocrx_word' id='word_1_358' title='bbox 2052 3437 2382 3526; x_wconf 86' lang='lat' dir='ltr'><strong>incipiam</strong></span> <span class='ocrx_word' id='word_1_359' title='bbox 2437 3436 2549 3504; x_wconf 91' lang='lat' dir='ltr'><strong>di-</strong></span> 
     </span>
     <span class='ocr_line' id='line_1_37' title="bbox 41 3523 2546 3615; baseline 0.003 -32"><span class='ocrx_word' id='word_1_360' title='bbox 41 3534 160 3587; x_wconf 82' lang='lat' dir='ltr'><strong>cere</strong></span> <span class='ocrx_word' id='word_1_361' title='bbox 191 3523 269 3592; x_wconf 91' lang='lat' dir='ltr'><strong>ad</strong></span> <span class='ocrx_word' id='word_1_362' title='bbox 308 3528 695 3607; x_wconf 89' lang='lat' dir='ltr'><strong>Dominum,</strong></span> <span class='ocrx_word' id='word_1_363' title='bbox 731 3527 1061 3614; x_wconf 88' lang='lat' dir='ltr'><strong>quoniam</strong></span> <span class='ocrx_word' id='word_1_364' title='bbox 1096 3526 1387 3615; x_wconf 88' lang='lat' dir='ltr'><strong>dignum</strong></span> <span class='ocrx_word' id='word_1_365' title='bbox 1434 3547 1539 3595; x_wconf 91' lang='lat' dir='ltr'><strong>me</strong></span> <span class='ocrx_word' id='word_1_366' title='bbox 1574 3527 1728 3596; x_wconf 87' lang='lat' dir='ltr'><strong>fecit</strong></span> <span class='ocrx_word' id='word_1_367' title='bbox 1754 3526 2017 3596; x_wconf 87' lang='lat' dir='ltr'><strong>socium</strong></span> <span class='ocrx_word' id='word_1_368' title='bbox 2058 3526 2274 3595; x_wconf 89' lang='lat' dir='ltr'><strong>servis</strong></span> <span class='ocrx_word' id='word_1_369' title='bbox 2309 3525 2481 3594; x_wconf 87' lang='lat' dir='ltr'><strong>suis.</strong></span> <span class='ocrx_word' id='word_1_370' title='bbox 2510 3548 2546 3591; x_wconf 86' lang='lat'>»</span> 
     </span>
     <span class='ocr_line' id='line_1_38' title="bbox 41 3606 2550 3704; baseline 0.005 -35"><span class='ocrx_word' id='word_1_371' title='bbox 41 3606 198 3676; x_wconf 84' lang='lat' dir='ltr'><strong>Tunc</strong></span> <span class='ocrx_word' id='word_1_372' title='bbox 233 3616 627 3685; x_wconf 89' lang='lat' dir='ltr'><strong>accedentes</strong></span> <span class='ocrx_word' id='word_1_373' title='bbox 661 3616 743 3684; x_wconf 90' lang='lat' dir='ltr'><strong>ad</strong></span> <span class='ocrx_word' id='word_1_374' title='bbox 799 3615 1038 3704; x_wconf 87' lang='lat' dir='ltr'><strong>pedem</strong></span> <span class='ocrx_word' id='word_1_375' title='bbox 1083 3616 1470 3695; x_wconf 88' lang='lat' dir='ltr'><strong>sinistrum,</strong></span> <span class='ocrx_word' id='word_1_376' title='bbox 1524 3614 1819 3704; x_wconf 87' lang='lat' dir='ltr'><strong>digitum</strong></span> <span class='ocrx_word' id='word_1_377' title='bbox 1880 3637 2168 3704; x_wconf 86' lang='lat' dir='ltr'><strong>parvum</strong></span> <span class='ocrx_word' id='word_1_378' title='bbox 2229 3614 2550 3683; x_wconf 85' lang='lat' dir='ltr'><strong>abscide-</strong></span> 
     </span>
     <span class='ocr_line' id='line_1_39' title="bbox 42 3702 2550 3793; baseline 0.008 -38"><span class='ocrx_word' id='word_1_379' title='bbox 42 3710 195 3776; x_wconf 87' lang='lat' dir='ltr'><strong>runt,</strong></span> <span class='ocrx_word' id='word_1_380' title='bbox 245 3716 307 3771; x_wconf 92' lang='lat' dir='ltr'><strong>et</strong></span> <span class='ocrx_word' id='word_1_381' title='bbox 352 3702 521 3773; x_wconf 86' lang='lat' dir='ltr'><strong>dixit</strong></span> <span class='ocrx_word' id='word_1_382' title='bbox 574 3705 916 3774; x_wconf 89' lang='lat' dir='ltr'><strong>Jacobus:</strong></span> <span class='ocrx_word' id='word_1_383' title='bbox 973 3724 1007 3769; x_wconf 88' lang='lat'>«</span> <span class='ocrx_word' id='word_1_384' title='bbox 1061 3705 1277 3793; x_wconf 86' lang='lat' dir='ltr'><strong>Digite</strong></span> <span class='ocrx_word' id='word_1_385' title='bbox 1329 3727 1554 3792; x_wconf 90' lang='lat' dir='ltr'><strong>parve,</strong></span> <span class='ocrx_word' id='word_1_386' title='bbox 1593 3703 2013 3773; x_wconf 85' lang='lat' dir='ltr'><strong>confortare:</strong></span> <span class='ocrx_word' id='word_1_387' title='bbox 2072 3703 2236 3788; x_wconf 87' lang='lat' dir='ltr'><strong>quia</strong></span> <span class='ocrx_word' id='word_1_388' title='bbox 2292 3725 2550 3792; x_wconf 90' lang='lat' dir='ltr'><strong>parvus</strong></span> 
     </span>
     <span class='ocr_line' id='line_1_40' title="bbox 41 3791 2548 3883; baseline 0.002 -28"><span class='ocrx_word' id='word_1_389' title='bbox 41 3792 89 3877; x_wconf 61' lang='lat' dir='ltr'><strong>fit</strong></span> <span class='ocrx_word' id='word_1_390' title='bbox 120 3806 395 3883; x_wconf 78' lang='lat' dir='ltr'><strong>magnus</strong></span> <span class='ocrx_word' id='word_1_391' title='bbox 428 3814 642 3861; x_wconf 89' lang='lat' dir='ltr'><strong>unam</strong></span> <span class='ocrx_word' id='word_1_392' title='bbox 693 3793 945 3862; x_wconf 86' lang='lat' dir='ltr'><strong>habent</strong></span> <span class='ocrx_word' id='word_1_393' title='bbox 980 3794 1572 3862; x_wconf 88' lang='lat' dir='ltr'><strong>resurrectionem.</strong></span> <span class='ocrx_word' id='word_1_394' title='bbox 1622 3791 1924 3879; x_wconf 84' lang='lat' dir='ltr'><strong>Capillus</strong></span> <span class='ocrx_word' id='word_1_395' title='bbox 1956 3791 2206 3881; x_wconf 87' lang='lat' dir='ltr'><strong>capitis</strong></span> <span class='ocrx_word' id='word_1_396' title='bbox 2243 3813 2376 3861; x_wconf 93' lang='lat' dir='ltr'><strong>non</strong></span> <span class='ocrx_word' id='word_1_397' title='bbox 2436 3814 2548 3881; x_wconf 93' lang='lat' dir='ltr'><strong>pe-</strong></span> 
     </span>
     <span class='ocr_line' id='line_1_41' title="bbox 42 3869 2553 3969; baseline 0.004 -32"><span class='ocrx_word' id='word_1_398' title='bbox 42 3869 194 3955; x_wconf 75' lang='lat' dir='ltr'><strong>ribit,</strong></span> <span class='ocrx_word' id='word_1_399' title='bbox 230 3894 483 3965; x_wconf 90' lang='lat' dir='ltr'><strong>quanto</strong></span> <span class='ocrx_word' id='word_1_400' title='bbox 521 3882 751 3950; x_wconf 89' lang='lat' dir='ltr'><strong>minus</strong></span> <span class='ocrx_word' id='word_1_401' title='bbox 789 3904 827 3949; x_wconf 91' lang='lat' dir='ltr'><strong>a</strong></span> <span class='ocrx_word' id='word_1_402' title='bbox 879 3881 1082 3949; x_wconf 90' lang='lat' dir='ltr'><strong>sociis</strong></span> <span class='ocrx_word' id='word_1_403' title='bbox 1125 3881 1261 3950; x_wconf 86' lang='lat' dir='ltr'><strong>tuis</strong></span> <span class='ocrx_word' id='word_1_404' title='bbox 1309 3881 1772 3969; x_wconf 78' lang='lat' dir='ltr'><strong>separaberis?</strong></span> <span class='ocrx_word' id='word_1_405' title='bbox 1807 3902 1841 3945; x_wconf 92' lang='lat'>»</span> <span class='ocrx_word' id='word_1_406' title='bbox 1876 3880 2270 3949; x_wconf 81' lang='lat' dir='ltr'><strong>Absciditur</strong></span> <span class='ocrx_word' id='word_1_407' title='bbox 2307 3902 2553 3950; x_wconf 89' lang='lat' dir='ltr'><strong>secun-</strong></span> 
     </span>
     <span class='ocr_line' id='line_1_42' title="bbox 43 3954 2554 4058; baseline 0.006 -36"><span class='ocrx_word' id='word_1_408' title='bbox 43 3954 171 4041; x_wconf 77' lang='lat' dir='ltr'><strong>duS,</strong></span> <span class='ocrx_word' id='word_1_409' title='bbox 208 3981 269 4034; x_wconf 91' lang='lat' dir='ltr'><strong>et</strong></span> <span class='ocrx_word' id='word_1_410' title='bbox 312 3970 612 4038; x_wconf 82' lang='lat' dir='ltr'><strong>Jacobus</strong></span> <span class='ocrx_word' id='word_1_411' title='bbox 644 3971 778 4039; x_wconf 90' lang='lat' dir='ltr'><strong>ait:</strong></span> <span class='ocrx_word' id='word_1_412' title='bbox 819 3992 853 4036; x_wconf 84' lang='lat'>«</span> <span class='ocrx_word' id='word_1_413' title='bbox 891 3970 1221 4038; x_wconf 90' lang='lat' dir='ltr'><strong>Destruite</strong></span> <span class='ocrx_word' id='word_1_414' title='bbox 1258 3982 1545 4038; x_wconf 88' lang='lat' dir='ltr'><strong>veterem</strong></span> <span class='ocrx_word' id='word_1_415' title='bbox 1583 3969 1894 4047; x_wconf 85' lang='lat' dir='ltr'><strong>domum,</strong></span> <span class='ocrx_word' id='word_1_416' title='bbox 1926 3968 2088 4054; x_wconf 89' lang='lat' dir='ltr'><strong>quia</strong></span> <span class='ocrx_word' id='word_1_417' title='bbox 2125 3968 2554 4058; x_wconf 87' lang='lat' dir='ltr'><strong>splendidior</strong></span> 
     </span>
     <span class='ocr_line' id='line_1_43' title="bbox 44 4057 2553 4137; baseline 0.003 -21"><span class='ocrx_word' id='word_1_418' title='bbox 44 4064 307 4129; x_wconf 79' lang='lat' dir='ltr'><strong>paratur.</strong></span> <span class='ocrx_word' id='word_1_419' title='bbox 352 4080 387 4122; x_wconf 87' lang='lat'>»</span> <span class='ocrx_word' id='word_1_420' title='bbox 437 4058 828 4129; x_wconf 77' lang='lat' dir='ltr'><strong>Absciditur</strong></span> <span class='ocrx_word' id='word_1_421' title='bbox 879 4059 1137 4137; x_wconf 89' lang='lat' dir='ltr'><strong>tertius,</strong></span> <span class='ocrx_word' id='word_1_422' title='bbox 1193 4071 1258 4126; x_wconf 93' lang='lat' dir='ltr'><strong>et</strong></span> <span class='ocrx_word' id='word_1_423' title='bbox 1304 4058 1431 4127; x_wconf 87' lang='lat' dir='ltr'><strong>ait:</strong></span> <span class='ocrx_word' id='word_1_424' title='bbox 1487 4079 1523 4121; x_wconf 90' lang='lat'>«</span> <span class='ocrx_word' id='word_1_425' title='bbox 1555 4057 2042 4127; x_wconf 88' lang='lat' dir='ltr'><strong>.Tunsionibus</strong></span> <span class='ocrx_word' id='word_1_426' title='bbox 2092 4057 2413 4126; x_wconf 87' lang='lat' dir='ltr'><strong>firmatur</strong></span> <span class='ocrx_word' id='word_1_427' title='bbox 2444 4058 2553 4124; x_wconf 92' lang='lat' dir='ltr'><strong>in-</strong></span> 
     </span>
     <span class='ocr_line' id='line_1_44' title="bbox 42 4145 2542 4236; baseline 0.006 -38"><span class='ocrx_word' id='word_1_428' title='bbox 42 4150 165 4203; x_wconf 82' lang='lat' dir='ltr'><strong>cus,</strong></span> <span class='ocrx_word' id='word_1_429' title='bbox 203 4163 234 4205; x_wconf 82' lang='lat'><strong>»</strong></span> <span class='ocrx_word' id='word_1_430' title='bbox 265 4146 650 4216; x_wconf 79' lang='lat' dir='ltr'><strong>Absciditur</strong></span> <span class='ocrx_word' id='word_1_431' title='bbox 698 4162 760 4217; x_wconf 93' lang='lat' dir='ltr'><strong>et</strong></span> <span class='ocrx_word' id='word_1_432' title='bbox 837 4161 1099 4236; x_wconf 73' lang='lat' dir='ltr'><strong>uartus,</strong></span> <span class='ocrx_word' id='word_1_433' title='bbox 1135 4159 1201 4215; x_wconf 89' lang='lat' dir='ltr'><strong>et</strong></span> <span class='ocrx_word' id='word_1_434' title='bbox 1234 4146 1363 4214; x_wconf 86' lang='lat' dir='ltr'><strong>ait:</strong></span> <span class='ocrx_word' id='word_1_435' title='bbox 1404 4169 1439 4211; x_wconf 88' lang='lat'>«</span> <span class='ocrx_word' id='word_1_436' title='bbox 1474 4145 1786 4214; x_wconf 84' lang='lat' dir='ltr'><strong>Consorta</strong></span> <span class='ocrx_word' id='word_1_437' title='bbox 1827 4167 1958 4225; x_wconf 90' lang='lat' dir='ltr'><strong>me,</strong></span> <span class='ocrx_word' id='word_1_438' title='bbox 2004 4150 2181 4215; x_wconf 91' lang='lat' dir='ltr'><strong>Deus</strong></span> <span class='ocrx_word' id='word_1_439' title='bbox 2220 4145 2542 4223; x_wconf 80' lang='lat' dir='ltr'><strong>veritatiS,</strong></span> 
     </span>
     <span class='ocr_line' id='line_1_45' title="bbox 43 4229 2551 4321; baseline 0.003 -29"><span class='ocrx_word' id='word_1_440' title='bbox 43 4229 334 4318; x_wconf 69' lang='lat' dir='ltr'><strong>quoniam</strong></span> <span class='ocrx_word' id='word_1_441' title='bbox 385 4234 452 4302; x_wconf 93' lang='lat' dir='ltr'><strong>in</strong></span> <span class='ocrx_word' id='word_1_442' title='bbox 506 4248 567 4304; x_wconf 90' lang='lat' dir='ltr'><strong>te</strong></span> <span class='ocrx_word' id='word_1_443' title='bbox 615 4235 793 4304; x_wconf 78' lang='lat' dir='ltr'><strong>consi</strong></span> <span class='ocrx_word' id='word_1_444' title='bbox 852 4236 899 4302; x_wconf 90' lang='lat' dir='ltr'><strong>it</strong></span> <span class='ocrx_word' id='word_1_445' title='bbox 951 4238 1181 4303; x_wconf 88' lang='lat' dir='ltr'><strong>anima</strong></span> <span class='ocrx_word' id='word_1_446' title='bbox 1237 4257 1409 4303; x_wconf 86' lang='lat' dir='ltr'><strong>mea.</strong></span> <span class='ocrx_word' id='word_1_447' title='bbox 1472 4256 1507 4299; x_wconf 88' lang='lat'>»</span> <span class='ocrx_word' id='word_1_448' title='bbox 1551 4232 1941 4303; x_wconf 78' lang='lat' dir='ltr'><strong>Absciditur</strong></span> <span class='ocrx_word' id='word_1_449' title='bbox 1986 4246 2050 4302; x_wconf 91' lang='lat' dir='ltr'><strong>et</strong></span> <span class='ocrx_word' id='word_1_450' title='bbox 2098 4234 2433 4321; x_wconf 79' lang='lat' dir='ltr'><strong>quintuS,</strong></span> <span class='ocrx_word' id='word_1_451' title='bbox 2487 4243 2551 4300; x_wconf 92' lang='lat' dir='ltr'><strong>et</strong></span> 
     </span>
     <span class='ocr_line' id='line_1_46' title="bbox 44 4320 2515 4417; baseline 0.006 -44"><span class='ocrx_word' id='word_1_452' title='bbox 44 4323 147 4378; x_wconf 76' lang='lat' dir='ltr'><strong>ait:</strong></span> <span class='ocrx_word' id='word_1_453' title='bbox 182 4339 213 4382; x_wconf 82' lang='lat'>«</span> <span class='ocrx_word' id='word_1_454' title='bbox 256 4324 419 4390; x_wconf 89' lang='lat' dir='ltr'><strong>Ecce</strong></span> <span class='ocrx_word' id='word_1_455' title='bbox 455 4323 605 4403; x_wconf 88' lang='lat' dir='ltr'><strong>tibi,</strong></span> <span class='ocrx_word' id='word_1_456' title='bbox 652 4322 954 4401; x_wconf 88' lang='lat' dir='ltr'><strong>Domine,</strong></span> <span class='ocrx_word' id='word_1_457' title='bbox 998 4323 1279 4391; x_wconf 87' lang='lat' dir='ltr'><strong>vicesies</strong></span> <span class='ocrx_word' id='word_1_458' title='bbox 1313 4321 1655 4390; x_wconf 90' lang='lat' dir='ltr'><strong>immolor.</strong></span> <span class='ocrx_word' id='word_1_459' title='bbox 1696 4345 1730 4387; x_wconf 87' lang='lat'>»</span> <span class='ocrx_word' id='word_1_460' title='bbox 2146 4320 2162 4336; x_wconf 76' lang='lat'><em>⁶</em></span> <span class='ocrx_word' id='word_1_461' title='bbox 2433 4406 2444 4417; x_wconf 28' lang='lat'><strong>⁹</strong></span> <span class='ocrx_word' id='word_1_462' title='bbox 2504 4406 2515 4417; x_wconf 37' lang='lat'><em>-</em></span> 
     </span>
    </p>

    <p class='ocr_par' dir='ltr' id='par_1_4' title="bbox 114 4402 2549 4497">
     <span class='ocr_line' id='line_1_47' title="bbox 114 4402 2549 4497; baseline -0.002 -21"><span class='ocrx_word' id='word_1_463' title='bbox 114 4402 264 4485; x_wconf 61' lang='lat' dir='ltr'><strong>§ti</strong></span> <span class='ocrx_word' id='word_1_464' title='bbox 317 4414 501 4480; x_wconf 88' lang='lat' dir='ltr'><strong>Tunc</strong></span> <span class='ocrx_word' id='word_1_465' title='bbox 554 4410 976 4487; x_wconf 88' lang='lat' dir='ltr'><strong>accedentes,</strong></span> <span class='ocrx_word' id='word_1_466' title='bbox 1040 4411 1277 4497; x_wconf 88' lang='lat' dir='ltr'><strong>pedem</strong></span> <span class='ocrx_word' id='word_1_467' title='bbox 1337 4409 1650 4478; x_wconf 83' lang='lat' dir='ltr'><strong>dextrum</strong></span> <span class='ocrx_word' id='word_1_468' title='bbox 1728 4408 2219 4487; x_wconf 81' lang='lat' dir='ltr'><strong>absciderunt:</strong></span> <span class='ocrx_word' id='word_1_469' title='bbox 2266 4416 2331 4476; x_wconf 91' lang='lat' dir='ltr'><strong>et</strong></span> <span class='ocrx_word' id='word_1_470' title='bbox 2379 4405 2549 4474; x_wconf 80' lang='lat' dir='ltr'><strong>dixit</strong></span> 
     </span>
    </p>
   </div>
  </div>
 </body>
</html>
