2993 4837
78 318 217 385 Nor.
265 319 301 381 4
865 337 941 381 nn
990 336 1044 382 s.
1100 334 1338 383 cAaoLo
1388 335 1721 382 noaaoueo
1939 301 1948 320 ¹
2354 320 2463 384 ν164

76 437 122 490 et
157 420 290 489 aliis
335 419 788 490 vicinioribus
836 419 1005 490 locis
1053 419 1287 490 eadem
1330 420 1736 509 contagione
1788 421 2060 489 tentatis
2109 420 2272 489 certi
2328 423 2566 492 nuncii

74 508 479 579 Jediotanum
545 508 739 578 allati
801 522 1050 589 essent,
1113 508 1617 596 providendum
1669 509 1850 577 enim
1904 509 2384 580 existimarunt
2434 515 2567 579 Ma-

72 599 387 687 gistratuS,
445 619 532 666 ne
596 599 755 683 quis
802 597 871 665 in
924 597 1163 667 urbem
1237 597 1754 679 admitteretur,
1813 597 1945 667 nisi
1996 599 2333 688 scriptum
2389 600 2570 669 testi·
2631 681 2634 686 ‚

72 686 328 756 monium
378 687 678 765 afferret,
734 708 853 767 se,
909 686 1273 774 locumque
1323 687 1506 756 unde
1558 687 1858 767 veniret,
1915 687 2124 776 pestis
2174 688 2571 777 suspicione

75 797 275 855 carere,
316 774 495 863 quod
532 776 605 844 in
644 789 864 844 tantae
916 775 1380 845 multitudinis
1429 787 1769 845 conventu
1804 774 1953 844 fieri
1995 797 2130 845 non
2170 788 2451 864 poterat.
2493 779 2572 848 Id

76 865 332 952 quamvis
379 863 621 935 Carolo
669 886 749 933 ex
783 866 969 933 omni
1008 878 1196 953 parte
1238 887 1373 933 non
1410 864 1727 954 placeret,
1768 864 1879 933 cui
1918 864 2301 952 periculum
2338 865 2569 937 adhuc

79 953 259 1022 minus
302 951 686 1034 videbatur,
721 975 928 1039 quam
967 965 1041 1022 ut
1077 953 1207 1043 piis
1243 954 1520 1044 populis
1557 953 1838 1033 vicinis,=
1881 953 2274 1041 civitatique
2310 967 2564 1038 tantuS,

76 1051 297 1128 tamque
340 1041 670 1112 salutaris
716 1042 982 1131 pietatis
1031 1042 1294 1112 fructus
1343 1041 1558 1111 adimi
1625 1042 1932 1122 deberet,
1993 1065 2126 1112 non
2183 1043 2423 1112 restitit
2472 1059 2569 1115 ta·

44 1150 240 1212 rmen,
285 1130 397 1200 sed
464 1130 893 1217 reliquorum
947 1131 1224 1200 utilitati
1272 1131 1644 1201 consulens
1703 1131 2090 1212 concessit,
2162 1146 2236 1201 ut
2284 1132 2354 1200 in
2404 1155 2569 1225 agro

74 1239 290 1306 quoque
330 1219 599 1289 Jubilei
640 1219 1051 1290 beneficium
1103 1221 1432 1307 consequi
1483 1233 1761 1311 possent
1768 1273 1901 1288 .....

147 1309 333 1395 582.
387 1308 516 1378 Sed
585 1308 962 1379 revocanda
1036 1309 1250 1379 oratio
1314 1321 1415 1378 est
1477 1308 1563 1378 ad
1618 1308 2095 1379 translationes
2163 1322 2565 1380 sanctorum

83 1416 381 1486 corporum
434 1397 876 1476 referendas,
932 1398 1187 1485 quibus
1249 1398 1503 1467 Jubilei
1550 1397 1910 1467 celebritas
1972 1398 2168 1467 valde
2226 1398 2568 1470 illustrata

78 1481 192 1565 fuit,
231 1486 581 1574 animique
630 1486 1020 1575 religiosius
1053 1487 1138 1555 ad
1174 1486 1417 1557 salutis
1456 1509 1623 1557 suae
1652 1487 2005 1577 negotium
2048 1488 2561 1577 procurandum

44 1576 426 1664 praeparati.
485 1580 677 1645 Inter
709 1575 841 1645 alia
890 1575 1134 1645 salutis
1181 1575 1623 1657 ad'umenta,
1686 1597 1862 1662 quae
1911 1576 2191 1648 Carolus
2240 1577 2568 1648 ecclesiae

44 1681 201 1742 ,suae
242 1678 455 1753 posset
504 1665 775 1745 afferre,
823 1664 994 1734 illud
1032 1679 1174 1733 erat
1212 1599 1413 1754 pilane
1448 1687 1805 1755 magnum,
1846 1667 2196 1736 beatorum
2233 1667 2558 1748 virorum,

44 1771 311 1842 gquorum
360 1753 682 1841 reliquiis
731 1753 1163 1843 locupletata,
1216 1767 1593 1841 ornataque
1640 1766 1822 1834 erat,
1885 1756 2287 1824 memoriam
2340 1756 2569 1825 redin-

44 1842 306 1929 'legrari:
360 1855 434 1912 ut
476 1843 799 1923 excitata,
849 1842 946 1911 vel
1001 1854 1319 1912 renovata
1376 1863 1537 1932 erga
1602 1855 1850 1932 patreS,
1901 1857 2357 1933 patronosque
2407 1867 2569 1915 suos

145 1928 266 2019 puli
313 1931 589 2019 pietate,
630 1944 860 2002 nosset
909 1932 975 1999 In
1026 1943 1394 2021 posterum,
1437 1931 1768 2017 velletque
1802 1931 1884 1999 ad
1937 1954 2172 2001 eorum
2206 1933 2574 2024 confugere

110 2019 437 2089 raesidium
485 2020 561 2088 in
605 2021 1115 2091 calamitatibus
1158 2021 1335 2103 suis;
1373 2042 1581 2107 quam
1624 2019 1708 2088 ad
1745 2041 1912 2114 rem.
1949 2020 2104 2090 licet
2138 2042 2272 2090 nou
2327 2045 2570 2113 parum

72 2189 85 2202 ·
138 2106 309 2177 luerit
353 2109 625 2197 aliquid
664 2131 742 2178 ex
790 2130 1027 2178 eorum
1081 2109 1365 2179 historia
1408 2108 1786 2178 delibatum
1837 2108 2059 2190 edere,
2114 2110 2297 2197 quod
2350 2112 2418 2179 in
2462 2134 2572 2181 ec-

184 2196 381 2266 'arum
461 2198 647 2267 libro
696 2197 947 2266 sactum
999 2211 1144 2278 est,
1202 2198 1498 2267 maxime
1547 2211 1773 2266 tamen
1840 2211 2305 2287 opportunum
2378 2212 2563 2280 erat,

78 2279 217 2372 ipsas
260 2299 661 2363 sanctorum
701 2286 1025 2374 reliquias
1067 2288 1135 2355 in
1164 2300 1474 2375 apertum
1530 2286 1850 2376 proferre,
1893 2285 2184 2355 solemni
2234 2287 2572 2358 Ecclesiae

62 2391 277 2464 ‚pompa
324 2397 515 2446 more
566 2376 902 2477 maj0rum
956 2375 1421 2456 circumferre,
1460 2375 1713 2465 populo
1755 2375 1887 2466 ipsi
1937 2388 2092 2445 ante
2132 2377 2368 2446 oculos
2422 2399 2572 2467 pro-

70 2481 295 2551 ponere.
367 2470 533 2553 Ejus
599 2487 695 2533 rei
744 2465 988 2535 idonea
1037 2465 1151 2534 illa
1207 2467 1348 2534 visa
1395 2479 1494 2533 est
1542 2460 1849 2545 occasiO,
1904 2465 2125 2551 quod,
2181 2478 2256 2534 ut
2304 2465 2567 2548 altaria,

44 2548 330 2638 ¹aliaeque
394 2554 852 2647 ecclesiarum
920 2569 1168 2644 parteS,
1223 2553 1805 2642 quemadmodum
1882 2553 2225 2644 plerisque
2291 2554 2356 2622 in
2410 2555 2574 2625 locis

44 2640 246 2763 learoli
284 2656 592 2734 tempore
643 2643 894 2712 sactum
946 2657 1069 2723 est,
1130 2644 1723 2724 instaurarentur,
1781 2642 1947 2712 locis
1995 2645 2142 2712 suis
2194 2666 2422 2713 sacras
2474 2667 2573 2713 re-

44 2722 277 2843 *liquias
324 2753 604 2802 movere
654 2754 927 2802 necesse
978 2731 1126 2800 suit.
1167 2732 1459 2801 Omnino
1513 2745 1709 2821 turpe
1751 2745 1915 2813 erat,
1960 2732 2291 2823 populum
2328 2732 2575 2803 Medio-

44 2810 369 2903 glanensem
434 2821 785 2911 plurimos
850 2834 1154 2910 pastores
1204 2820 1496 2894 babere.
1554 2841 1847 2908 quorum
1908 2823 2234 2891 sanctitas
2301 2822 2575 2912 publice

44 2902 305 3047 'tolitun
360 2910 626 2979 multos
660 2910 816 2978 item
858 2910 1104 2979 Christi
1155 2910 1463 2997 insignes
1515 2923 1872 2998 martyreS,
1931 2909 2280 2999 praeclara
2339 2912 2575 2981 civita-

44 3050 49 3081 ,
92 3000 197 3063 lum
230 2999 597 3087 praesidia,
654 3021 949 3085 quorum
991 2998 1245 3067 nedum
1281 3019 1477 3087 opem
1520 2997 1927 3084 frequenter,
1983 3011 2057 3067 ut
2096 2999 2405 3079 debebat,
2445 3000 2576 3069 im-

92 3076 315 3166 ploraret
366 3087 842 3177 reliquiasque
879 3100 1335 3166 veneraretur,
1406 3086 1524 3155 sed
1565 3110 1644 3156 ne
1689 3087 2086 3155 memoriam
2121 3088 2398 3173 quidem
2439 3089 2575 3157 sere

88 3178 295 3243 teneret.
351 3180 760 3266 Opportune
794 3198 971 3256 vero,
1017 3188 1103 3255 et,
1160 3189 1231 3243 ut
1280 3175 1571 3256 videtur,
1625 3174 1998 3254 divinitus,
2055 3176 2336 3246 Carolus
2392 3176 2568 3258 fecit,

80 3269 152 3338 ut,
194 3283 261 3332 ea
289 3265 486 3334 clade
538 3265 792 3334 civitati
839 3264 1299 3354 impendente,
1332 3265 1415 3333 de
1455 3286 1591 3351 qua
1631 3263 1833 3353 paulo
1871 3277 2018 3354 post
2052 3263 2386 3341 dicemus,
2430 3280 2574 3334 tum

44 3347 279 3443 {lubilei
320 3354 437 3422 reli
504 3354 698 3433 ione,
755 3367 897 3423 tum
953 3353 1296 3423 voluntate
1358 3354 1425 3421 in
1479 3353 1800 3429 coelestes
1875 3365 2195 3442 patronos
2256 3374 2418 3421 suos
2472 3354 2577 3440 pie

44 3378 556 3524 bussanimanffa,
607 3443 870 3531 plebem
924 3441 1494 3511 Mediolanensem
1556 3442 1636 3510 ad
1702 3441 2089 3510 animorum
2155 3441 2571 3523 castitatem,

44 3523 499 3621 {salutariaque
564 3531 789 3600 studia
842 3545 1201 3612 exerceret,
1255 3553 1391 3618 quo
1443 3531 1675 3599 minus
1723 3529 1996 3599 coelesti
2064 3529 2413 3599 domicilio
2474 3530 2579 3598 in-

44 3609 253 3702 digni,
303 3622 683 3710 migrantes
731 3644 809 3690 ex
858 3620 984 3688 hac
1036 3620 1169 3688 vita
1222 3622 1704 3709 reperirentur.
1745 3623 1953 3706 Atque
1994 3620 2136 3707 jam
2175 3633 2330 3687 ante
2361 3641 2578 3690 annos

44 3704 358 3793 ¹{quinque
412 3711 546 3780 hoc
595 3723 695 3779 est
752 3708 1076 3799 postridie
1128 3731 1342 3777 nonas
1385 3714 1564 3796 Sept.
1619 3732 1872 3787 uanx1,
1931 3721 2202 3777 sanctas
2255 3707 2579 3794 reliquias

44 3806 356 3877 ssmoverat,
410 3810 477 3868 et
528 3811 1031 3889 recognoverat,
1075 3820 1248 3884 quas
1298 3797 1584 3865 Basilica
1636 3797 1799 3865 olim
1852 3809 2244 3867 sanctorum
2297 3796 2580 3867 Naboris

44 3891 125 3945 >et
154 3883 397 3967 Felicis,
459 3909 649 3957 nune
708 3887 926 3958 sancti
999 3887 1343 3955 Francisci
1404 3886 1646 3954 habet:
1719 3885 1833 3955 sed
1887 3889 2035 3955 sine
2082 3908 2160 3954 eo
2219 3900 2577 3975 apparatu,

44 4050 45 4053 Ἴ
79 3986 243 4051 quem
278 3990 505 4063 postea
532 3976 858 4063 antiquae
894 3976 1162 4066 pietatis
1185 3998 1333 4045 esse
1358 3975 1866 4054 animadvertit,
1893 3989 1956 4044 et
1991 3974 2073 4042 ad
2131 3973 2278 4062 pios
2313 3976 2582 4045 animos

44 4118 47 4123 .
82 4073 270 4128 sancte
302 4067 832 4136 commovendos
861 4064 1482 4137 accommodatum.
1533 4063 1857 4149 reliquias
1897 4062 2194 4150 Apostoli
2237 4065 2583 4135 Barnabae

44 4149 410 4221 &nonnullas
459 4176 502 4221 a
552 4154 800 4224 sacello
834 4177 981 4235 suo,
1026 4168 1405 4243 martyrum
1461 4153 1756 4225 Naboris
1787 4165 1849 4219 et
1901 4150 2163 4229 Felicis,
2215 4153 2351 4241 Caji
2396 4155 2577 4233 item,

44 4236 131 4309 {et
170 4238 433 4310 Materni
484 4242 883 4311 Praesulum
958 4240 1614 4319 Blediolarieiisium,
1669 4263 1706 4307 a
1766 4240 1987 4327 capite
2049 4238 2395 4321 ecclesiae,
2463 4244 2585 4312 ubi

44 4319 256 4393 altare
296 4331 523 4419 majus
592 4345 779 4413 erat,
832 4333 911 4400 ad
988 4332 1214 4401 locum
1294 4328 1680 4409 transtulit,
1737 4327 1852 4397 ubi
1907 4349 2089 4395 nunc
2153 4327 2317 4397 illud
2375 4334 2582 4398 situm

44 4430 45 4437 ’
92 4422 194 4493 est;
240 4415 401 4489 alias
443 4420 859 4508 recognovit,
904 4435 966 4490 et
1016 4422 1159 4490 suis
1215 4418 1381 4487 locis
1433 4417 1728 4504 reliquit,
1779 4428 2157 4505 martyrum
2215 4418 2477 4501 Felicis,
2523 4429 2585 4484 et

209 4536 434 4594 Sui-ius
464 4566 488 4583 -
532 4536 707 4597 Vitae
734 4535 830 4599 SS.
874 4572 894 4583 -
929 4537 1058 4600 Vol.
1090 4536 1191 4599 Xl.
2360 4534 2424 4591 Η
