2993 4837
522 338 649 403 372
1301 357 1380 402 na·
1429 357 1484 403 s.
1540 355 1869 403 ‘runonono
1918 357 2107 402 araur.
2695 337 2855 403 NOV.
2899 344 2931 401 9

433 451 799 530 tempestas
850 441 957 521 sit,
995 462 1131 527 quo
1178 440 1459 527 quidem
1519 453 1824 530 tempore
1878 454 1942 509 et
1984 441 2159 510 bella
2202 443 2593 528 quiescunt,
2629 455 2688 509 et
2732 442 2927 509 omnia

433 529 685 600 milites
726 551 918 598 arma
948 528 1328 619 deponunt,
1367 542 1433 598 et
1487 530 1571 599 ad
1620 528 1887 598 fumum
1946 543 2191 599 nautae
2240 529 2701 620 gubernacula
2764 530 2930 598 recli—

431 632 620 698 nant,
660 630 723 687 et
763 617 1112 707 agriculae
1159 619 1366 688 boves
1407 633 1709 688 aratores
1757 619 1826 686 in
1870 618 2142 688 stabulo
2180 620 2613 705 quiescentes
2643 618 2864 687 alunt?

518 710 553 795 ξ
597 713 683 777 2.
725 713 814 776 Ex
851 706 1269 777 militaribus
1305 706 1603 796 profecto
1646 707 2164 777 recensionibus
2207 707 2369 777 tuba
2404 708 2651 776 cecinit
2690 720 2932 776 sanctus

430 801 705 885 Martyr‚
749 795 1137 883 multosque
1170 795 1457 866 diversis
1510 818 1546 864 e
1598 796 1837 885 patriis
1884 796 1969 864 ad
2026 796 2373 886 propriam
2425 796 2677 883 quietis
2735 795 2929 863 sedem

431 896 495 952 et
543 884 825 953 domum
891 887 1328 965 convocavit,
1389 907 1521 953 non
1575 884 1662 952 ad
1722 883 2037 953 bellicam
2089 886 2387 954 invitans
2436 884 2925 973 expeditionem.

430 972 544 1043 sed
598 973 680 1041 ad
715 973 1192 1043 dulcissimam
1230 974 1773 1059 christianisque
1821 974 2118 1042 maxime
2147 974 2663 1043 convenientem
2705 996 2928 1062 pacem.

429 1062 796 1141 Hic'enim,
841 1076 916 1131 ut
962 1062 1333 1143 credimuS,
1379 1075 1443 1131 et
1491 1083 1675 1130 anno
1717 1063 2071 1151 superiore
2120 1064 2571 1132 barbarorum
2611 1075 2930 1151 tempesta-

431 1163 563 1219 tem
608 1150 889 1231 sedavit,
926 1164 989 1220 et
1022 1152 1351 1222 horribile
1401 1151 1814 1220 immanium
1862 1151 2269 1241 Scytharum
2322 1150 2579 1220 bellum
2624 1172 2932 1240 compres-

435 1240 546 1319 sit,
603 1261 877 1327 gravem
942 1241 1137 1329 ipsiS,
1203 1240 1322 1328 qui
1385 1240 1531 1329 jam
1575 1241 1862 1329 jamque
1920 1240 2482 1330 appropinquare
2533 1239 2926 1309 videbantur.

435 1340 758 1396 terrorem
826 1328 1193 1407 incutienS‚
1250 1351 1383 1398 non
1436 1327 1633 1417 galea
1672 1329 1974 1410 cristata,
2035 1351 2158 1398 nec
2206 1330 2378 1399 bene
2425 1342 2710 1398 exacuto
2770 1326 2929 1396 etad

433 1415 642 1485 solem
697 1415 1000 1516 fulgente
1048 1416 1328 1507 gladio,
1386 1416 1505 1486 sed
1568 1416 1904 1486 malorum
1957 1417 2335 1507 expultrice
2381 1417 2934 1507 omnipotentique

434 1508 643 1573 Cruce
684 1504 975 1585 Christi,
1039 1527 1159 1594 pro
1207 1528 1345 1593 quo
1393 1506 1595 1575 etiam
1658 1506 1805 1595 ipse
1856 1519 2142 1575 mortem
2193 1519 2565 1597 oppetenS,
2614 1505 2787 1574 hanc
2833 1504 2931 1573 sibi

432 1592 719 1683 gloriam
772 1595 1216 1682 comparavit.
2962 1610 2963 1613 ’

520 1684 554 1768 ξ
603 1687 693 1753 3.
747 1687 1009 1764 Quaeso
1057 1696 1283 1752 autem
1337 1705 1475 1761 vos,
1514 1682 1635 1769 qui
1686 1704 1900 1773 purae
1939 1683 2154 1771 hujus
2207 1682 2622 1752 celebritatis
2675 1682 2929 1751 ministri

430 1771 616 1850 estis,
656 1784 718 1838 et
769 1775 1142 1859 Martyrum
1187 1772 1505 1850 studiosi,
1550 1784 1627 1840 ut
1676 1783 1966 1840 attentos
2017 1772 2187 1840 mihi
2226 1772 2624 1861 praebentes
2672 1772 2926 1843 animos.

430 1858 903 1939 considerem,
943 1872 1278 1946 quantum
1318 1860 1492 1928 lucri
1528 1866 1771 1929 ‚Iustus
1805 1860 1917 1929 hic
1952 1859 2206 1941 fecerit,
2238 1873 2633 1947 quantaque
2668 1859 2929 1949 praemia

432 1948 519 2017 sit
567 1948 635 2015 in
689 1947 839 2028 hoc,
881 1949 1188 2036 inquam,
1231 1948 1493 2018 mundo
1542 1960 1605 2017 et
1652 1948 1839 2038 apud
1895 1970 2017 2018 nos
2063 1962 2444 2019 assecutus.
2493 1954 2742 2018 Eorum
2783 1950 2925 2017 enim

431 2037 924 2127 praemiorum,
960 2060 1135 2125 quae
1164 2059 1297 2106 non
1336 2051 1738 2118 cernuntur,
1770 2038 2315 2127 magnitudinem
2346 2037 2580 2106 animo
2611 2036 2925 2127 complecti

431 2125 668 2194 nullus
708 2140 946 2214 potest.
993 2132 1296 2213 Cumque
1349 2126 1619 2214 pietatis
1663 2126 1961 2195 fructum
1998 2127 2475 2217 cognoveritis,
2515 2126 2811 2205 illorum,
2843 2125 2924 2211 qui

431 2216 529 2283 sic
571 2214 882 2284 honorati
934 2228 1118 2296 sunt,
1163 2228 1454 2284 mentem
1505 2215 1890 2295 imitemini,
1937 2237 2151 2303 eaque
2201 2237 2489 2284 munera
2523 2216 2927 2303 concupisca-

431 2304 540 2383 tis,
595 2325 771 2390 quae
820 2304 1128 2373 Christus
1175 2303 1600 2373 certantibus
1650 2325 1772 2391 pro
1819 2304 2157 2392 cujusque
2211 2305 2544 2405 dignitate
2593 2302 2921 2373 distribuit.

430 2397 541 2473 Ac,
583 2393 640 2461 si
691 2391 980 2474 videtur,
1020 2393 1183 2461 dum
1229 2415 1266 2463 a
1309 2392 1562 2462 futuris
1612 2392 1749 2462 illis
1806 2393 2028 2474 bonis,
2066 2415 2243 2480 quae
2283 2394 2493 2483 Justis
2546 2392 2920 2463 hominibus.

428 2480 644 2550 donec
698 2482 1039 2551 humanae
1080 2484 1253 2551 vitae
1291 2482 1505 2572 judex
1554 2481 1893 2561 adveniat,
1948 2505 2106 2572 spes
2163 2485 2339 2552 bona
2396 2497 2775 2562 conservat,
2814 2502 2922 2572 per·

429 2568 740 2640 fruendis
774 2571 1064 2658 sejuncti
1108 2593 1376 2652 sumus,
1418 2593 1625 2657 quam
1674 2570 2069 2659 praeclarus
2102 2585 2166 2639 et
2202 2571 2620 2662 magnificus
2664 2573 2749 2640 sit
2781 2591 2921 2661 prae·

431 2680 589 2727 sens
624 2672 1018 2728 sanctorum
1057 2673 1272 2729 status
1305 2673 1369 2729 et
1401 2659 1727 2739 conditio,
1762 2660 2303 2729 consideremus.

519 2749 554 2832 §
602 2752 685 2818 4.
733 2748 1016 2815 Animus
1066 2750 1249 2816 enim
1288 2746 1370 2816 ad
1427 2749 1742 2836 proprias
1803 2770 2115 2818 reversus
2170 2748 2386 2828 sedeS‚
2432 2760 2498 2816 et
2545 2770 2823 2838 corpore
2851 2769 2921 2812 va·

428 2856 618 2915 canS,
651 2856 808 2903 cum
847 2836 956 2903 sui
983 2836 1332 2905 similibus
1369 2836 1566 2905 vivit:
1607 2859 1860 2926 corpus
1909 2848 2133 2905 autem
2172 2851 2435 2906 castum
2471 2850 2535 2906 et
2571 2837 2919 2906 inviolatum

427 2922 578 3011 ejus
605 2923 1172 3005 instrumentum,
1211 2924 1423 2994 nullis
1463 2925 1758 3014 propriis
1792 2925 2270 2995 affectionibus
2302 2925 2596 3015 hospitis
2624 2924 2917 3013 quondam

429 3011 535 3081 sui
592 3010 1173 3083 immortalitatem
1229 3012 1554 3091 laedens,
1620 3013 1834 3082 multo
1890 3036 2048 3083 cum
2102 3015 2358 3083 honore
2404 3014 2919 3098 observantiaque

426 3111 811 3169 contectum
867 3101 1213 3190 praeclare
1250 3104 1457 3192 jacet,
1504 3116 1568 3170 et
1606 3102 1808 3171 veluti
1860 3103 2232 3173 thesaurus
2269 3103 2555 3190 quidam
2594 3103 2915 3173 admodum

427 3189 799 3279 pretiosus,
859 3191 923 3259 in
980 3205 1250 3280 tempus
1302 3192 1838 3280 regenerationis
1886 3204 2350 3261 conservatur.
2407 3197 2482 3261 Et
2529 3194 2833 3278 quamvis
2866 3209 2917 3251 ⁹1

426 3278 692 3358 eadem,
736 3301 812 3347 ex
875 3301 1009 3366 qua
1058 3295 1321 3348 caetera
1375 3301 1687 3368 corpora,
1737 3293 2021 3349 naturae
2087 3283 2368 3350 materia
2428 3294 2714 3361 constet,
2776 3275 2955 3348 nutta,

428 3378 652 3435 tamen
694 3368 954 3437 ratione
987 3390 1144 3437 cum
1179 3368 1314 3437 illis
1340 3381 1441 3437 est
1473 3368 2048 3457 comparandum.
2080 3369 2379 3438 Aliorum
2417 3369 2603 3438 enim
2644 3366 2916 3454 reliquiae²
2954 3373 2955 3428 4

427 3455 632 3557 vulgo
671 3456 1107 3526 detestabiles
1155 3470 1339 3537 sunt,
1382 3456 1756 3545 nullusque
1798 3457 2031 3527 volens
2070 3456 2154 3525 ad
2205 3479 2441 3527 eorum
2496 3458 2791 3526 tumulos
2836 3475 2914 3520 ac·

427 3544 629 3614 cedtt.
676 3545 870 3628 Quod
922 3545 981 3613 si
1019 3545 1185 3614 dum
1250 3546 1683 3633 aperiuntur,
1724 3547 1792 3615 in
1845 3568 1959 3616 eos
2011 3568 2180 3616 casu
2238 3547 2584 3636 quispiam
2636 3547 2909 3614 incurrat.

426 3634 892 3720 conjectisque
916 3633 1138 3703 oculis
1165 3634 1665 3704 deformitatem
1702 3634 1890 3703 intus
1916 3635 2296 3721 jacentium
2326 3635 2682 3726 adspiciat,
2715 3629 2910 3720 magnii

426 3722 745 3811 oppletus
787 3722 1123 3802 molestia,
1172 3735 1235 3791 et
1285 3724 1631 3792 humanae
1680 3723 2096 3792 conditionis
2161 3724 2506 3793 miseriam
2569 3722 2904 3813 deplorans.

426 3813 935 3899 praetercurrit.
982 3817 1058 3880 At
1098 3813 1152 3880 si
1210 3813 1275 3879 in
1331 3812 1552 3880 locum
1598 3812 1893 3880 similem
1948 3813 2152 3892 huic,
2215 3814 2296 3881 ad
2349 3836 2549 3900 quem
2603 3835 2711 3880 vos
2753 3805 2905 3877 hodie
2951 3775 2953 3926 4

423 3900 864 3980 convenistis,
904 3899 1024 3969 ubi
1058 3901 1235 3970 Justi
1280 3900 1613 3969 memoria
1664 3915 2075 3988 sanctaeque
2111 3901 2441 3987 reliquiae
2477 3901 2631 3980 sint,
2658 3895 2899 3967 accedat.

426 3988 1060 4088 primumquidem
1105 4011 1418 4079 operum.
1479 4011 1655 4076 quae
1702 3991 1967 4068 cernit,
2029 3990 2539 4080 magnificentia
2596 3996 2897 4057 recreatur.

424 4075 617 4146 Videt
646 4100 828 4146 enim
874 4078 1136 4158 aedem,
1182 4092 1257 4147 ut
1309 4079 1422 4146 Dei
1464 4078 1825 4168 templum,
1863 4092 2251 4148 structurae
2304 4092 2443 4148 tum
2481 4072 2895 4168 amplitudine,

419 4308 627 4346 Joannos
657 4310 985 4349 Damascenus.
1018 4311 1106 4350 Sed
1136 4313 1180 4350 et
1209 4312 1396 4356 Roman,
1418 4313 1538 4349 toste
1560 4312 1774 4355 Duronio.
1795 4312 1836 4352 S.
1860 4311 2095 4352 Theodori
2120 4309 2333 4356 ccclesia.
2356 4313 2412 4351 ad
2434 4311 2623 4352 Palatini
2644 4304 2797 4347 radices.
2814 4307 2893 4338 οῦ·

424 4362 606 4396 structa
638 4363 739 4399 mit.
771 4363 854 4400 Hic
886 4363 1064 4411 Max-tyr
1100 4366 1225 4412 Tyra,
1260 4365 1382 4410 apud
1417 4367 1682 4412 plerosque.
1715 4367 2036 4415 nuncupatur,
2071 4376 2161 4404 nou
2184 4368 2309 4413 quod
2344 4376 2399 4404 cx
2427 4375 2518 4404 una
2540 4363 2744 4418 legionum
2761 4353 2891 4414 sstsfssi

420 4419 542 4457 quae
572 4413 788 4460 Tyr-omem
819 4417 1154 4463 appellabatur,
1173 4422 1221 4455 ut
1253 4418 1441 4464 quietum
1469 4419 1748 4463 autumavit.
1768 4420 1851 4458 sed
1872 4420 1983 4468 quia
2018 4424 2070 4458 ut
2091 4420 2371 4458 vocabulum
2395 4418 2545 4468 ipsum
2564 4419 2683 4466 plano
2704 4404 2891 4456 StgmLt'ss,

421 4469 639 4503 recenter
660 4475 787 4505 arma
808 4471 1091 4516 susem-erat.
1111 4481 1216 4509 cum
1239 4469 1378 4508 morti
1403 4471 1617 4510 addictus
1636 4471 1740 4510 ruit.

2962 1678 2963 1721 l

2960 1744 2963 1791 l
