2993 4837
534 244 662 308 702
1154 261 1231 306 ne
1279 262 1333 306 s,
1390 260 1713 308 srarumo
1760 260 2027 308 Jumoass
2075 259 2271 307 naar.
2641 244 2800 307 Not.
2837 247 2904 308 28

438 347 503 414 in
557 345 1038 423 Theodosium,
1090 345 1209 430 qui
1262 357 1406 413 tum
1460 344 1749 434 imperio
1786 345 2193 434 potiebatur,
2252 347 2573 433 impetum
2605 344 2772 413 facit.
2816 351 2908 414 Hir.

435 446 659 502 autem
721 447 1011 522 tyranno
1070 432 1357 523 imperio
1391 433 1617 511 cedit,
1671 456 1749 502 ac
1783 435 2079 520 quietem
2133 435 2675 524 amplectitur*:
2725 439 2914 520 utqui

437 521 696 590 scilicet
727 521 993 622 imperii
1037 521 1380 610 jacturam
1421 521 1743 591 civilibus
1793 521 1991 593 bellis
2043 523 2359 591 leviorem
2402 522 2695 591 duceret.
2730 525 2911 590 Statim

438 613 664 695 itaque
712 609 890 678 furta
941 609 1055 678 illa
1105 610 1467 699 imperium
1507 611 1788 680 invadit.
1839 616 1925 679 Ac
1965 612 2268 700 primum
2304 611 2577 697 quidem
2614 611 2910 698 vulpina-n

439 699 681 787 pellem
724 699 1022 767 induens
1066 698 1407 788 (nondum
1457 701 1640 768 enim
1696 700 2011 768 leoninae
2043 699 2228 788 apud
2272 701 2501 788 ipsum
2542 700 2728 768 locus
2768 703 2911 784 erat),

435 787 879 856 orthodoxam
933 787 1162 869 sidem,
1211 799 1283 856 ut
1331 789 1388 856 si
1437 789 1595 874 quis
1642 788 1844 869 aliuS,
1900 810 1972 856 se
2017 790 2241 857 colere
2291 788 2683 867 simulabat,
2738 789 2918 876 impie-

439 876 591 944 tatis
640 875 893 945 foetum
926 930 941 955 ,
994 898 1197 962 quem
1253 889 1518 976 pectore
1567 879 1843 966 gerebat
1872 931 1902 958 ‚.
1946 877 2328 946 occultans.
2390 875 2569 944 Cum'
2602 890 2815 946 autem
2863 877 2918 943 ad

438 964 784 1033 decimum
828 966 971 1052 jam
1027 966 1295 1054 imper1i
1349 987 1611 1033 annum
1667 966 2100 1055 pervenisset,
2157 988 2281 1034 nec
2320 966 2466 1053 jam
2517 988 2664 1034 eam
2715 966 2917 1034 diutius

437 1054 667 1121 animo
719 1075 1026 1142 premere
1072 1076 1150 1122 ac
1210 1054 1560 1123 continere
1613 1068 1877 1143 posset,
1932 1055 2341 1123 sceleratum
2405 1053 2658 1123 foetum
2717 1054 2912 1122 edidit:

436 1142 787 1227 accitaque
834 1155 898 1210 et
945 1155 1175 1211 coacta
1223 1156 1615 1212 senatorum
1668 1143 1910 1222 classe,
1957 1143 2335 1211 absurdum
2378 1143 2550 1211 illud
2586 1157 2650 1211 et
2689 1143 2908 1230 impium

435 1232 756 1311 evomuit,
796 1232 1186 1320 Imaginum
1232 1231 1536 1320 picturas
1584 1230 1871 1300 formam
1907 1231 2279 1318 quamdam
2314 1231 2660 1300 idolorum
2700 1233 2908 1299 retinere

436 1319 780 1406 inquienS,
839 1341 1056 1405 neque
1091 1321 1174 1387 iis
1206 1320 1467 1388 cultum
1511 1320 1983 1389 adhibendum
2035 1342 2206 1398 esse,
2263 1342 2348 1388 ne
2377 1320 2640 1406 alioqui
2693 1322 2794 1388 Dei
2823 1321 2908 1386 loce

441 1408 910 1496 imprudentes
961 1408 1141 1477 idola
1191 1430 1614 1478 veneremur.
1671 1410 1988 1478 Protinus
2040 1410 2282 1498 ingens
2335 1411 2679 1477 tumultus
2716 1432 2752 1476 a
2786 1408 2912 1496 pleb:-

434 1497 761 1566 excitatus
808 1509 930 1575 est,
986 1519 1064 1565 ac
1117 1497 1491 1566 moestitiae
1532 1498 1749 1567 nubes
1795 1497 2320 1566 orthodoxorum
2377 1497 2750 1566 Ecclesiam
2789 1497 2910 1564 obt&

434 1586 655 1673 gebat.
706 1584 898 1667 Quod
940 1600 1014 1653 ut
1053 1586 1432 1675 versipellis
1476 1585 1591 1654 ille
1631 1587 1865 1664 sensit,
1913 1588 2138 1654 statim
2183 1587 2394 1674 Gygis
2442 1587 2780 1655 annulum
2823 1607 2910 1650 ter-

438 1688 607 1750 teus,
662 1688 735 1742 ut
782 1674 1151 1743 obscurum
1202 1688 1378 1744 esset
1432 1673 1614 1761 quod
1676 1676 1955 1764 agebat,
2015 1674 2411 1750 laborabat,
2482 1697 2616 1743 non
2674 1674 2910 1741 videlicet

434 1760 648 1830 leonis
698 1761 1075 1831 libertatem
1139 1763 1461 1843 imitans,
1529 1763 1643 1831 sed
1708 1763 2243 1832 chamaeleontis
2296 1763 2525 1852 potius
2567 1766 2634 1830 in
2695 1762 2906 1830 modum

434 1852 688 1918 formas
728 1853 1129 1920 immutans.
1182 1856 1348 1932 Non,
1405 1853 1651 1938 inquit,
1700 1853 1834 1921 huc
1865 1866 2124 1940 spectat
2160 1873 2309 1920 mea
2351 1853 2713 1930 sententia,
2751 1866 2908 1919 uteae

438 1961 717 2028 prorsus
753 1939 1152 2008 deleantur:
1208 1940 1321 2009 sed
1379 1941 1503 2010 hoc
1536 1942 1668 2030 aj0,
1722 1940 2125 2010 sublimiore
2179 1940 2323 2008 loco
2375 1940 2802 2009 collocandas
2837 1959 2907 2004 eas

431 2050 600 2106 esse,
644 2050 724 2095 ne
754 2050 867 2096 ore
900 2029 1266 2115 quisquam
1300 2051 1415 2098 eas
1445 2029 1819 2118 contingat,
1868 2041 2069 2114 atque
2107 2030 2194 2097 ita
2225 2029 2736 2115 quodammodo
2767 2029 2908 2095 rebus
2941 2079 2942 2088 ,

437 2118 688 2186 honore
717 2116 946 2206 dignis
976 2118 1463 2186 contumeliam
1517 2118 1783 2187 inserat.
1838 2123 2178 2200 Quorsum
2219 2118 2346 2186 hoc
2383 2118 2687 2198 tandem,
2715 2131 2770 2184 et
2791 2113 2904 2201 quil

438 2205 773 2274 moliens?
822 2206 1157 2274 Nimirum
1210 2219 1285 2274 ut
1331 2228 1445 2274 eas
1499 2206 1696 2296 longe
1758 2230 1794 2275 a
1849 2208 2046 2275 nobis
2094 2206 2494 2275 collocando
2531 2261 2546 2286 ‚
2602 2229 2679 2275 ac
2735 2199 2904 2294 procu!

346 2313 347 2316 ’
434 2295 518 2363 ab
564 2294 783 2363 oculis
836 2295 1084 2362 nostris
1135 2295 1540 2363 removendo
1586 2295 1703 2384 (ue
1751 2318 1865 2364 eas
1915 2295 2112 2363 facile
2159 2309 2276 2364 aut
2324 2317 2630 2376 cernere,
2670 2311 2942 2366 antron-t

438 2384 694 2473 tingere
728 2383 1093 2471 queamus)
1134 2382 1485 2471 paulatim,
1542 2398 1616 2453 ut
1662 2407 1864 2476 saepe
1914 2384 2110 2453 nobis
2163 2384 2225 2451 in
2281 2384 2389 2452 his
2438 2406 2616 2471 quos
2662 2399 2904 2473 amamus

438 2496 566 2540 usu
627 2473 827 2551 venit,
885 2473 948 2540 in
1001 2472 1409 2542 oblivionem
1468 2473 1904 2552 incidamus,
1952 2495 2203 2559 easque
2243 2496 2439 2543 caras
2493 2474 2731 2542 habere
2769 2468 2904 2536 deeli-

436 2584 735 2640 scamUS,
789 2574 991 2647 atque
1038 2562 1127 2630 ita
1162 2562 1415 2629 sensim
1452 2574 1516 2630 et
1564 2563 1732 2630 citra
1770 2561 2141 2631 tumultum
2198 2562 2322 2630 hoc
2362 2586 2400 2629 a
2443 2564 2646 2631 nobis
2676 2562 2900 2651 obtinea·
2939 2570 2940 2617 3

437 2665 564 2727 tur,
610 2663 686 2717 ut
717 2671 831 2717 eas
884 2672 1003 2718 nec
1055 2650 1457 2727 adoremus,
1516 2672 1636 2718 nec
1678 2651 1934 2719 honore
1981 2650 2392 2719 afficiamus,
2443 2656 2533 2719 De
2579 2652 2697 2719 liae
2733 2652 2896 2740 impug-
2938 2634 2940 2753 1

437 2752 585 2817 tate,
625 2760 799 2823 quae
839 2751 902 2806 et
940 2737 1231 2807 multum
1268 2739 1644 2819 abstrusae,
1684 2753 1749 2808 et
1796 2738 2091 2808 multum
2131 2739 2290 2806 item
2328 2755 2606 2828 apertae
2653 2732 2894 2806 absurdi·

435 2827 585 2894 tatis
638 2826 971 2904 habebat,
1024 2848 1180 2895 cum
1231 2828 1478 2895 certior
1527 2826 1746 2897 factus
1809 2827 2049 2896 fuisset
2111 2832 2495 2896 Germanus
2529 2883 2544 2907 ‚
2609 2830 2703 2895 vit·
2754 2825 2894 2915 libera

432 2927 634 3001 atque
692 2915 1029 3003 intrepida
1072 2916 1315 3004 pietate
1380 2917 1771 3004 praeditus,
1838 2937 1956 3005 per
2003 2916 2373 3002 quemdam
2438 2939 2521 2985 ex
2587 2916 2894 3005 praecipuis

438 3003 768 3072 Ecclesiae
803 3004 1137 3072 ministris
1187 3005 1350 3072 haec
1398 3006 1456 3071 ei
1514 3004 1837 3074 mandat:
1894 3026 1930 3069 «
1967 3004 2520 3091 Haudquaquam
2574 3004 2889 3094 oportebat.

438 3098 833 3182 Imperator,
891 3105 973 3172 te,
1028 3093 1146 3178 qui
1193 3106 1333 3162 tum
1380 3094 1622 3172 vitam,
1681 3106 1825 3162 tum
1871 3092 2237 3183 imperium
2292 3116 2326 3161 a
2383 3099 2516 3162 Deo
2563 3092 2886 3181 accepisses.

433 3182 761 3251 adversus
811 3181 1237 3250 Conditorem
1304 3196 1495 3250 tuum
1564 3181 1937 3252 insolenter
1988 3182 2268 3260 extolli,
2322 3196 2528 3268 atque
2563 3238 2578 3262 ,
2645 3198 2709 3250 ut
2758 3177 2892 3271 ‘’1¹²³‘ss

434 3271 736 3350 «licitur,
792 3292 925 3338 non
981 3270 1308 3339 movenda
1376 3292 1642 3339 movere
1673 3325 1687 3351 ‚
1757 3275 2170 3358 Patrumque
2221 3272 2551 3339 terminos
2583 3326 2598 3351 ‚
2648 3282 2797 3356 quos
2830 3262 2888 3329 tlh

432 3361 812 3446 antiquitus
866 3372 1259 3446 posuerunt,
1320 3359 1684 3428 transferre
1731 3359 2030 3428 studere.
2085 3360 2344 3428 Etenim
2401 3359 2699 3428 humana
2741 3356 2888 3423 forma

433 3474 470 3516 a
521 3453 651 3516 Deo
690 3449 901 3516 Verbo
933 3470 1011 3516 ex
1046 3461 1279 3516 sancta
1313 3462 1376 3516 et
1419 3470 1590 3537 pura
1630 3448 1898 3537 Virgine
1932 3461 2288 3535 suscepta,
2335 3471 2498 3517 cum
2541 3448 2749 3516 omnis
2786 3441 2888 3508 dae·

434 3559 715 3606 monum
764 3537 994 3607 cultus
1040 3538 1377 3606 extinctus
1425 3549 1562 3617 est,
1621 3549 1764 3605 tum
1822 3537 2048 3605 omnis
2113 3536 2450 3605 idolorum
2497 3535 2773 3605 adoratio
2807 3528 2884 3595 ab·

432 3628 688 3695 scessit.
729 3631 803 3694 At
844 3647 996 3694 vero
1038 3625 1473 3694 theandricae
1522 3623 2002 3695 similitudinis
2045 3625 2270 3715 imago
2320 3625 2567 3695 Christi
2616 3614 2884 3693 adoranda
2933 3648 2934 3653 ¹

432 3716 630 3784 nobis
661 3729 724 3783 et
762 3714 1046 3783 colenda
1085 3715 1442 3804 perspicue
1484 3713 1731 3783 tradita
1781 3727 1924 3794 est,
1985 3715 2280 3800 itemque
2330 3714 2544 3794 illius,
2587 3733 2741 3800 quae
2776 3724 2877 3773 eum
2933 3704 2934 3783 l

431 3804 634 3871 modo
667 3805 855 3872 omni
893 3824 1204 3873 sermone
1238 3803 1714 3893 praestantiori
1758 3804 2041 3892 peperit,
2102 3816 2165 3871 et
2205 3808 2630 3881 Sanctorum,
2665 3808 2877 3886 quorum

430 3894 563 3961 vita
621 3893 753 3981 ipsi
816 3904 1005 3983 grata
1065 3904 1266 3978 atque
1323 3905 1599 3981 accepta
1655 3891 1806 3960 fuit.
1878 3897 1969 3959 Ex
2025 3912 2159 3977 quo
2223 3889 2408 3958 enim
2462 3890 2572 3958 ille
2628 3890 2688 3956 in
2730 3886 2874 3953 forma

431 3995 661 4050 nostra
711 3981 795 4049 ad
850 4003 970 4051 nos
1018 3982 1304 4049 accessit
1356 3980 1495 4070 (ab
1545 3980 1706 4049 hinc
1754 3993 1979 4049 autem
2040 3979 2452 4068 septingenti
2515 3978 2759 4066 triginta
2802 3984 2873 4035 sel

430 4072 592 4138 anni
643 4071 787 4157 jam
845 4071 1217 4159 fluxerunt)
1264 4075 1490 4139 Patres
1540 4070 1796 4138 interea
1843 4092 1920 4138 ac
1975 4073 2308 4148 DoctoreS‚
2354 4090 2635 4154 quorum
2676 4072 2866 4156 suitissffl

433 4160 646 4228 virtus
712 4158 879 4237 fuit,
955 4159 1495 4227 venerandarum
1570 4159 1949 4248 imaginum
2017 4156 2280 4225 cultum
2352 4156 2542 4226 nobis
2601 4159 2868 4243 perspicue
2931 4202 2932 4241 1

430 4374 459 4410 d
484 4322 509 4410 *r
531 4324 659 4410 Amtm
689 4322 779 4412 7th
801 4320 1123 4412 ghcodositim
1154 4332 1308 4370 porro.
1336 4322 1481 4370 hujus
1518 4322 1720 4361 nominis
1753 4320 1835 4363 111,
1856 4316 2076 4359 clericum
2108 4329 2200 4359 una
2233 4329 2340 4359 cum
2368 4320 2462 4359 filio
2482 4327 2561 4357 suo
2581 4316 2741 4355 factum,
2759 4302 2862 4354 Diffi*

462 4382 484 4411 c
512 4383 599 4410 unc
628 4383 704 4412 um
746 4384 795 4412 ra
834 4380 933 4412 unt.
