2993 4837
97 356 259 423 NOV.
314 359 355 421 8
745 377 822 421 ΒΕ
872 377 927 422 s,
984 375 1334 423 conEFntno
1383 377 1482 423 Er.
1539 377 1925 424 ΑΜΒΙΑΝΕΝΒΙ
2402 362 2528 426 355

98 465 436 546 Postquam
479 459 743 528 loculus
775 473 1092 529 accurate
1126 460 1479 531 confectus
1512 460 1662 541 fuit,
1696 462 1778 530 ad
1817 483 1976 530 eum
2013 461 2221 543 diem,
2255 485 2390 549 quo
2425 478 2618 534 erant

99 547 585 617 transferendae
635 548 987 635 reliquiae,
1045 561 1274 618 tantus
1323 572 1400 618 eo
1466 550 1741 619 advenit
1791 550 2155 620 hominum
2209 564 2489 631 coetuS,
2547 567 2621 622 ut

98 649 216 705 tota
257 642 520 728 Europa
553 637 968 707 confluxisse
1018 638 1231 706 videri
1284 653 1533 727 posset.
1572 645 1740 708 Tum
1787 640 2165 728 Episcopus
2207 640 2617 710 Godesridus

97 747 235 794 cum
287 726 437 794 aliis
487 726 958 796 sacerdotibus
1006 727 1292 798 accessit
1331 728 1415 796 ad
1468 727 1723 809 locum,
1780 728 1898 797 ubi
1946 727 2260 797 coelestis
2310 728 2426 798 ille
2479 751 2617 798 ser-

95 814 365 883 vabatur
403 815 788 896 thesaurus,
832 838 1200 903 sacrasque
1238 816 1564 903 reliquias
1606 838 1763 885 cum
1812 816 2026 885 multo
2064 830 2355 887 tremore
2389 820 2616 887 omni-

98 903 211 972 bus
260 904 569 972 visendas
618 906 953 993 exposuit.
995 911 1121 976 Eas
1170 926 1458 974 cernens
1510 905 1735 975 fidelis
1789 906 2109 994 populus
2164 928 2323 976 cum
2378 906 2616 977 multis

97 991 400 1080 lacrymis
447 992 679 1062 laudat
728 994 1098 1073 Christum,
1137 995 1321 1080 quod
1380 995 1570 1063 testis
1605 994 1758 1081 ejus
1810 994 2137 1081 reliquias
2189 994 2415 1064 videre
2473 1018 2617 1065 me-

97 1094 360 1149 reretur.
405 1086 607 1150 Porro
659 1081 898 1151 beatus
947 1082 1356 1152 Godefridus
1407 1083 1721 1152 hortatur
1769 1105 2033 1162 omnes,
2091 1096 2165 1152 ut
2215 1096 2613 1154 sanctorum

97 1168 225 1237 loca
255 1170 487 1255 crebro
522 1170 842 1250 invisant,
881 1169 1021 1239 illic
1070 1194 1195 1240 sua
1246 1184 1396 1241 vota
1447 1171 1859 1262 persolvant,
1904 1172 2176 1241 illorum
2235 1174 2624 1263 patrocinio

99 1279 158 1325 se
188 1280 476 1344 suosque
524 1259 1054 1329 commendent:
1121 1260 1277 1329 inde
1317 1260 1500 1329 enim
1556 1262 1944 1340 innumera,
1999 1261 2249 1348 inquit,
2291 1262 2615 1331 fidelibus

101 1346 409 1415 accedunt
447 1348 801 1416 beneficia.
843 1348 1094 1417 Deinde
1146 1349 1479 1438 populum
1532 1350 1835 1418 dimittit.
1878 1350 2051 1418 Huic
2087 1364 2313 1419 autem
2355 1365 2615 1441 specta-

100 1434 231 1501 culo
278 1458 410 1504 non
449 1436 839 1517 interfuere,
896 1438 1013 1523 qui
1055 1437 1531 1507 Ambianensis
1582 1438 1776 1508 urbis
1826 1439 2230 1509 suburbana
2282 1439 2428 1508 loca
2491 1440 2613 1508 ha-

101 1522 403 1604 bitabant,
443 1525 558 1594 alii
611 1524 766 1595 aliis
803 1527 1006 1596 rebus
1043 1526 1379 1614 impediti.
1412 1527 1756 1596 Accedunt
1791 1527 2004 1616 igitur
2044 1528 2127 1596 ad
2165 1528 2608 1597 Godefridum

101 1613 528 1701 Episcopum3
581 1626 800 1694 orant,
847 1628 920 1683 ut
957 1615 1125 1704 ipsis
1158 1637 1430 1702 quoque
1466 1616 1642 1684 beati
1687 1617 1972 1684 Firmini
2012 1638 2244 1686 sacras
2287 1617 2613 1704 reliquias

101 1703 404 1771 ostendat.
459 1707 532 1771 At
583 1702 697 1771 ille
747 1702 942 1772 valde
989 1704 1389 1772 admirans:
1446 1726 1481 1769 «
1546 1703 1716 1784 Ubi,
1786 1705 2049 1791 inquit,
2106 1706 2614 1776 nudiustertius

101 1787 319 1871 fuistis,
355 1791 631 1878 quando
669 1814 815 1860 mea
853 1815 1062 1861 manu
1095 1814 1209 1861 eas
1244 1792 1570 1861 omnibus
1601 1794 2170 1882 contemplandas
2210 1796 2537 1864 exhibui?
2576 1818 2609 1861 »

103 1878 372 1948 Afferunt
423 1881 538 1948 alii
589 1880 748 1961 alia,
804 1880 917 1951 sed
977 1904 1135 1950 cum
1187 1904 1344 1949 eum
1403 1903 1791 1970 permovere
1861 1904 1996 1950 non
2071 1896 2391 1971 possent,
2449 1906 2607 1953 cum

103 1964 397 2056 lacrymis
447 1983 1011 2050 commemorant,
1059 1992 1234 2057 quae
1274 1970 1453 2039 dona
1493 1970 1890 2049 obtulerint,
1936 1993 2109 2057 quos
2168 1971 2435 2041 labores
2501 1996 2614 2042 su-

107 2058 435 2145 sceperint,
474 2071 548 2127 ut
599 2060 914 2146 martyris
966 2058 1293 2147 templum
1333 2072 1395 2127 et
1431 2059 1703 2127 loculus
1737 2071 2181 2127 ornarentur:
2222 2075 2285 2129 et
2319 2060 2613 2145 subiun-

112 2160 282 2231 gunt:
323 2171 355 2212 «
393 2152 656 2237 Ergone
690 2170 723 2215 a
765 2148 1086 2236 martyris
1134 2147 1708 2237 contemplatione
1757 2147 2229 2230 excludemur,
2266 2149 2387 2235 qui
2431 2169 2614 2216 mar-

114 2234 244 2317 tyris
290 2259 519 2317 causa,
580 2248 760 2305 tanta
832 2250 894 2304 et
964 2235 1302 2315 fecimuS,
1357 2249 1420 2305 et
1470 2236 1776 2326 perpessi
1827 2241 2131 2306 sumus?
2194 2260 2227 2303 »
2292 2236 2614 2305 Flectitur

115 2321 343 2390 tandem
399 2325 498 2392 vir
533 2325 712 2414 pius,
762 2338 825 2392 et
873 2326 941 2392 in
977 2325 1365 2393 celebritate
1405 2326 1717 2393 omnium
1757 2330 2190 2405 Sanctorum,
2235 2325 2612 2414 praemisso

102 2406 352 2496 jejunio,
411 2414 504 2481 ait
552 2437 622 2482 se
673 2413 946 2483 illorum
1003 2413 1323 2505 precibus
1375 2414 1916 2483 satisfacturum.

177 2502 206 2585 ξ
247 2506 396 2573 235.
451 2503 826 2571 Transtulit
874 2503 1075 2571 etiam
1120 2524 1372 2593 corpus
1406 2504 1823 2572 sanctissimi
1864 2502 2069 2573 Salvii
2101 2503 2515 2574 confessoris
2549 2516 2615 2571 et

106 2590 559 2660 Ambianorum
635 2591 994 2680 Episcopi,
1065 2592 1128 2660 in
1191 2615 1346 2661 eum
1402 2592 1656 2668 locum,
1726 2592 1844 2661 ubi
1909 2615 2094 2661 nunc
2146 2615 2301 2662 eum
2371 2591 2609 2660 fideles

106 2693 516 2748 venerantur:
562 2680 908 2749 transtulit
948 2694 1010 2749 et
1049 2681 1339 2749 aliorum
1387 2683 1788 2750 multorum.
1834 2686 1919 2750 De
1960 2683 2215 2768 quibus
2249 2681 2602 2760 omnibuS,

106 2776 153 2831 et
194 2787 356 2852 quae
408 2781 546 2837 tum
606 2768 937 2837 miracula
971 2769 1149 2838 edita
1186 2770 1322 2837 sint
1371 2769 1729 2850 divinitus,
1769 2783 1845 2839 ut
1895 2771 2203 2840 Christus
2254 2791 2608 2839 servorum

108 2872 355 2924 suorum
413 2857 652 2926 merita
713 2857 1110 2938 declararet,
1177 2859 1286 2926 hic
1343 2857 1733 2929 adscribere
1799 2859 2179 2938 noluimu5‚
2228 2881 2311 2928 ne
2376 2858 2611 2928 lectori

108 2938 423 3012 fastidium
476 2946 866 3015 afferamus.

180 3032 407 3116 §aa
463 3034 649 3103 Libet
697 3047 920 3103 autem
976 3057 1511 3104 commemorare
1561 3034 1688 3104 hoc
1739 3036 1885 3104 loco
1936 3035 2110 3103 beati
2152 3035 2275 3103 viri
2326 3034 2611 3104 humili-

113 3126 302 3200 tatem,
353 3136 415 3191 et
467 3135 859 3212 perpetuam
918 3144 1076 3191 cum
1130 3124 1599 3212 improborum
1644 3123 1944 3192 amentia
1993 3123 2602 3216 conflictationem.

109 3207 410 3280 Robertus
459 3211 816 3280 Flandriae
858 3216 1094 3280 Comes
1125 3227 1190 3280 et
1227 3214 1426 3281 rebus
1477 3213 1742 3281 bellicis
1783 3222 1846 3280 et
1883 3211 2155 3300 magnis
2204 3213 2454 3301 opibus
2504 3234 2612 3278 ce-

109 3291 503 3378 tebertinus,
564 3300 1118 3387 ‚ierosolymitani
1174 3301 1436 3371 itineris
1485 3301 1646 3381 dux,
1682 3299 1927 3369 Christi
1989 3298 2377 3368 natalitium
2425 3299 2606 3367 diem

106 3387 261 3478 apud
330 3403 637 3458 sanctum
722 3389 1184 3457 Audomarum
1235 3388 1270 3422 ¹*
1319 3389 1529 3459 voluit
1601 3390 1914 3457 festivum
1987 3388 2262 3456 ducere.
2316 3388 2611 3456 Aderant

109 3469 225 3540 illic
259 3481 486 3557 Duces,
535 3478 846 3554 Comites,
884 3478 1451 3564 diversarumque
1502 3479 1859 3566 regionum
1918 3499 2251 3567 procereS‚
2288 3489 2351 3545 et
2402 3476 2611 3545 totius

107 3559 431 3634 Flandriae
481 3565 744 3636 nobiles
795 3567 932 3634 sive
983 3566 1258 3646 milites,
1325 3565 1522 3634 multi
1574 3567 1775 3635 etiam
1830 3566 2205 3635 Galliarum
2258 3565 2600 3664 Episcopi,

106 3660 156 3747 et
194 3652 248 3717 in
294 3654 371 3722 iis
407 3655 640 3724 beatus
674 3654 1105 3734 Godefridus,
1147 3677 1349 3741 quem
1389 3660 1624 3723 Comes
1664 3655 1994 3724 Robertus
2043 3655 2305 3754 accepit
2353 3653 2610 3723 officio-

109 3740 370 3836 sissime,
416 3757 479 3812 et
526 3765 681 3812 cum
730 3743 843 3812 illo
895 3744 1287 3833 separatim,
1335 3754 1569 3832 utpote
1610 3765 1897 3832 magnae
1961 3742 2385 3812 auctoritatis
2438 3742 2603 3820 vir0,

109 3823 209 3894 diu
254 3831 623 3902 collocutus
671 3844 793 3913 est,
837 3833 1011 3901 inter
1065 3844 1327 3901 caetera
1387 3854 1591 3901 orans
1644 3854 1827 3912 eum,
1868 3843 1944 3901 ut
2006 3830 2126 3899 illa
2174 3842 2611 3899 sacrosancta

110 3931 274 3986 nocte
345 3943 524 3990 more
596 3920 1106 4001 EcclesiasticO,
1163 3920 1449 3990 Domino
1523 3921 1941 3990 sacrificium
2007 3920 2298 3988 offerret.
2356 3918 2612 3987 Annuit

111 3999 434 4078 humiliter
480 4010 580 4078 vir
633 4011 765 4089 Dei,
827 4022 888 4078 et
937 4009 1092 4079 fecit
1132 4009 1549 4079 sacrificium
1624 4010 1732 4100 pie
1800 4032 1877 4077 ac
1940 4008 2196 4076 devote.
2269 4008 2408 4076 Sub
2458 4006 2610 4094 ipso

114 4095 416 4167 sacrificio
473 4112 622 4185 post
671 4098 1024 4168 lectionem
1079 4098 1460 4187 Evangelii,
1527 4098 1852 4167 omnibus
1900 4096 2207 4165 certatim
2261 4096 2346 4164 ad
2398 4093 2610 4163 altare

117 4198 366 4253 munera
400 4187 863 4267 offerentibus,
903 4188 1000 4255 vir
1044 4188 1156 4256 Dei
1192 4188 1338 4256 sine
1378 4208 1823 4276 personarum
1861 4184 2279 4273 acceptione,
2328 4183 2608 4252 illorum

117 4273 388 4341 omnium
439 4275 616 4344 dona
675 4275 925 4362 rejecit,
974 4279 1094 4364 qui
1161 4276 1377 4346 instar
1426 4275 1990 4344 muliercularum
2042 4273 2332 4340 ,intonsa
2382 4284 2609 4341 essent

119 4431 538 4523 man-§fiiAiqctomar-ua
569 4438 679 4476 urbs
717 4439 790 4477 est
822 4448 940 4488 qua}
975 4441 1142 4488 gallice
1177 4441 1372 4479 vocatur
1411 4439 1708 4479 Satine-meer:
1729 4437 1841 4477 urbs
1863 4431 2247 4487 propugnamus,
2267 4436 2617 4485 aggeribusque

209 4495 220 4521 x
263 4497 410 4529 ssima.
