2993 4837
1863 124 1902 157 ,a

9 287 12 324 ⁴
62 305 246 372 8οΥ.
308 308 349 369 8
756 324 831 369 οε
880 323 935 369 s.
991 320 1343 369 conamuno
1391 324 1489 369 Ep.
1546 324 1928 371 amanensi
2397 309 2523 373 345
2609 356 2614 361 -

60 409 332 477 oblitus
374 407 732 497 dignitatis
780 428 967 488 suae,
1021 429 1159 494 qua
1223 420 1524 478 caeteros
1571 408 2058 489 antecellebat,
2129 409 2488 498 parvulum
2541 432 2613 479 se

60 496 400 577 exhibuit,
455 495 950 583 admonuitque
994 510 1072 565 ut
1123 494 1363 566 sedulo
1409 497 1479 565 in
1530 518 1611 566 ea
1662 512 1890 567 essent
1940 499 2373 599 cogitatione,
2428 500 2614 569 unde

58 585 155 654 vel
208 607 356 671 qua
400 607 616 654 causa
673 585 1036 667 venissent,
1097 606 1234 671 quo
1300 586 1677 667 tenderent,
1731 598 1797 654 et
1834 609 1969 674 qua
2034 601 2246 656 trent:
2311 601 2389 657 ut
2440 588 2610 657 nibil

56 674 187 745 sibi
248 674 504 762 peculii
554 673 1014 754 vendicarent,
1060 673 1472 743 voluntatem
1513 676 1858 765 propriam
1893 675 2307 766 frangerent,
2356 677 2614 766 purita-

56 778 188 832 tem
244 762 502 843 cordis,
538 763 678 831 oris
729 764 1102 843 veritatem,
1156 763 1463 852 corporis
1516 763 1929 834 munditiam
1985 767 2350 834 momentis
2389 768 2613 835 omni-

52 850 186 921 hus
228 852 501 921 Christo
534 851 949 932 exhiberent,
996 864 1196 938 atque
1243 867 1317 920 ut
1363 852 1599 922 invicti
1652 853 1925 934 milites,
1982 854 2049 921 in
2103 854 2434 944 spiritalis
2487 878 2612 943 pu-

58 961 234 1040 gnae
292 941 652 1030 procinctu
715 953 971 1010 stantes
1003 994 1017 1021 ,
1085 940 1380 1008 fraterna
1451 943 1598 1010 acie
1645 942 1900 1031 stipati,
1947 942 2302 1012 charitatis
2341 944 2612 1034 glutino

58 1043 234 1099 mter
287 1052 362 1099 se
404 1030 781 1118 conjuncti,
836 1049 1276 1117 summopere
1325 1030 1393 1098 in
1452 1050 1602 1099 eam
1643 1053 1882 1099 curam
1940 1030 2457 1112 incumberent,
2526 1055 2608 1101 nc

59 1119 214 1204 quis
267 1120 338 1186 in
376 1119 566 1219 ipsos
614 1118 978 1188 hostilibus
1025 1117 1298 1187 insidiis
1334 1120 1591 1207 pateret
1629 1141 1969 1190 accessus.
2017 1125 2337 1211 Aegrotos
2395 1122 2613 1190 incre-

61 1207 257 1275 dibili
312 1207 530 1275 animi
578 1207 1171 1276 commiseratione
1222 1209 1784 1296 prosequebatur,
1840 1208 1934 1277 ita
1995 1221 2070 1277 ut
2115 1210 2611 1300 propemodum

66 1317 218 1365 cum
259 1295 402 1365 illis
434 1295 674 1364 eadem
757 1298 848 1365 ati
900 1295 1264 1365 videretur.
1307 1300 1559 1364 Eorum
1608 1296 1849 1366 salutis
1896 1310 1960 1365 et
2001 1299 2313 1367 sanitatis
2355 1299 2614 1367 instau-

11 1390 30 1491 ι
70 1384 321 1453 randae
351 1407 565 1454 causa
605 1408 699 1453 nu
733 1384 817 1452 lis
853 1385 1170 1473 parcebat
1226 1386 1645 1485 sumptibuS,
1686 1386 1900 1455 immo
1949 1408 2072 1455 nec
2106 1387 2232 1457 sibi
2267 1388 2398 1476 ipsi
2460 1388 2609 1474 qui-

16 1496 27 1527 ι
70 1472 241 1551 dem,
287 1474 349 1541 si
403 1486 709 1562 posceret
751 1473 1140 1543 necessitas».
1200 1477 1445 1542 Omnia
1498 1474 1823 1544 omnibus
1864 1474 2085 1544 factus
2133 1488 2300 1557 erat,
2348 1489 2421 1545 ut
2468 1498 2614 1542 om-

70 1583 185 1630 nes
232 1562 504 1631 Christo
563 1561 1010 1632 lucrifaceret.
1065 1562 1343 1630 Interim
1405 1576 1625 1630 tamen
1688 1564 1866 1632 sicut
1912 1586 2072 1654 erga
2130 1566 2345 1635 bonos
2395 1564 2612 1633 multa

66 1651 385 1720 utebatur
427 1652 585 1721 beni
642 1652 845 1720 nitate
891 1664 957 1720 et
992 1674 1260 1720 morum
1299 1652 1654 1731 suavitate,
1695 1652 1786 1720 ita
1828 1653 2162 1741 improbis
2201 1675 2511 1723 severum
2550 1667 2613 1721 et

22 1746 31 1823 Ι
76 1739 369 1829 rigidum
426 1762 496 1810 se
529 1675 909 1809 eiiiibebat.
965 1745 1247 1809 Noverat
1284 1740 1494 1819 enim,
1549 1740 1716 1827 quid
1755 1755 2059 1823 naturae,
2127 1742 2378 1829 quidve
2434 1742 2652 1810 vitiis,

72 1826 449 1897 deberetur.
490 1833 626 1897 Hos
668 1830 893 1915 itaque
924 1831 1172 1897 acriter
1203 1829 1635 1918 objurgabat,
1675 1830 1986 1918 urgebat,
2044 1831 2425 1919 spiritualis
2478 1837 2613 1897 mej-

22 1915 335 2019 frdicinae
366 1918 673 1986 cauterio
712 1919 976 1998 urebat,
1034 1918 1256 1988 modis
1287 1918 1614 1986 omnibus
1666 1918 1729 1984 id
1783 1940 2017 2007 agens,
2067 1933 2139 1988 ut
2185 1921 2444 2008 integre
2490 1942 2609 1987 cu-

22 2042 31 2073 t
78 2024 199 2073 rari
250 2018 556 2093 possent.

26 2164 43 2181 ,
156 2096 191 2180 ἓ
232 2101 388 2167 ίθ.
446 2099 535 2163 Eo
566 2107 889 2183 tempore,
916 2117 1054 2180 quo
1088 2093 1494 2164 Godefridus
1535 2095 1811 2165 Abbatis
1854 2117 2135 2163 munere
2169 2097 2606 2183 fungebatur,

86 2179 148 2248 in
203 2195 593 2271 peccatores
643 2182 874 2251 divina
923 2183 1192 2271 justitia
1257 2206 1507 2273 magno
1570 2184 1738 2253 coeli
1810 2184 2051 2253 ardore
2101 2184 2603 2253 animadvertit.

26 2271 477 2375 ssArescebant
548 2293 706 2359 prae
758 2272 970 2340 nimio
1033 2287 1225 2341 aestu
1273 2274 1554 2341 arbusta
1602 2288 1666 2342 et
1728 2286 1987 2363 segetes
2035 2294 2298 2353 omneS,
2363 2273 2608 2341 messis

22 2386 47 2470 Γ
86 2359 256 2428 nulla
309 2382 471 2450 spes
506 2361 573 2429 in
629 2361 735 2431 his
786 2361 1182 2451 regionibus
1234 2361 1462 2431 relicta
1499 2377 1663 2443 erat,
1710 2362 2001 2431 flumina
2049 2382 2321 2449 quoque
2354 2381 2603 2451 magna

80 2466 149 2516 ex
200 2464 390 2537 parte
439 2451 999 2519 exsiccabantur:
1072 2451 1290 2538 pisces
1348 2452 1410 2519 vi
1458 2451 1706 2520 caloris
1754 2465 1819 2520 et
1865 2452 2101 2541 igneae
2152 2451 2610 2541 vaporationis

9 2588 12 2623 5
80 2538 461 2624 praefocati,
505 2561 711 2629 super
761 2539 986 2607 undas
1037 2537 1428 2608 ferebantur
1458 2564 1472 2606 :
1508 2541 1823 2629 jumenta
1872 2553 1936 2609 et
1985 2562 2228 2629 pecora
2287 2561 2449 2629 prae
2497 2539 2608 2608 siti

9 2674 17 2714 5
86 2628 326 2712 passim
382 2627 569 2696 domi
617 2642 683 2696 et
733 2628 797 2696 in
850 2628 1037 2716 agris
1091 2627 1500 2709 exanimata,
1563 2629 1994 2698 corruebant.
2045 2631 2180 2719 Ipsi
2233 2630 2433 2698 etiam
2489 2628 2610 2697 ho·

80 2714 285 2784 mines
322 2738 409 2785 ex
455 2730 779 2805 corrupto
813 2720 967 2785 aere
1014 2717 1361 2803 quandam
1411 2718 1649 2786 mortis
1698 2720 1991 2806 speciem
2047 2718 2466 2793 contraxisse
2510 2718 2605 2785 vi-

11 2856 14 2890 3
86 2799 430 2885 dabantur,
486 2819 640 2873 cute
689 2817 1000 2905 turgente
1045 2816 1110 2874 et
1174 2804 1401 2873 livida.
1472 2807 1646 2888 Quid
1703 2807 1951 2896 plura?
2012 2809 2275 2878 Diceres
2325 2805 2605 2876 confusa

80 2888 399 2962 elementa
439 2915 607 2980 pene
640 2917 897 2974 omnia,
951 2907 1036 2975 et,
1076 2895 1131 2962 si
1167 2894 1304 2963 dici
1331 2893 1432 2963 fas
1461 2909 1584 2974 est,
1627 2896 1693 2963 in
1724 2895 2070 2982 quoddam
2121 2897 2328 2965 cbaos
2361 2911 2604 2965 cuncta

89 2979 358 3051 redacta.
414 2982 538 3051 His
588 2982 795 3071 igitur
844 2983 1147 3071 paternis
1192 2983 1761 3072 castigationibus
1809 2984 2061 3052 eruditi
2116 2985 2578 3073 praevaricato

92 3085 224 3148 res,
274 3070 564 3140 redeunt
610 3072 693 3140 ad
745 3093 901 3152 cor,
979 3070 1343 3157 videntque
1394 3075 1460 3138 in
1540 3095 1609 3142 se
1661 3072 1928 3159 impleri
2002 3072 2169 3141 illud
2225 3074 2604 3160 Sapientis:

93 3158 395 3244 Puqnabit
422 3183 545 3250 pro
579 3183 650 3228 eo
688 3163 862 3229 orbis
897 3172 1233 3229 terrarum
1273 3171 1507 3236 contra,
1551 3163 1917 3230 insensatos
1945 3161 2136 3259 (Sap.
2178 3183 2235 3241 v,
2291 3162 2427 3249 21).
2459 3162 2605 3228 Jam

86 3247 225 3313 tacti
282 3261 549 3316 montes
596 3249 959 3338 fumigant,
1006 3250 1146 3333 jam
1264 3249 1696 3337 erpendunt‚
1752 3271 1959 3334 quam
2019 3249 2172 3316 vilis
2229 3262 2330 3318 est
2376 3250 2607 3318 carnis

86 3336 375 3416 materia,
428 3358 636 3423 quam
682 3337 905 3406 brevis
969 3350 1033 3406 et
1088 3337 1190 3406 foe
1244 3361 1279 3405 a
1340 3338 1688 3427 voluptas:
1747 3338 1974 3424 itaque
2021 3337 2104 3405 ad
2162 3337 2609 3425 poenitentiae

82 3416 362 3493 lamenta
411 3425 843 3517 confugiunt.
901 3432 1164 3494 Interea
1225 3432 1442 3516 HugO,
1515 3427 1959 3495 Suessionum
2016 3426 2434 3514 Episcopus,
2488 3424 2607 3492 ad-

84 3510 345 3580 modum
389 3516 771 3602 augebatur
818 3516 1073 3595 anim0‚
1111 3516 1290 3604 quod
1344 3537 1617 3605 gregem
1656 3516 1785 3584 sibi
1822 3516 2297 3593 commissum,
2357 3513 2610 3581 videret

82 3605 203 3696 lam
237 3604 446 3671 atroci
496 3604 738 3673 vastari
782 3606 1203 3683 exterminio,
1263 3627 1382 3672 nec
1445 3618 1671 3672 tamen
1712 3604 2208 3691 aequissimum
2261 3602 2375 3670 Dei
2419 3602 2609 3688 jucli-

86 3705 250 3756 cium
291 3691 576 3779 culpare
626 3705 872 3780 posset.
930 3693 1125 3760 Mittit
1172 3714 1332 3780 ergo
1379 3692 1827 3782 Novigentum
1858 3747 1872 3771 ,
1933 3693 2219 3762 accersit
2284 3690 2445 3759 inde
2499 3714 2611 3777 pa-

89 3784 235 3843 trem
315 3780 753 3849 Godefridum
794 3836 807 3858 ,
875 3782 1264 3850 sciscitatur
1302 3803 1379 3849 ex
1429 3803 1547 3856 eo,
1601 3803 1734 3867 qua
1805 3781 2063 3850 ratione
2112 3781 2199 3849 sit
2247 3778 2604 3848 avertenda

94 3880 393 3963 praesens
436 3869 536 3938 ira
569 3870 708 3938 Dei.
765 3869 888 3939 Illo
924 3869 1342 3947 consulente,
1391 3869 1720 3938 indicitur
1762 3893 1880 3958 per
1912 3892 2183 3939 omnem
2238 3868 2603 3936 dioecesim

84 3956 432 4046 jeminum,
476 3979 608 4026 non
664 3958 1063 4028 hominibus
1104 3958 1479 4040 dumtaxat,
1535 3959 1652 4026 sed
1694 3961 1894 4027 etiam
1939 3957 2275 4046 jumentis
2315 3969 2378 4025 et
2412 3977 2609 4044 peco-

96 4038 288 4120 ribus,
334 4059 407 4113 ut
436 4045 599 4113 olim
634 4046 817 4134 apud
868 4048 1223 4126 Ninivitas,
1280 4061 1355 4114 ut
1408 4046 1593 4133 quod
1646 4048 2003 4115 noxiorum
2049 4045 2254 4132 culpa
2308 4066 2607 4113 comme-

98 4145 322 4210 ruerat,
379 4133 803 4212 lactentium,
846 4137 1192 4205 insontum
1246 4150 1448 4220 atque
1489 4135 1692 4204 etiam
1748 4135 2103 4203 brutorum
2147 4133 2604 4201 animantium

99 4215 488 4289 abstinentia
517 4223 922 4310 expiaretur.
980 4224 1243 4293 Indicto
1274 4224 1526 4312 jejunii
1562 4223 1672 4291 die
1714 4225 2075 4291 innumera
2108 4222 2468 4307 utriusque
2509 4243 2608 4286 se-

98 4320 205 4372 xus
247 4306 604 4376 bominum
666 4311 861 4380 turba
924 4312 1107 4402 apud
1162 4312 1564 4381 Suessiones
1613 4312 1982 4389 confluxit,
2044 4309 2611 4392 adducebantque

103 4407 301 4462 sacras
339 4398 668 4482 reliquias
704 4398 765 4465 in
819 4402 1050 4470 aedem
1093 4400 1414 4489 Stephani
1449 4402 1991 4489 protomartyris,
2037 4398 2217 4484 quod
2261 4421 2338 4467 ea
2390 4411 2610 4467 tantm·
2645 4471 2738 4532 f
