2993 4837
49 289 193 355 Nov.
257 290 330 352 16
690 308 764 352 οε
813 308 866 352 s.
906 306 1203 353 anxuNno
1253 307 1348 352 Er.
1403 304 1860 354 CANTuAnOENsi
2335 293 2461 355 527

49 394 333 470 intentuS,
381 413 611 461 coram
663 412 733 458 se
783 390 1075 460 habebat
1124 391 1495 480 imaginem
1558 391 1932 461 eburneam
1985 392 2218 461 beatae
2270 394 2537 474 Mariae,

49 483 94 549 in
124 481 316 569 cujus
363 480 659 549 circuitu
716 479 1063 569 depictum
1107 492 1251 548 erat
1288 494 1555 548 nostrae
1593 479 2081 569 redemptionis
2116 482 2543 569 mysterium.

49 574 243 656 [taque
295 571 358 637 in
412 568 647 637 codice
706 567 1004 637 fervebat
1070 567 1289 647 lectio,
1346 568 1430 636 ad
1487 568 1884 657 imaginem,
1939 568 2037 637 vel
2088 590 2236 637 eam
2292 569 2541 659 potiuS,

50 681 210 744 piam
261 659 380 727 illa
431 657 1004 748 repraesentabat,
1044 679 1277 745 preces
1309 656 1809 745 dirigebantur:
1849 658 2178 744 utrinque‘
2219 680 2369 726 vero
2400 659 2568 746 ejus

49 747 239 816 inimo
268 747 600 816 influebat
630 745 1227 835 contemplationis
1262 745 1556 814 dulcedo
1587 759 1649 814 et
1678 747 1984 815 ecstasis,
2025 747 2300 828 Quoties
2335 747 2548 816 biblia

49 859 200 904 mera
231 836 600 927 aperiebat,
639 835 919 904 honoris
952 839 1160 903 causa
1202 847 1582 904 reverenter
1619 857 1695 903 ea
1730 834 2273 905 exosculabatur.

106 927 137 1011 ξ
177 933 303 999 11.
359 925 550 1028 Bgevi
599 936 825 993 autem
873 924 1042 992 mire
1090 925 1158 991 in
1211 923 1615 1014 Theologiae
1663 924 1892 992 studio
1944 922 2268 1012 profecit;
2340 923 2427 992 ita
2472 938 2547 993 ut

50 1017 189 1082 'ntra
234 1036 450 1084 annos
487 1035 761 1103 paucos,
818 1011 1053 1081 multis
1103 1034 1353 1112 magna
1400 1012 1834 1083 contentione
1884 1013 2354 1090 hortantibuS,
2417 1017 2542 1082 Do-

49 1103 212 1172 :toris
273 1103 467 1173 titulo
537 1114 822 1171 ornatus
870 1101 990 1169 sit:
1039 1100 1153 1170 sed
1219 1100 1285 1168 id
1336 1123 1502 1170 sane
1552 1101 1832 1182 invituS,
1892 1102 2073 1188 quod
2122 1101 2237 1169 illo
2287 1101 2544 1170 honore

49 1212 93 1258 3e
135 1191 490 1281 indignum
549 1190 1017 1258 arbitraretur.
1080 1194 1157 1257 At
1204 1211 1358 1258 vero
1400 1189 1544 1277 jam
1600 1203 1952 1279 promotus
2003 1190 2068 1258 in
2141 1195 2486 1259 Doctorem
2520 1245 2535 1271 ‚

49 1279 178 1348 ideo
220 1281 486 1349 cunctis
524 1278 843 1368 prodesse
878 1278 1165 1356 studuit,
1212 1278 1354 1348 acsi
1387 1299 1495 1346 om
1511 1278 1713 1348 nibus
1737 1279 2068 1368 juvandis
2103 1292 2305 1348 natus
2338 1293 2537 1348 esset.

49 1372 166 1436 Erat
213 1368 504 1458 profecto
544 1368 983 1436 concionator
1022 1367 1364 1456 egregius,
1409 1367 1796 1455 disputator
1851 1368 2319 1445 acutissimus,
2386 1367 2540 1456 pius

49 1456 402 1546 l'heologiae
442 1456 818 1547 professor:
873 1467 1076 1542 atque
1113 1455 1180 1523 in
1232 1456 1314 1524 iis
1365 1457 1691 1525 omnibus
1738 1455 1893 1525 aliis
1931 1456 2322 1526 effundebat
2358 1456 2538 1542 quod

49 1543 160 1632 lpse
202 1545 522 1623 hauserat
568 1545 651 1613 de
716 1544 1018 1614 fontibus
1068 1543 1458 1613 SalvatoriS.
1501 1550 1640 1613 Non
1680 1567 1832 1613 raro
1881 1546 2186 1632 contigit,
2227 1559 2302 1615 ut
2344 1545 2537 1614 multi

49 1645 87 1699 31
131 1635 342 1723 magni
398 1634 551 1713 viri,
591 1656 756 1705 cum
800 1634 949 1722 ejus
981 1633 1555 1723 praelectionibus
1584 1634 2007 1713 interessent,
2053 1635 2394 1722 lacrymas
2426 1656 2540 1703 co·
2604 1684 2610 1688 -

49 1720 241 1790 hibere
274 1745 404 1792 non
459 1736 759 1813 possent,
795 1722 912 1792 sed
948 1722 1219 1791 codices
1252 1721 1668 1811 complicare
1715 1735 2138 1813 cogerentur.
2179 1723 2302 1791 Mel
2342 1735 2405 1791 et
2438 1722 2541 1792 lac

49 1824 159 1876 erat
200 1811 323 1880 sub
373 1812 610 1900 lingua
646 1811 819 1900 ejus,
856 1824 920 1878 et
954 1810 1114 1878 inde
1165 1811 1338 1878 mira
1372 1811 1696 1891 suavitas,
1737 1813 1803 1879 in
1841 1811 2232 1880 auditorum
2274 1826 2534 1880 mentes

49 1896 401 1970 distillabat.
459 1899 654 1969 Multi
700 1921 778 1968 ex
848 1900 998 1986 ejus
1068 1898 1300 1970 schola
1353 1898 1665 1988 prodiere
1713 1898 2019 1969 doctores
2080 1901 2365 1980 eximii,
2418 1904 2536 1986 qui
2580 1921 2588 1929 ·

49 1986 207 2057 etiam
247 1990 415 2059 vitae
463 1990 616 2079 ejus
664 1987 944 2078 vestigia
996 2010 1118 2077 pro
1170 1987 1432 2057 viribus
1500 1988 1738 2056 sectari
1813 1989 2039 2057 conati
2102 2002 2299 2058 sunt:
2373 2011 2541 2057 non-

49 2075 186 2145 nulli
215 2078 691 2148 ecclesiasticis
738 2077 1092 2145 beneficiis
1141 2076 1452 2145 honorati
1493 2076 1590 2144 vel
1642 2077 1899 2145 onerati
1936 2077 2185 2165 potius,
2241 2077 2541 2145 flammis

49 2164 156 2232 oris
186 2168 322 2252 ejus
359 2169 428 2236 in
481 2165 715 2236 schola
753 2164 1204 2255 praelegentis
1248 2164 1534 2243 incensi,
1575 2165 1827 2234 relictis
1878 2166 2241 2245 omnibus,
2302 2187 2541 2233 mona·-

57 2251 243 2322 sticam
277 2256 483 2326 vitam
540 2253 829 2343 amplexi
882 2267 1066 2323 sunt.
1104 2255 1293 2342 Ignis
1331 2253 1515 2322 enim
1555 2254 1619 2321 in
1658 2254 1885 2323 cordis
1922 2254 2071 2343 ejus
2107 2254 2305 2322 altari
2347 2254 2539 2344 jugi-

58 2350 137 2406 ter
171 2343 417 2427 ardens,
457 2343 616 2413 aliis
663 2342 1061 2413 ostendebat
1113 2342 1285 2412 lucis
1347 2344 1489 2412 iter.
1545 2342 1854 2425 Quadam
1915 2355 2106 2412 nocte
2158 2343 2224 2410 in
2276 2343 2540 2412 somnis

52 2428 183 2498 vidit
223 2432 437 2522 ignem
480 2433 832 2522 copiosum
884 2433 1168 2501 existere
1206 2432 1271 2500 in
1316 2432 1550 2501 schola
1599 2455 1748 2512 sua,
1809 2445 2013 2519 atque
2065 2432 2220 2500 inde
2265 2438 2534 2521 'septem

49 2514 260 2590 faculas
289 2522 578 2593 extrahi.
634 2520 852 2591 Altera
895 2520 1045 2590 luce
1094 2521 1162 2589 in
1213 2520 1466 2590 scholis
1501 2543 1579 2589 eo
1633 2520 2082 2610 praelegente,
2124 2522 2346 2591 Abbas
2379 2522 2534 2607 qui-

49 2603 168 2676 dam
207 2611 666 2681 Cisterciensis
700 2609 965 2679 ordinis
995 2631 1074 2678 eo
1122 2608 1420 2689 advenit,
1465 2622 1531 2678 et
1574 2609 1859 2679 lectione
1900 2610 2238 2691 absoluta,
2280 2623 2534 2698 septem

49 2712 102 2762 ex
142 2697 272 2783 ejus
305 2699 671 2791 discipulis
719 2721 954 2768 secum
1018 2697 1321 2777 abduxit,
1375 2698 1494 2784 qui
1559 2720 1799 2767 omnes
1847 2697 2002 2767 sacti
2056 2713 2217 2768 sunt
2271 2699 2335 2767 in
2387 2698 2538 2785 ejus

49 2790 410 2859 monasterio
462 2787 806 2857 monachi.
863 2792 937 2856 ln
981 2787 1066 2855 iis
1100 2808 1283 2856 unus
1332 2785 1459 2855 suit
1510 2788 1920 2875 Stephanus,
1969 2789 2088 2874 qui
2142 2802 2367 2877 postea
2398 2787 2540 2856 Gla-

49 2873 396 2947 ravallensis
444 2878 668 2947 Abbas
715 2889 985 2945 creatus
1032 2889 1155 2944 est.
1208 2874 1388 2945 Nihil
1431 2874 1559 2943 hac
1626 2897 1715 2955 re,
1761 2887 2106 2962 tamquam
2170 2875 2534 2944 imminuto

49 2960 337 3035 auditorio
363 2988 513 3045 suo,
554 2965 951 3035 movebatur
975 2963 1420 3033 Edmundus:
1456 2963 1835 3034 laetabatur
1862 2967 2087 3053 potius
2117 2964 2233 3034 illo
2258 2965 2533 3043 damn0,

49 3050 188 3131 quod
235 3077 386 3124 cum
430 3054 821 3135 animarum
866 3052 1087 3122 salute
1134 3054 1581 3143 conjunctum
1631 3064 1829 3121 esset.
1881 3053 2365 3142 Disputaturus
2413 3051 2538 3121 ali-

49 3140 277 3288 quando
322 3143 402 3211 de
443 3156 879 3212 sacrosancta
912 3142 1259 3222 Trinitate‚
1313 3140 1624 3210 ascendit
1656 3141 1723 3208 in
1761 3141 2191 3210 cathedram:
2238 3163 2536 3227 cumque

49 3222 153 3293 ilic
196 3231 430 3300 sedens
478 3230 858 3318 discipulos
897 3244 1337 3321 exspectaret,
1391 3243 1456 3299 et
1504 3229 1667 3315 quid
1721 3229 2034 3299 dicturus
2064 3241 2261 3308 esset,
2308 3231 2539 3297 animo

49 3326 460 3400 pertractaret,
498 3342 741 3389 somno
780 3342 1177 3408 oppressus,
1232 3320 1399 3387 vidit
1431 3318 1826 3388 columbam
1880 3340 2177 3406 superne
2211 3317 2536 3386 advolan-

49 3406 169 3495 tem,
205 3426 447 3494 oreque
481 3430 606 3477 suo
646 3407 968 3476 serentem
1025 3408 1392 3477 mirificum
1427 3407 1671 3477 Christi
1723 3430 1998 3496 corpus,
2051 3421 2114 3476 et
2163 3408 2384 3495 ipsius
2434 3407 2534 3475 ori

49 3489 427 3577 inferentem,
494 3519 785 3583 moxque
832 3497 915 3565 ad
967 3520 1264 3587 superna
1318 3498 1757 3566 revolantem.
1826 3494 2387 3585 ExpergefactuS‚
2456 3495 2538 3561 de

49 3571 393 3653 beatissima
428 3586 752 3654 Trinitate
784 3598 917 3654 tam
977 3586 1345 3687 praeclare,
1400 3586 1791 3654 sublimiter
1839 3598 1904 3654 et
1951 3584 2331 3654 luculenter
2393 3582 2537 3651 dis-

49 3670 238 3750 3eruit,
276 3689 346 3742 ut
395 3674 682 3743 humani
735 3675 992 3762 ingenii
1030 3674 1309 3743 modum
1365 3696 1484 3762 pro
1539 3698 1574 3742 e
1621 3674 1991 3744 excessisse
2042 3672 2406 3740 videretur.

82 3758 138 3851 ,ἓ
180 3766 315 3830 12.
371 3763 575 3832 Multa
624 3763 684 3831 ei
719 3764 1152 3832 concionanti
1181 3762 1397 3852 gratia
1432 3785 1469 3831 a
1524 3776 1691 3841 erat,
1742 3763 1829 3831 ita
1881 3774 1956 3830 ut
2009 3762 2245 3849 ignitis
2285 3781 2538 3829 sermo-

49 3841 212 3913 nibus
249 3851 390 3919 suis
436 3853 705 3921 animos
753 3852 1173 3931 auditorum,
1211 3852 1656 3935 quantumvis
1691 3850 1999 3939 frigidos,
2037 3848 2403 3918 efficaciter
2430 3850 2536 3916 in—

49 3927 406 4008 flammaret.
456 3940 684 4010 =Sensit
746 3940 869 4010 hoc
927 3944 1163 4010 Comes
1202 3938 1612 4009 Wilhelmus
1674 3939 1987 4009 Salesbre
2019 3939 2074 4019 ’ζ
2120 3959 2325 4024 quem
2375 3942 2538 4006 Lon-

49 4038 170 4102 qam
199 4028 513 4114 Spatham
548 4029 1161 4119 cognominarunt:
1201 4029 1321 4114 qui
1372 4049 1532 4098 cum
1587 4027 1802 4097 multo
1852 4041 2154 4119 tempore
2203 4048 2330 4095 sua
2381 4048 2537 4116 pec-
2640 4084 2646 4090 .

49 4120 160 4175 cata
206 4115 547 4189 confessus
584 4140 717 4187 non
760 4130 959 4199 esset,
998 4140 1121 4186 nec
1155 4117 1352 4186 vellet
1378 4117 1763 4186 Christiano
1796 4139 1982 4186 more
2031 4128 2531 4185 sacrosanctam

50 4193 493 4296 Eucharistiam
550 4207 921 4296 percipere,
992 4207 1057 4275 in
1110 4206 1262 4295 ejus
1333 4206 1664 4275 concione
1722 4226 2094 4275 conversus
2141 4215 2281 4285 est,
2338 4217 2402 4273 et
2450 4203 2534 4272 ad

51 4284 352 4359 meliorem
403 4295 667 4384 frugem
729 4317 799 4365 se
857 4296 1134 4385 recepit.
1189 4295 1330 4364 Sub
1378 4294 1551 4384 ipsis
1604 4306 1829 4363 autem
1890 4293 2342 4363 concionibus
2392 4294 2538 4363 suis

89 4407 108 4431 ⁹
130 4409 249 4455 urbia
268 4416 451 4468 scilicet,
467 4431 589 4471 qnae
609 4422 739 4473 Angl.
763 4426 960 4463 vocatur
983 4422 1211 4472 fa'fsbmw
1231 4422 1302 4461 vel
1327 4423 1624 4461 Neu->sarum
