2993 4837
148 310 281 375 ,vett
325 311 357 370 3
827 326 897 370 nn
948 325 1003 370 s.
1060 320 1348 370 nnnnnro
1393 325 1496 388 ar.-
1553 323 1880 373 enonumffl
2444 310 2528 373 69

207 415 380 498 §lu
423 413 599 501 Ejus
632 423 843 478 autem
867 410 1203 499 migratio
1238 408 1467 478 intulit
1509 432 1810 499 superno
1840 410 2206 479 conventui
2246 410 2606 500 gaudium:

139 502 213 572 eis
243 514 455 579 autem,
520 500 651 586 qui
698 498 838 583 ejus
882 498 1225 567 consortio
1273 511 1556 567 eatenus
1615 497 1803 567 fruiti
1864 498 2155 579 fuerant,
2211 522 2488 589 gravem
2549 514 2616 570 et

138 611 267 678 pene
305 587 867 658 interminabilem
921 587 1204 656 luctum.
1273 592 1563 673 Eratque
1614 587 1839 656 videre
1905 608 2288 678 pauperum
2332 589 2610 659 fletibus

136 701 225 748 ora
251 678 457 767 rigata.
500 690 570 747 et
606 675 886 767 pastoris
911 698 983 744 se
1028 677 1595 761 conquerentium
1630 676 1992 745 destitutos
2024 677 2256 766 opima
2286 700 2610 768 praeseu-

134 771 234 837 tia:
277 766 753 836 monachorum
803 787 1076 851 quoque
1125 786 1386 855 gregeS,
1441 765 1732 854 jejuniis
1791 765 2046 855 pallida
2094 787 2214 834 ora
2271 780 2608 855 gerenteS‚

137 856 461 943 inculteque
510 855 754 924 habitu
804 855 1199 943 despectum
1261 854 1601 922 mundum
1657 867 2127 944 protestanteS‚
2183 855 2267 923 ad
2311 856 2433 924 viri
2502 857 2615 925 Dei

128 944 466 1015 inferiarum
503 945 824 1030 exequias
873 942 1275 1013 deducenda
1384 964 1776 1023 cucurrere,
1831 964 2181 1030 quamque
2216 944 2326 1033 pie
2364 957 2428 1013 et
2456 966 2614 1013 san-

123 1046 204 1102 cte
239 1033 559 1122 pontificis
593 1034 699 1102 sui
732 1033 863 1102 vita
896 1032 1297 1109 decurrerit,
1338 1030 1657 1100 sedulum
1697 1032 1999 1102 officium
2052 1055 2288 1101 eorum
2340 1033 2615 1119 altaque

120 1122 339 1193 devotio
371 1123 760 1192 testabatur.
818 1126 991 1191 Sane
1023 1143 1101 1189 eo
1150 1120 1470 1209 spiritum
1510 1120 1855 1202 reddente,
1894 1121 2327 1211 evangelium
2365 1122 2614 1193 Christi

123 1213 481 1301 perlegitur:
536 1224 600 1280 et
640 1233 718 1280 eo
773 1210 1086 1299 periente,
1124 1231 1298 1296 quae
1363 1210 1674 1290 mortuis,
1741 1210 1890 1300 piae
1942 1209 2166 1279 officia
2221 1211 2616 1300 sepulturae

121 1313 524 1388 praestantur.
581 1299 843 1368 Etenim
882 1321 1134 1388 corpus
1167 1297 1319 1385 ejus
1350 1298 1664 1368 ablutum
1707 1297 1723 1366 Ι
1759 1298 2036 1388 ἠιρὴί5,
2073 1311 2277 1386 atque
2311 1301 2614 1368 circ'um-

120 1388 310 1459 datum
341 1388 583 1479 pepliS,
622 1387 846 1458 loculo
896 1401 1397 1477 superponunt,
1436 1399 1637 1473 atque
1685 1322 1937 1458 elymum
1983 1409 2018 1457 e
2070 1387 2215 1457 loco
2262 1388 2416 1475 ejus
2465 1390 2615 1458 obi-

120 1492 223 1556 tus,
269 1479 379 1567 qui
412 1490 691 1547 vocatur
726 1482 922 1557 Fura,
980 1476 1301 1545 Leodium
1354 1475 1782 1545 transfertur.
1835 1483 2021 1559 Quae
2087 1477 2234 1547 loca
2290 1501 2328 1545 a
2378 1500 2449 1546 se
2488 1477 2616 1546 dif-

117 1568 306 1636 ferunt
336 1566 643 1635 millibus
680 1566 979 1655 triginta.
1029 1571 1202 1635 Sane
1254 1587 1373 1653 per
1423 1586 1627 1634 omne
1675 1587 1928 1654 corpus
1978 1567 2408 1645 reversioniS,
2467 1568 2616 1656 piae

114 1677 243 1724 oves
285 1655 593 1725 funebria
638 1656 1054 1741 exuviasque
1103 1652 1211 1723 sui
1245 1653 1603 1723 audientes
1637 1653 1884 1723 deferri
1957 1657 2268 1745 pastoris,
2340 1678 2419 1724 ex
2468 1678 2616 1724 om-

113 1744 289 1814 nibus
316 1743 486 1813 villis
516 1757 581 1813 et
616 1745 784 1812 locis
833 1744 1281 1821 confluentes,
1323 1742 1648 1812 ultimum
1702 1742 1845 1812 vale
1881 1744 2158 1824 dicturi,
2213 1744 2610 1814 adveniunt.

113 1834 317 1901 Omnis
346 1847 550 1913 aetas,
578 1846 868 1921 uterque
895 1854 1117 1911 sexuS,
1157 1853 1411 1901 curvus
1451 1844 1701 1911 arator,
1741 1854 2231 1922 pannosusque
2267 1832 2618 1903 bubulcus

113 1920 377 1991 dolorem
432 1922 758 2011 lacrymis
804 1920 1122 1999 confessi,
1188 1921 1588 1990 accedentes
1636 1932 1839 2009 atque
1886 1921 2159 1991 eminus
2214 1923 2610 2002 salutanteS,

119 2032 188 2096 pn
236 2012 335 2080 nis
371 2012 570 2080 etiam
594 2023 888 2100 'ectora
930 2009 1380 2089 verberantes,
1420 2008 1961 2097 proclamabant:
2003 2034 2037 2075 «
2071 2015 2214 2078 Heu
2253 2012 2408 2089 heu,
2448 2011 2611 2098 quid

102 2106 187 2167 'no
229 2099 279 2167 is
317 2101 655 2189 jamnunc
691 2111 894 2168 restat
934 2097 1222 2168 salutis?
1279 2103 1373 2166 En
1415 2097 1859 2168 destituimur
1918 2098 2375 2188 periclitantes
2423 2100 2617 2167 beni-

126 2187 411 2274 gnissimo
453 2186 917 2278 periculorum
960 2201 1346 2256 nostrorum
1388 2184 1885 2277 propulsatore,
1924 2187 2043 2274 qui
2090 2186 2444 2257 doloribus
2496 2211 2618 2256 no-

129 2275 254 2345 stris
281 2277 664 2346 consolator
713 2276 965 2354 aderat,
1025 2276 1430 2364 inopiaeque
1464 2275 1843 2358 miserator,
1894 2276 2363 2367 orphanorum
2415 2277 2609 2356 altor,

124 2362 390 2437 defensor
437 2366 830 2446 viduarum,
886 2364 1374 2451 doctrinaeque
1404 2363 1715 2434 coelestis
1754 2366 2050 2435 eximius
2098 2365 2354 2435 doctor.
2396 2367 2620 2453 Hujus

118 2457 456 2540 praesentia
507 2454 879 2544 fugabatur
924 2454 1179 2523 diaboli
1230 2455 1553 2532 saevitia,
1611 2454 1824 2523 seculi
1883 2455 2278 2524 calcabatur
2338 2477 2614 2545 pompa,

111 2555 163 2610 et
204 2543 263 2610 in
311 2565 439 2612 uno
492 2545 619 2613 isto
669 2543 899 2612 omnia
961 2543 1158 2613 nobis
1206 2556 1400 2611 erant
1456 2542 1808 2612 doctrinae
1841 2556 2043 2630 atque
2093 2543 2319 2632 operis
2383 2558 2617 2615 sancta

111 2632 632 2702 emolumenta.»
682 2633 879 2701 Hisce
928 2632 1207 2700 vocibus
1261 2631 1787 2721 planctibusque
1837 2631 2097 2701 similes
2139 2632 2618 2722 jungebantur

110 2720 585 2803 querimoniae,
639 2742 997 2808 quousque
1065 2721 1535 2809 suprascripto
1599 2741 1877 2790 emenso
1928 2721 2188 2811 spatiO,
2248 2722 2311 2789 in
2388 2720 2612 2790 locum

114 2807 488 2880 destinatum
536 2810 752 2878 sancti
789 2831 941 2878 ossa
991 2809 1316 2877 advexere
1367 2809 1730 2898 praesulis.
1937 2831 1946 2840 ·

186 2898 376 2982 311.
430 2904 595 2968 Cum
668 2909 893 2966 autem
961 2918 1169 2988 prope
1229 2897 1523 2966 eundem
1583 2897 1804 2966 locum
1871 2897 2337 2979 adventarent,
2396 2899 2618 2989 plebis

126 2982 443 3056 multitudo
484 2987 879 3077 gradusque
926 2987 1153 3054 omnis
1190 2986 1728 3067 Ecclesiasticus,
1770 3009 1927 3055 cum
1968 2987 2334 3058 reverendo
2376 2988 2617 3058 habitu

118 3068 341 3144 obviam
392 3077 651 3145 sanctis
685 3096 1071 3164 processere
1104 3075 1430 3163 exequiis,
1469 3074 1759 3144 ferentes
1799 3076 2032 3144 Crucis
2083 3076 2322 3145 vexilla
2358 3077 2414 3157 ²⁵,
2457 3101 2612 3146 san-

109 3173 477 3252 ctorumque
529 3164 934 3264 patrocinia,
987 3185 1248 3232 necnon
1300 3164 1714 3233 candelabra
1770 3163 2035 3232 lumine
2088 3164 2446 3244 radiantia,
2494 3166 2607 3234 sed

103 3263 157 3316 et
196 3267 487 3322 aromata
527 3275 592 3320 m
648 3251 1215 3340 thymiamateriis
1268 3252 1661 3332 redolentia,
1713 3251 2113 3344 psallenteS,
2168 3275 2342 3338 quae
2405 3254 2615 3322 moris

102 3351 188 3407 cst
216 3341 457 3414 talibus
497 3340 742 3410 officiis
783 3341 1152 3416 decantari.
1193 3343 1526 3411 carmina.
1575 3347 1742 3410 Dum
1789 3355 2015 3410 autem
2050 3340 2292 3410 feretro
2343 3342 2466 3409 viri
2504 3344 2617 3411 Dei

100 3429 589 3516 sejunxerunt,
645 3429 841 3498 dolor
892 3430 1338 3499 intolerabilis
1394 3431 1739 3499 canticum
1801 3430 2069 3499 cunctis
2135 3429 2503 3510 interdixit,
2555 3446 2620 3498 et

99 3511 339 3586 luctum
408 3519 676 3598 indixit,
736 3519 820 3587 ita
873 3533 1022 3587 uta
1074 3520 1237 3589 fletu
1302 3540 1500 3587 nemo
1552 3531 1775 3609 posset
1825 3531 2236 3608 temperare:
2291 3518 2406 3587 sed
2459 3541 2619 3588 con·

89 3606 538 3686 querebantur
575 3608 659 3675 de
709 3607 817 3676 sui
871 3610 1184 3696 pastoriS‚
1240 3607 1471 3676 dolore
1524 3629 1627 3675 ma
1686 3608 1849 3677 istro
1903 3607 2223 3688 dictante,
2281 3609 2618 3698 intempe-

93 3694 244 3762 stiva
298 3697 869 3766 subtractione...
926 3697 1045 3766 His
1109 3709 1173 3765 et
1222 3695 1570 3766 similibus
1659 3697 1830 3765 olori
1888 3696 2406 3775 satisfacienteS‚
2463 3719 2618 3766 san-

91 3784 384 3879 ctissima
435 3786 741 3854 membra
778 3785 843 3852 in
881 3790 947 3853 Β.
1000 3785 1168 3854 Petri
1199 3783 1553 3853 basilicam
1588 3784 1901 3864 intulere,
1933 3807 2139 3872 quam
2196 3787 2339 3874 ipsc
2381 3785 2618 3855 beatus

92 3891 181 3937 vir
227 3896 349 3943 sua
398 3875 777 3944 construxit
827 3873 1335 3943 munificentia:
1392 3873 1623 3959 ibique
1692 3873 1956 3943 facibus
2011 3876 2342 3955 accensis,
2401 3875 2619 3962 pervi-

89 3958 283 4043 gilem
338 3976 598 4034 noctem
657 3961 1026 4043 ducentes,
1094 3960 1571 4049 Davidicisque
1642 3963 1928 4031 canticis
1982 3984 2260 4052 operam
2328 3963 2614 4038 dantes,

91 4068 435 4136 usquequo
483 4051 583 4121 sol
618 4050 866 4140 jubare
901 4073 1025 4119 suo
1075 4050 1210 4140 poli
1251 4062 1601 4137 terraeque
1650 4051 1888 4120 faciem
1945 4050 2404 4138 perfunderet,
2474 4074 2622 4140 per-

92 4156 463 4210 severavere
516 4139 906 4230 psallentes.
962 4144 1115 4207 Post
1166 4138 1329 4208 baec
1380 4153 1606 4207 autem
1662 4140 1959 4208 induunt
2006 4162 2188 4218 cum,
2247 4155 2443 4229 prout
2478 4153 2622 4207 erat

90 4333 200 4377 ⁸9⁰6
230 4335 496 4376 Bruxellan:
524 4348 621 4387 quo
651 4346 786 4380 anno,
818 4334 1059 4377 incertum.
1089 4337 1229 4375 ‘roste
1257 4336 1509 4386 sigeberto,
1540 4347 1660 4376 nuno
1689 4337 1764 4375 735
1793 4347 1817 4375 e
1844 4337 1941 4374 vita
1963 4338 2163 4376 flacessit
2182 4348 2190 4380 ς
2210 4338 2268 4377 ια
2293 4334 2511 4384 ,tegimus
2533 4332 2618 4368 Bu·

90 4384 278 4432 thei-ins,
296 4392 369 4430 eui
388 4392 542 4430 Feller
563 4390 738 4437 alitque
760 4391 918 4437 plures
939 4390 1260 4434 consentiunt,
1283 4388 1413 4436 ponit
1436 4399 1609 4427 annum
1633 4390 1722 4428 727.

138 4439 157 4459 ²
191 4441 299 4481 Vide
319 4446 559 4493 antiquam
581 4443 952 4483 Christianorum
977 4443 1290 4484 devotionem.
