2993 4837
72 288 211 354 NOV.
256 288 291 352 4
850 305 927 351 nn
976 302 1030 349 s.
1084 304 1323 352 canoto
1372 305 1706 353 nonnouao
2340 290 2469 353 2219

74 402 432 480 pararentur,
471 389 557 457 ad
611 410 851 458 aurem
889 389 1179 479 supplex
1223 390 1415 479 petii;
1455 389 1682 458 dicere
1713 389 1881 457 illud
1934 388 2131 461 vellet
2162 390 2347 478 quod
2394 414 2558 461 san-

46 478 179 571 }ctus
207 478 515 548 Martinus
549 477 687 547 sub
730 490 1010 547 mortem
1063 478 1319 548 dixisse
1367 479 1642 568 legitur,
1695 481 1990 559 Domine,
2045 482 2109 548 si
2166 481 2391 548 adhuc
2435 503 2553 570 po-

46 571 185 658 }pulo
223 578 320 635 tuo
360 590 510 635 sum
557 569 994 647 necessarius,
1052 590 1182 637 non
1228 590 1455 637 recuso
1507 569 1798 637 laborem
1819 591 1841 636 .·
1900 590 2056 636 nam
2108 581 2175 636 et
2220 582 2379 637 ante
2425 591 2544 636 an·

46 668 158 725 &nos
205 653 575 735 duodecim,
623 677 786 725 cum
838 656 1242 745 gravissime
1289 669 1692 747 aegrotaret,
1749 655 1921 746 illud
1969 657 2146 725 idem
2184 657 2550 726 audieram

68 764 400 832 usurpasse.
458 748 553 813 An
599 765 839 814 secum
880 744 1146 823 dixerit,
1204 746 1485 834 ignoro:
1539 745 1653 813 sed
1724 746 1979 832 apertis
2045 745 2230 814 illico
2281 747 2502 816 oculis
2536 801 2551 823 ‚

68 853 257 918 meque
300 833 594 912 intuens,
652 847 1046 903 consuetam
1099 835 1384 902 omnino
1433 836 1622 903 visus
1661 846 1761 902 est
1794 834 2038 904 obtutu
2071 834 2310 903 saltem
2355 858 2548 922 prae-

66 933 200 988 stare
257 920 793 1011 benignitatem:
851 943 1272 1008 quamquam
1342 921 1520 990 idem
1574 923 1746 991 vitae
1805 923 2069 1011 ipsius,
2147 924 2263 1009 qui
2330 924 2548 992 sancti

58 1009 298 1090 lattini,
349 1024 487 1079 tum
523 1022 815 1080 eventus
862 1011 1010 1086 fuit,
1046 1024 1221 1079 recte
1272 1032 1426 1080 vero
1470 1010 1583 1080 ille
1616 1010 1700 1079 ad
1732 1012 1945 1080 sancti
1994 1011 2181 1081 illius
2231 1013 2550 1101 Episcopi

60 1096 447 1168 imitationem
504 1113 672 1169 tunc
727 1098 992 1168 invitari
1046 1100 1287 1188 potuit;
1340 1099 1453 1168 cui
1499 1112 1638 1169 tum
1694 1100 1762 1168 in
1819 1100 1974 1178 vita,
2031 1113 2173 1168 tum
2231 1101 2295 1168 in
2339 1116 2552 1169 morte

58 1186 229 1256 'multa
265 1187 495 1257 habuit
542 1187 831 1257 similia.
873 1193 1105 1257 Utrum
1151 1210 1383 1268 suum,
1425 1202 1501 1258 ut
1549 1190 1881 1258 Martinus
1921 1189 2377 1277 praesenserit
2410 1189 2556 1258 obi-

70 1284 195 1355 mm,
232 1276 568 1346 affirmare
621 1298 758 1347 non
808 1277 1182 1346 audemus:
1221 1299 1398 1364 quae
1431 1291 1588 1345 ante
1635 1292 2032 1355 evenerunt,
2085 1300 2399 1363 quaeque
2436 1301 2556 1347 no-

58 1362 258 1445 rimus,
286 1366 580 1454 simplici
617 1367 1009 1434 narratione
1033 1365 1235 1435 modo
1274 1366 1713 1455 protulimus
1752 1366 1874 1435 Sed
1915 1368 2247 1437 Martinus
2277 1388 2554 1453 quoque

58 1452 224 1543 (nuto
251 1467 395 1523 ante
445 1469 743 1523 mortem
792 1454 1233 1524 ecclesiastici
1289 1455 1540 1544 negotii
1571 1459 1816 1525 caussa
1869 1455 2231 1545 profectus,
2294 1457 2556 1525 viribus

60 1542 334 1627 eorporis,
376 1554 450 1611 ut
501 1547 795 1612 Severus
858 1554 1111 1622 narrat,
1165 1546 1386 1632 coepit
1452 1557 1728 1634 repente
1795 1544 2114 1625 destitui;
2184 1558 2249 1614 et
2297 1544 2557 1632 aliquot

60 1624 174 1725 {lies
203 1630 254 1697 vi
298 1630 590 1700 febrium
631 1630 950 1709 afflictus,
1008 1654 1141 1701 non
1201 1631 1421 1703 solum
1485 1636 1827 1703 orationes
1893 1634 2303 1723 vigiliasque
2351 1634 2555 1703 inter·

60 1716 273 1805 pittere
320 1717 559 1799 noluit,
621 1719 737 1790 sed
780 1741 862 1788 ne
914 1720 1071 1789 vilia
1122 1722 1401 1809 quidem
1454 1736 1822 1790 stramenta
1881 1723 2138 1807 jacenti
2200 1723 2329 1791 sibi
2385 1746 2550 1813 sup·

134 1806 184 1874 ni
230 1829 458 1895 passus
506 1821 656 1877 est:
704 1809 978 1895 jacebat
1009 1821 1234 1878 autem
1291 1811 1356 1877 in
1411 1811 1638 1879 cinere
1687 1824 1752 1879 et
1797 1810 2046 1879 cilicio.
2104 1812 2553 1881 Sanctissima

114 1892 221 1963 itur
248 1896 456 1966 hostia
527 1897 891 1967 celebriter
936 1897 1167 1976 allata,
1214 1898 1461 1988 capite,
1522 1899 1846 1977 brachiis,
1902 1913 2037 1968 toto
2070 1898 2368 1986 denique
2397 1922 2546 1969 cor·

135 2003 189 2051 re
235 1986 504 2055 Carolus
553 1986 927 2066 nitebatur,
994 1999 1068 2055 ut
1117 2001 1541 2077 assurgeret:
1598 1987 1711 2057 sed
1770 1988 1965 2056 nobis
2031 1988 2549 2075 adjuvantibus·

141 2159 149 2169 .
212 2074 290 2141 ita
334 2074 572 2144 saltem
610 2074 877 2155 extulit,
932 2090 1004 2144 ut
1056 2075 1232 2145 linea
1283 2087 1484 2153 veste,
1540 2099 1618 2143 ac
1670 2076 1835 2145 stola
1878 2076 2054 2145 collo
2098 2076 2404 2155 inducta,
2450 2099 2554 2145 re-

62 2179 249 2259 ῃςιοεεε
292 2177 804 2233 sacrosanctum
873 2164 1191 2234 viaticum
1256 2166 1630 2253 acciperet:
1697 2164 1877 2249 quod
1947 2177 2246 2233 extrema
2312 2166 2550 2233 unctio

49 2260 157 2347 v{tte
193 2250 479 2321 adhibita
520 2253 754 2322 statim
794 2266 1021 2322 secuta
1069 2268 1192 2334 est,
1223 2254 1481 2340 quibus
1517 2255 1582 2321 in
1629 2254 1842 2322 sacris
1892 2252 2138 2322 officiis
2181 2252 2350 2341 ipse,
2391 2275 2548 2321 cum

62 2346 194 2405 ntus
238 2340 637 2428 postulabat,
677 2362 820 2410 una
866 2364 1022 2410 cum
1076 2342 1231 2411 aliis
1281 2343 1613 2410 sacerdoti
1661 2342 2073 2429 respondere
2111 2341 2545 2410 conabatur:

62 2416 343 2511 bliquum
396 2443 675 2518 tempus
706 2445 1195 2520 consumptum
1247 2445 1349 2500 est
1397 2432 1463 2499 in
1521 2431 1828 2521 legendis
1869 2431 2123 2501 divinis
2156 2432 2435 2520 scriptis
2470 2431 2554 2501 de

60 2516 320 2690 Egone
370 2519 693 2598 Domini,
746 2518 1081 2605 aliisque,
1134 2520 1392 2606 quibus
1454 2521 1686 2589 anima
1751 2520 1865 2588 tali
1933 2536 2234 2610 tempore
2276 2521 2548 2606 juvari,

199 2627 271 2674 ue
298 2607 772 2678 commendari
822 2606 1126 2678 solemne
1157 2623 1281 2678 est.
1321 2613 1485 2677 Cum
1523 2621 1749 2678 autem
1791 2632 2034 2679 sensus
2074 2610 2399 2698 paulatim
2445 2632 2547 2676 re-

58 2685 531 2782 Btnguerentur,
605 2696 893 2766 Annibal
947 2696 1360 2786 Altempsius
1422 2701 1658 2768 Comes
1704 2699 1853 2786 ejus
1916 2699 2144 2767 affinis
2195 2721 2335 2767 uua
2383 2722 2542 2768 cum

60 2769 177 2868 filio
212 2785 484 2872 genibus
537 2785 782 2876 positis
830 2785 1119 2875 supplex
1168 2786 1300 2855 sibi
1344 2787 1534 2874 petiit
1586 2787 1920 2865 benedici;
1975 2787 2153 2874 quod
2215 2787 2390 2856 idem
2455 2787 2550 2855 se-

60 2873 183 2934 ³oere
216 2891 432 2943 omnes
484 2876 609 2961 qui
664 2873 970 2954 aderant,
1014 2897 1293 2944 manum
1329 2873 1438 2943 ille
1491 2876 1697 2944 movit
1731 2876 2036 2961 quidem,
2078 2877 2191 2944 sed
2253 2877 2382 2945 nisi
2414 2877 2551 2945 alio

76 2950 366 3058 *dinume
415 2962 655 3032 tollere
706 2985 838 3032 non
879 2965 1119 3052 potuit,
1156 2977 1233 3032 ut
1281 2963 1364 3032 de
1430 2985 1615 3032 more
1662 2966 1889 3033 crucis
1940 2966 2138 3054 signo
2193 2965 2550 3033 benedice-

58 3048 468 3141 ,retaliatum
508 3052 616 3120 illi
657 3073 815 3120 cum
869 3074 1064 3121 sacro
1121 3055 1349 3137 cinere
1398 3053 1884 3142 imposuimus,
1938 3075 2013 3121 ex
2076 3054 2388 3122 instituto
2442 3077 2549 3121 ve-

58 3133 182 3222 gten,
218 3139 374 3222 quod
416 3140 532 3209 ille
596 3142 662 3208 in
710 3140 884 3209 libro
935 3142 1189 3210 rituum
1242 3141 1568 3211 ecclesiae
1616 3163 1781 3211 suae
1844 3143 2149 3210 renovari
2192 3142 2539 3225 jusserat:

56 3231 128 3314 {pe
158 3227 357 3295 merito
403 3228 690 3316 quidem
745 3228 844 3298 vel
894 3229 977 3299 ad
1029 3231 1180 3319 ejus
1219 3231 1652 3318 asperitatem
1699 3231 1869 3298 vitae
1904 3229 2436 3319 significandam
2482 3230 2547 3297 id

54 3313 670 3460 {fetadhibendum
704 3319 1201 3388 continuerunt
1229 3318 1612 3388 liberiorem
1645 3318 1877 3387 fletum
1908 3317 2307 3398 familiares,
2332 3339 2517 3406 quan

54 3433 61 3448 ι
104 3414 154 3462 tu
197 3400 290 3471 ille
331 3406 595 3493 aliquid
649 3406 899 3475 sentire
948 3408 1133 3476 visus
1166 3422 1302 3476 est:
1348 3421 1416 3476 at
1454 3429 1614 3476 cum
1666 3408 1970 3475 animam
2028 3429 2228 3496 agere
2278 3407 2546 3494 coepit,

50 3457 201 3638 latiae
244 3512 357 3573 τρε,
406 3509 470 3564 et
512 3495 598 3564 ad
641 3495 983 3564 modicum
1040 3508 1311 3585 tempus
1344 3495 1646 3576 duravit,
1686 3511 1751 3565 et
1789 3518 2029 3584 parum
2073 3519 2232 3583 prae
2281 3518 2353 3563 se
2398 3496 2553 3564 tulit

48 3567 460 3726 {tfficultatiffi
519 3597 665 3652 tum
720 3605 873 3652 vero
948 3585 1291 3673 gemitus,
1363 3584 1706 3666 lamenta,
1762 3600 1966 3672 atque
2013 3585 2182 3653 adeo
2243 3583 2550 3670 ejulatus

48 3675 421 3763 ,tt-’ruperuntz
471 3672 586 3741 hic
642 3673 1004 3742 universae
1049 3673 1465 3743 christianae
1517 3674 1936 3763 reipublicae
1976 3675 2367 3763 jacturam;
2440 3671 2553 3741 ille

48 3745 526 3830 *lletliolanensis
574 3759 904 3830 ecclesiae
949 3783 1212 3841 casum,
1266 3774 1329 3830 et
1384 3763 1784 3841 orbitatem;
1838 3762 2018 3831 alius
2069 3775 2550 3850 susceptorum

68 3835 127 3934 &d
170 3844 265 3911 Dei
309 3848 591 3935 gloriam
666 3871 1031 3918 munerum
1104 3849 1664 3931 dissolutionem3
1717 3850 2034 3920 nonnulli
2105 3851 2359 3938 privata
2435 3849 2553 3918 de-

74 3931 347 4024 trimenta,
402 3937 884 4006 miserabiliter
925 3938 1202 4007 flebant.
1256 3940 1525 4008 Circum
1562 3940 1790 4009 cubile
1841 3939 2094 4014 locum,
2140 3960 2214 4007 ex
2288 3938 2551 4007 intimis

72 4028 320 4104 quisque,
375 4026 691 4096 morienti
741 4025 921 4095 Patri
970 4048 1179 4113 quam
1226 4029 1443 4117 potuit
1494 4029 1912 4116 proximum,
1956 4027 2150 4095 initio
2205 4040 2547 4116 coeperat.

74 4098 123 4198 ltl
151 4110 281 4177 usui
312 4112 508 4182 etiam
554 4115 707 4192 fuit,
747 4127 823 4183 ut
856 4137 995 4183 rem
1033 4115 1334 4202 aliquam
1373 4116 1459 4185 ab
1490 4116 1641 4204 ejus
1675 4137 1959 4205 corpore
1994 4129 2316 4196 sumeret,
2365 4138 2553 4184 amo-

78 4205 140 4255 ns
178 4196 637 4290 religionisque
687 4202 958 4292 gratia;
1012 4203 1122 4273 hic
1176 4225 1471 4290 namque
1531 4227 1793 4274 ceream
1863 4202 2027 4291 agni
2093 4203 2464 4294 imaginem
2517 4226 2553 4273 e

80 4278 204 4373 &tillo
233 4290 660 4375 pendentem;
715 4313 1035 4361 coronam
1089 4290 1234 4370 ille;
1269 4314 1407 4378 qua
1445 4294 1708 4376 precari
1758 4290 2055 4368 solebat;
2108 4290 2289 4361 alius
2336 4316 2553 4383 capu-

84 4367 299 4454 tiolum;
348 4379 460 4449 alii
507 4381 646 4451 alia
711 4379 821 4469 pie
886 4394 1301 4468 rapuerunt,
1356 4380 1637 4467 quidam
1702 4380 2013 4450 celeriter
2078 4378 2162 4446 ad
2233 4403 2335 4451 res
2386 4382 2554 4451 alibi
