2993 4837
499 355 626 419 404
1147 370 1223 415 m:
1273 370 1327 416 s.
1381 369 1660 416 mammo
1707 370 1802 414 Er.
1859 367 2211 414 TUnoNENSI
2614 346 2765 411 Not.
2804 347 2859 411 ll

409 454 596 524 aliud
634 474 840 541 quam
891 453 1094 522 vestis
1144 452 1523 521 videbatur.
1578 458 1840 522 Interea
1891 452 2127 520 Clarus
2164 451 2410 519 iratres
2450 450 2881 521 admonetora*
2972 460 2973 499 ³

410 544 578 613 tioni
629 543 962 621 insistere,
1002 553 1077 610 ut
1119 539 1548 610 manifestius
1586 543 1683 610 eis
1721 541 2070 619 Dominus,
2116 540 2450 626 quidnam
2485 552 2673 618 esset,
2704 551 2881 609 θείω·
2972 564 2973 571 “

408 632 616 701 deret.
672 636 907 717 Itaque
957 629 1297 716 reliquum
1352 631 1570 699 noctis
1603 630 1881 719 hymnis
1918 630 2339 719 psalmisque
2372 629 2797 696 consumitur.
2830 628 2885 697 A!

407 721 530 790 ubi
563 720 786 788 illuxit
820 718 988 800 dies,
1043 719 1549 819 apprehensum
1602 719 1871 787 dextera
1924 718 2192 786 trahere
2224 716 2308 785 ad
2348 716 2705 784 Martinum
2749 714 2885 784 vole*
2972 744 2973 765 ¹

407 810 597 887 bant,
654 808 826 877 bene
873 807 1129 875 conscii
1177 807 1375 876 illudi
1421 807 1619 876 illum
1656 806 1912 876 diaboli
1947 820 2088 875 arte
2121 828 2253 875 non
2301 827 2522 893 posse.
2567 811 2745 873 Tunc
2776 822 2889 873 veta

408 899 608 967 reniti
658 919 737 966 ac
786 896 1157 966 reclamare
1206 898 1416 966 miser
1458 897 1703 986 coepit,
1759 895 2337 981 interdictumque
2384 894 2519 962 sibi
2568 915 2711 962 esse
2755 892 2893 961 dice-

391 987 548 1060 bat,
600 1007 684 1055 ne
717 1007 787 1055 se
829 985 1113 1053 Martino
1151 986 1557 1055 ostenderet.
1613 990 1920 1072 Cumque
1966 985 2255 1052 invitum
2297 1004 2456 1051 eum
2510 985 2609 1050 ire
2654 979 2899 1071 compel—

414 1075 650 1155 lerent,
705 1075 879 1143 inter
928 1073 1340 1142 trahentium
1397 1096 1646 1142 manus
1695 1074 1900 1142 vestis
1936 1072 2236 1142 evanuit.
2280 1071 2471 1140 Unde
2499 1072 2657 1157 quis
2690 1071 2901 1140 dubitet

407 1163 587 1232 hanc
635 1164 834 1232 etiam
887 1162 1154 1231 Martini
1205 1162 1416 1231 fuisse
1465 1163 1823 1243 virtutem,
1880 1175 1953 1231 ut
2005 1161 2435 1250 phantasiam
2475 1182 2672 1231 suam
2714 1159 2907 1228 diaba-
2971 1186 2974 1193 ·

406 1251 540 1333 luS‚
578 1275 736 1321 cum
787 1263 931 1319 erat
981 1252 1250 1319 Martini
1297 1250 1518 1320 oculis
1568 1251 1987 1340 ingerenda,
2042 1248 2485 1319 dissimulare
2533 1248 2789 1318 diutius
2816 1254 2905 1316 aut
2972 1296 2973 1301 κ

408 1354 631 1427 tegere
683 1362 812 1408 non
869 1343 1140 1428 posset?
1187 1339 1751 1409 Animadversum
1784 1353 1886 1409 est
1916 1353 2169 1418 tamen,
2206 1337 2441 1407 eodem
2481 1337 2623 1405 fere
2653 1350 2853 1426 tempo

409 1428 619 1498 fuisse
659 1429 727 1497 in
764 1429 1117 1517 Hispaniis
1155 1429 1505 1517 juvenem,
1559 1429 1678 1515 qui
1726 1451 1887 1498 cum
1938 1427 2069 1496 sibi
2123 1425 2357 1495 multis
2389 1426 2617 1516 signis
2664 1424 2884 1494 aucto'

411 1530 612 1586 tatem
667 1518 1051 1605 paruisset,
1122 1538 1421 1603 eousque
1482 1517 1703 1587 elatus
1766 1530 1917 1596 est,
1970 1530 2045 1585 ut
2107 1538 2176 1585 se
2225 1515 2438 1584 Eliam
2496 1515 2893 1605 profiteretur
2972 1548 2973 1565 π

409 1606 596 1687 Quod
649 1628 806 1675 cum
848 1606 1154 1695 plerique
1204 1619 1452 1675 temere
1500 1606 1997 1685 credidissent,
2051 1603 2318 1673 addidit
2365 1617 2441 1672 ut
2487 1626 2561 1672 se
2609 1604 2910 1672 Christ·

406 1717 556 1764 esse
602 1694 875 1763 diceret.
931 1699 1006 1763 In
1057 1716 1192 1780 quo
1222 1695 1422 1763 etiam
1458 1694 1627 1763 adeo
1669 1694 1907 1775 illusit,
1945 1706 2023 1762 ut
2055 1715 2211 1762 eum
2244 1691 2529 1779 quidam
2577 1694 2842 1782 Episco
2869 1708 2890 1748 e>
2971 1706 2973 1743 ³

411 1783 630 1853 Rufus
678 1783 955 1852 nomine
987 1838 1001 1863 ,
1058 1795 1131 1852 ut
1182 1787 1387 1851 Deum
1441 1783 1777 1865 adoraret,
1834 1796 2107 1873 propter
2143 1780 2326 1868 quod
2377 1803 2536 1849 eum
2591 1794 2819 1869 postea

411 1872 824 1961 Episcopatu
872 1872 1207 1959 dejectum
1261 1871 1587 1941 vidimus,
1652 1872 1963 1958 Plerique
2010 1871 2211 1939 etiam
2275 1870 2474 1939 nobis
2530 1892 2569 1939 e
2627 1869 2916 1938 frati-iu.
2971 1914 2973 1923 ι

411 1961 809 2041 retulerunt,
865 1960 1100 2029 eodem
1139 1974 1441 2049 tempore
1476 1961 1545 2028 in
1590 1962 1859 2030 Oriente
1903 1959 2269 2046 quemdam
2306 1958 2614 2028 extitisse
2647 2014 2661 2039 ,
2716 1960 2827 2046 qui
2873 1983 2894 2018 ·:
2971 1972 2973 2013 l

406 2055 740 2118 ‚Ioannem
783 2070 931 2119 esse
971 2049 1336 2150 jactitaret.
1389 2054 1480 2117 Ex
1533 2071 1670 2136 quo
1708 2050 2045 2136 conjicere
2108 2069 2499 2136 possumuS,
2566 2049 2900 2117 istiusmn'

409 2138 1027 2239 pseudoprophetis
1058 2138 1531 2218 existentibus,
1564 2138 1957 2207 Antichristi
1992 2136 2359 2207 adventum
2392 2136 2801 2205 imminere:
2832 2147 2916 2222 qn·-

400 2249 547 2315 Jam
590 2228 659 2295 in
713 2227 863 2296 istis
903 2228 1304 2317 mysterium
1350 2226 1734 2311 iniquitatis
1772 2238 2117 2316 operatur.
2170 2230 2396 2311 Neque
2428 2226 2619 2294 enim
2716 2240 2919 2294 raeter·

407 2316 714 2384 eundum
773 2316 1063 2393 videtur,
1118 2326 1374 2401 quanta
1428 2316 1792 2384 Martinum
1852 2316 1982 2383 sub
2035 2313 2275 2383 iisdem
2334 2313 2584 2383 diebus
2701 2313 2860 2384 iabol
2897 2363 2922 2374 .-

412 2418 555 2474 arte
606 2404 979 2473 tentaverit.
1034 2404 1340 2487 Quodam
1384 2404 1566 2473 enim
1607 2403 1717 2474 die
1751 2404 2131 2505 praemissa
2167 2424 2325 2492 prae
2357 2425 2431 2471 se
2476 2414 2543 2472 et
2590 2406 2851 2474 circum
2886 2432 2892 2441 ·

407 2506 560 2563 ctus
607 2495 756 2582 ipsa
797 2494 947 2562 luce
986 2514 1353 2583 purpurea,
1397 2515 1535 2580 quo
1582 2493 1855 2563 facilius
1910 2493 2215 2561 claritate
2271 2493 2618 2581 assumpti
2672 2493 2857 2583 fulgo
2887 2490 2898 2502 ’

409 2581 749 2661 illuderet,
790 2595 968 2651 veste
999 2581 1200 2649 etiam
1243 2581 1425 2670 regia
1459 2581 1767 2661 indutus,
1808 2581 2192 2650 diademate
2216 2602 2295 2649 ex
2329 2581 2630 2669 gemmis
2658 2603 2863 2667 auroq

414 2670 816 2749 redimitus,
880 2668 1126 2738 calceis
1165 2693 1334 2739 auro
1391 2670 1629 2750 illitis,
1688 2692 1927 2740 sereno
1976 2692 2125 2750 ore,
2178 2668 2351 2738 laeta
2402 2667 2601 2749 facie,
2665 2684 2744 2739 ut
2794 2669 2934 2738 nih

413 2759 667 2838 minus,
698 2780 903 2845 quam
939 2758 1258 2827 diabolus
1290 2772 1670 2848 putaretur,
1703 2760 1924 2829 oranti
1953 2759 2020 2827 in
2055 2758 2305 2827 cellula
2331 2758 2619 2826 adstitit.
2657 2763 2864 2844 Cumq

413 2846 742 2917 Martinus
792 2847 1012 2935 primo
1051 2847 1378 2935 adspectu
1427 2848 1577 2930 ejus
1629 2848 1869 2917 fuisset
1916 2847 2297 2926 hebetatuS,
2342 2846 2467 2914 diu
2522 2847 2865 2934 multumq
2901 2874 2936 2907 ιιι

414 2933 761 3004 silentium
792 2933 996 3006 ambo
1031 2947 1416 3006 tenuerunt.
1452 2942 1619 3005 Tum
1655 2937 1840 3025 prior
1885 2936 2241 3005 diabolus:
2278 2940 2671 3024 «Agnosce,
2714 2936 2927 3023 inquit

410 3024 714 3104 Martine‚
754 3046 954 3109 quem
998 3026 1222 3093 cernis
1256 3048 1268 3092 :
1324 3025 1635 3094 Christus
1667 3047 1791 3116 ego
1831 3048 1983 3094 sum
2020 3049 2033 3091 :
2089 3024 2552 3093 descensurus
2586 3025 2674 3092 ad
2723 3039 2927 3096 terras

412 3113 605 3203 prius
657 3134 761 3179 me
796 3113 914 3180 tibi
961 3113 1392 3182 manifestare
1430 3113 1637 3182 volui.
1676 3137 1711 3180 »
1761 3113 1853 3182 Ad
1891 3114 2057 3183 haec
2097 3136 2254 3182 cum
2308 3114 2647 3182 Martinus
2689 3117 2931 3184 taceret

409 3223 629 3288 neque
658 3201 1027 3288 quicquam
1064 3203 1368 3291 responsi
1410 3202 1725 3271 referret:
1780 3203 2023 3272 iterare
2071 3223 2287 3271 ausus
2318 3215 2420 3270 est
2449 3200 2783 3272 diabolus
2815 3222 2931 3292 pro-

408 3290 725 3360 fessionis
772 3290 1181 3359 audaciam:
1235 3315 1270 3356 «
1297 3291 1604 3371 Martine‚
1643 3291 1808 3377 quid
1854 3291 2131 3360 dubitas
2163 3289 2437 3358 credere
2471 3312 2635 3359 cum
2684 3289 2932 3360 videas?

409 3380 717 3449 Christus
744 3400 867 3468 ego
895 3402 1075 3448 sum.
1111 3402 1146 3446 »
1183 3384 1351 3447 Tum
1395 3379 1533 3460 ille,
1568 3379 1905 3449 revelante
1939 3380 2065 3449 sibi
2106 3379 2388 3468 Spiritu,
2436 3392 2508 3447 ut
2549 3379 2777 3448 intelli
2864 3387 2933 3446 ret

408 3468 761 3538 diabolum
804 3483 974 3540 esse.
1017 3490 1148 3536 non
1194 3468 1554 3536 Dominum
1594 3493 1608 3534 ε
1665 3491 1701 3534 «
1729 3472 1868 3538 Non
1922 3490 2016 3547 se,
2075 3468 2320 3554 inquit,
2378 3469 2720 3537 Dominus
2756 3402 2932 3537 ὄξεος

411 3570 894 3647 purpuratum,
948 3568 1013 3624 et
1059 3556 1444 3625 diademate
1507 3557 1907 3626 renitentem
1961 3568 2324 3626 venturum
2384 3577 2535 3624 esse
2593 3556 2929 3646 praedixit.

408 3650 544 3734 Ego
593 3645 958 3725 Christum,
1017 3645 1148 3714 nisi
1194 3646 1260 3712 in
1304 3667 1381 3714 eo
1429 3645 1692 3727 habitu,
1738 3644 2117 3732 formaque,
2172 3667 2311 3731 qua
2353 3666 2603 3733 passus
2643 3660 2772 3726 est,
2826 3641 2931 3712 nisi

409 3736 643 3802 Crucis
677 3735 994 3823 stigmata
1040 3734 1554 3822 praeferentem,
1613 3733 1877 3803 venisse
1911 3756 2043 3802 non
2078 3734 2380 3802 credam.
2422 3757 2458 3799 »
2494 3733 2590 3802 Ad
2635 3734 2815 3803 hanc
2845 3730 2933 3799 ille

409 3843 635 3891 vocem
691 3823 944 3901 statim,
991 3836 1066 3890 ut
1124 3822 1360 3891 fumus
1397 3823 1695 3891 evanuit.
1753 3822 2078 3891 Cellulam
2138 3844 2411 3909 quoque
2473 3835 2662 3891 tanto
2714 3823 2933 3891 foetore

408 3912 794 4000 complevit,
852 3924 923 3979 ut
958 3910 1240 3980 indubia
1285 3911 1537 3980 indicia
1580 3910 1963 3997 reliqueret,
2004 3911 2357 3981 diabolum
2405 3933 2477 3979 se
2526 3911 2764 3980 fuisse.
2818 3914 2931 3977 Hoc

411 4001 496 4068 ita
534 4013 827 4091 gestum,
869 4013 942 4069 ut
973 4022 1181 4088 supra
1222 4001 1443 4080 retuli,
1479 4020 1560 4067 ex
1602 4001 1822 4089 ipsius
1860 4001 2129 4069 Martini
2168 4022 2285 4068 ore
2309 4001 2597 4089 cognovi
2631 4024 2645 4067 :
2684 4022 2767 4069 ne
2796 3997 2928 4084 quis

409 4088 577 4156 forte
623 4089 933 4158 exstimet
972 4088 1391 4158 fabulosum.

497 4181 532 4262 ἓ
581 4184 729 4249 16.
783 4183 944 4245 Nam
998 4200 1156 4246 cum
1193 4177 1382 4258 olim,
1442 4176 1675 4246 audita
1723 4178 1874 4265 ejus
1914 4176 2072 4256 fide,
2115 4177 2244 4245 vita
2297 4190 2501 4263 atque
2537 4176 2924 4246 virtutibus.

410 4264 746 4334 desiderio
786 4265 976 4352 illius
1009 4280 1507 4344 aestuaremus,
1545 4278 1806 4354 gratam
1837 4265 1920 4334 ad
1952 4288 2109 4334 eum
2148 4265 2522 4334 videndum
2566 4265 2928 4356 peregrina-

410 4353 662 4418 tionem
692 4354 1150 4442 suscepimuS,
1191 4354 1397 4423 simul
1427 4355 1592 4441 quia
1618 4355 1763 4440 jam
1793 4354 2075 4422 ardebat
2113 4356 2390 4423 animus
2429 4352 2619 4423 illius
2659 4353 2926 4422 scribere

410 4439 643 4516 vitam,
687 4442 929 4528 partim
969 4443 1056 4511 ab
1092 4444 1262 4532 ipso,
1307 4444 1715 4530 inquantum
1764 4442 1876 4512 ille
1912 4444 2319 4534 interrogari
2350 4444 2594 4534 potuit,
2635 4439 2924 4514 sciscitati
