2993 4837
536 324 661 386 304
1316 340 1391 385 nn
1440 341 1498 386 s.
1551 339 1876 386 momano
1924 339 2107 386 cour.
2709 320 2866 386 Nor.
2912 324 2954 417 ὃ]

446 423 805 510 oculisque
835 423 903 491 in
932 421 1193 490 coelum
1225 422 1537 500 sublatis,
1585 423 1944 492 Dominum
1979 445 2098 513 pro
2127 423 2241 492 illa
2271 424 2696 513 deprecatur.
2735 422 2954 517 Deinde

448 525 733 581 exeunte
767 510 885 580 illo
918 534 1074 580 cum
1115 516 1313 602 Rege,
1360 511 1716 581 confestim
1756 512 2010 601 Regina
2068 513 2351 602 peperit,
2404 527 2470 582 et
2518 514 2710 581 omni
2754 511 2947 580 dolore

448 600 762 670 absoluta
792 613 916 669 est.
951 604 1185 686 Itaque
1215 605 1350 670 Rex
1389 623 1548 669 cum
1586 600 1911 670 omnibus
1945 600 2089 670 suis
2126 600 2299 669 tollit
2335 601 2423 669 ad
2459 601 2686 672 sidera
2713 622 2944 677 manus,

450 689 684 759 laudat
720 688 1254 779 omnipotentem
1313 695 1547 770 Deum,
1602 689 1782 775 quod
1839 710 1957 779 per
1995 711 2267 757 servum
2311 712 2518 759 suum
2557 688 2946 759 Leonardum

455 789 591 847 tam
636 779 905 867 insigne
950 776 1241 846 ediderit
1294 776 1755 847 miraculum:
1801 777 1999 865 jubet
2051 778 2332 867 proferri
2394 799 2642 848 aureos
2695 800 2767 847 sc
2816 777 2948 867 phos

451 878 515 936 et
551 878 815 956 pateras
848 882 1227 955 argenteaS,
1276 865 1754 955 permultaque
1786 865 1943 946 alia,
1974 879 2038 934 et
2069 866 2515 956 gratitudinis
2548 889 2714 959 ergo
2795 865 2944 935 onari

448 957 646 1025 beato
686 954 1057 1025 Leonardo.
1115 954 1241 1024 Sed
1293 954 1408 1023 ille
1457 954 1663 1024 homo
1705 956 1843 1035 Dei,
1907 955 2019 1024 cui
2087 954 2394 1024 mundus
2431 968 2577 1025 erat
2622 955 2951 1025 crucifixus

451 1066 608 1112 cum
647 1044 972 1112 omnibus
1023 1044 1294 1133 pompis
1342 1043 1512 1123 suiS,
1558 1044 1742 1133 regia
1786 1065 2069 1113 munera
2121 1065 2256 1112 non
2299 1045 2574 1135 accipit,
2620 1045 2740 1114 sed
2777 1044 2950 1112 accito

452 1133 533 1201 ad
573 1155 643 1201 se
677 1134 841 1221 Regi
878 1132 1045 1200 dicit
1078 1154 1237 1202 voce
1292 1132 1702 1201 mitissima:
1758 1154 1794 1198 «
1828 1136 2089 1201 Donum
2148 1133 2286 1213 Dei,
2334 1133 2427 1202 mi
2485 1139 2650 1215 Rex,
2706 1132 2950 1223 pecunia

453 1243 586 1290 non
623 1235 1086 1310 comparatur,
1114 1220 1228 1289 sed
1264 1221 1476 1309 pretio
1508 1220 1666 1289 fidei
1689 1219 2012 1290 fidelibus
2043 1219 2593 1292 administratur.
2635 1228 2729 1292 Ea
2757 1223 2945 1322 igitur.

452 1332 629 1396 quae
689 1310 860 1378 mihi
903 1310 1138 1399 largiri
1199 1309 1493 1389 volebaS,
1550 1308 1633 1377 da
1694 1310 2118 1399 pauperibus
2153 1364 2167 1389 ,
2225 1309 2501 1392 viduis,
2574 1311 2871 1402 pupilliS,
2909 1322 2950 1378 et

458 1419 683 1467 rerum
725 1399 953 1487 inopia
989 1397 1484 1480 laborantibus,
1522 1411 1599 1467 ut
1632 1398 1852 1486 possis
1897 1410 2046 1487 post
2079 1397 2341 1467 obitum
2375 1413 2650 1469 aeterna
2686 1400 2950 1469 felicitate

460 1486 743 1577 perfrui.
798 1492 935 1577 Ego
977 1486 1168 1555 nullo
1202 1486 1447 1555 horum
1496 1486 1816 1577 indigeo:
1871 1487 1985 1556 sed
2034 1488 2102 1555 in
2145 1487 2430 1556 desertis
2465 1487 2662 1570 locis,
2698 1500 2950 1558 contem-

480 1576 591 1645 ›tis
626 1576 865 1643 mundi
903 1575 1184 1655 divitiis,
1225 1575 1346 1644 soli
1380 1574 1642 1645 Christo
1670 1575 1923 1644 servire
1954 1576 2183 1664 cupio.
2223 1580 2434 1663 Atque
2462 1599 2542 1646 ea
2574 1600 2790 1648 causa
2812 1576 2874 1645 su
2912 1576 2922 1585 “

458 1600 817 1764 liomjnum
860 1664 1117 1743 turbaS‚
1161 1678 1236 1732 ut
1276 1665 1540 1765 Christo
1576 1676 1769 1733 nocte
1807 1678 1872 1733 et
1901 1665 2011 1734 die
2046 1665 2371 1746 servienS,
2418 1667 2681 1756 possim
2716 1665 2796 1736 ad
2834 1682 2948 1754 opes

456 1767 842 1843 pertingere
878 1774 1235 1838 nunquam
1275 1765 1634 1842 perituras
1675 1776 1711 1819 »

545 1844 581 1929 ξ
629 1847 715 1913 5.
771 1841 1147 1931 Respondit
1193 1855 1420 1911 autem
1464 1841 1582 1909 illi¹
1621 1846 1800 1911 Rex:
1857 1865 1892 1908 «
1932 1842 2416 1911 Sanctissimae
2464 1842 2799 1912 voluntati
2842 1854 2950 1937 tuae·¹

454 1930 770 2017 equidem
805 1929 1079 1998 abunde
1163 1952 1396 2000 ossum
1436 1930 1848 2011 satisfacere,
1882 1944 1949 1999 et
1985 1952 2139 1999 ecce
2175 1942 2386 1999 totum
2427 1930 2555 2000 hoc
2599 1953 2842 2000 nemus
2868 1928 2946 1996 tibi

459 2019 720 2088 tradam
767 2018 1083 2108 possiden
1144 2042 1289 2088 um.
1330 2042 1365 2085 »
1400 2058 1482 2067 —
1517 2041 1552 2085 «
1588 2023 1725 2107 Ego
1773 2041 1965 2098 ver0,
2021 2020 2244 2106 inquit
2286 2019 2525 2089 beatus
2577 2017 2941 2091 Leonardus.

456 2130 588 2178 non
626 2120 867 2190 totum,
914 2107 1029 2175 sed
1066 2108 1216 2197 ejus
1262 2120 1524 2176 tanturn
1568 2120 1823 2196 partem
1869 2108 2215 2194 quandam
2272 2131 2305 2175 a
2367 2120 2429 2176 te
2475 2110 2839 2199 accipiam,
2882 2124 2946 2172 se-

408 2196 411 2201 ’
456 2197 816 2266 renissime
852 2201 1011 2277 Rex,
1056 2195 1335 2284 quando
1374 2196 1543 2265 adeo
1594 2209 1988 2286 promptum
2026 2209 2089 2265 te
2120 2196 2451 2285 experior.
2499 2201 2742 2284 Itaque
2785 2214 2948 2283 quan·

456 2297 602 2354 turn
656 2297 849 2353 nocte
901 2298 1134 2375 potero
1167 2284 1377 2353 asello
1428 2307 1577 2353 meo
1613 2297 1845 2354 vectus
1892 2285 2280 2364 circumire,
2329 2297 2595 2354 tanturn
2641 2287 2789 2355 dari
2826 2280 2946 2351 mihi

462 2386 640 2464 peto.
679 2396 714 2440 »
750 2374 1003 2444 Annuit
1054 2378 1187 2443 Rex
1223 2373 1695 2456 libentissime,
1722 2374 2067 2464 jussitque
2099 2396 2302 2443 omne
2352 2373 2521 2447 illud
2559 2377 2851 2466 spatium
2887 2371 2946 2470 ¹³?

462 2463 685 2551 pideis
726 2463 1039 2532 terminis
1076 2462 1375 2532 definiri.
1423 2463 1666 2532 Mansit
1699 2477 1922 2531 autem
1969 2464 2069 2533 vir
2106 2463 2214 2532 Dei
2259 2464 2324 2531 in
2379 2462 2497 2532 illo
2539 2464 2709 2544 loco,
2767 2459 2946 2534 condi·

456 2552 693 2638 ditque
735 2551 823 2619 ibi
861 2552 1232 2620 oratorium
1274 2552 1340 2618 in
1381 2551 1706 2621 honorem
1744 2553 2178 2621 beatissimae
2219 2553 2449 2621 Matris
2502 2555 2639 2634 Dei,
2682 2555 2752 2622 in
2800 2551 2950 2636 cujus

462 2640 743 2710 sinistro
785 2638 990 2708 latere
1029 2640 1241 2708 altare
1288 2640 1577 2708 alterum
1629 2641 2008 2709 construxit
2060 2640 2126 2708 in
2170 2641 2345 2711 beati
2399 2643 2692 2732 Remigii
2746 2657 2946 2711 memo-

461 2729 661 2797 riam.
718 2729 892 2798 vixit
932 2750 1087 2798 vero
1124 2729 1547 2818 parcissime,
1595 2750 1848 2819 corpus
1889 2729 2207 2816 jejuniis,
2266 2729 2521 2819 vigiliis
2568 2745 2635 2799 et
2685 2729 2950 2821 precibus

462 2838 841 2885 macerans,
894 2817 1219 2904 Adjunxit
1257 2839 1530 2904 quoque
1564 2818 1693 2888 sibi
1745 2817 1919 2887 duos
1971 2818 2366 2899 monachos,
2406 2820 2535 2889 vita
2578 2834 2645 2889 et
2695 2818 2944 2888 moribus

406 2919 409 2924 '
460 2904 841 2994 religiosoS,
888 2919 963 2974 ut
1004 2907 1070 2973 in
1109 2927 1186 2973 ea
1227 2906 1513 2976 ecclesia
1557 2906 1885 2996 perpetim
1922 2905 2156 2975 divina
2194 2910 2514 2997 mysteria
2549 2908 2940 2977 celebrarent.

460 2993 739 3080 quando
798 2995 940 3084 ipse
1005 3007 1399 3063 sanctorum
1464 2994 1708 3063 limina
1771 2994 2014 3064 orandi
2074 3017 2283 3064 causa
2341 2996 2667 3066 visitaret.
2735 2992 2942 3084 Solebat

457 3083 643 3151 enirn
684 3104 803 3172 pro
842 3105 1024 3152 more
1056 3083 1461 3172 saepissime
1491 3083 1681 3152 adire
1719 3083 2071 3153 basilicam
2110 3084 2285 3153 beati
2324 3085 2653 3156 Martialis
2684 3086 2944 3175 Episcopt

459 3172 998 3240 Lemovicensis:
1053 3184 1256 3259 atque
1303 3194 1382 3240 ea
1429 3176 1640 3241 causa
1674 3171 1944 3242 nolebat
1990 3173 2361 3242 oratorium
2413 3196 2619 3244 suum
2672 3196 2811 3244 esse
2840 3170 2941 3264 sine

461 3261 824 3340 ministr0,
881 3261 1043 3329 dum
1091 3261 1236 3350 ipse
1284 3260 1570 3331 abesset.
1630 3260 2000 3330 Difficulter
2064 3276 2289 3331 autem
2351 3261 2492 3330 illic
2548 3286 2582 3330 a
2646 3258 2942 3332 monachis

458 3372 637 3436 aqua
686 3350 976 3419 obtineri
1048 3351 1312 3439 potuit,
1366 3349 1547 3436 quod
1601 3349 1737 3419 fere
1785 3372 1925 3419 uno
1992 3349 2268 3419 milliari
2323 3352 2748 3440 apportanda
2793 3355 2938 3417 esset

462 3443 817 3526 Rogarunt
867 3439 1077 3528 igitur
1117 3439 1388 3507 beatum
1445 3439 1874 3507 Leonardum
1913 3493 1927 3519 ,
1990 3451 2064 3506 ut
2105 3439 2300 3525 juxta
2347 3439 2707 3508 ecclesiam
2751 3450 2940 3524 aquam

461 3529 631 3615 ipsis
682 3528 1096 3614 impetraret.
1135 3528 1354 3596 Jussit
1393 3549 1556 3617 ergo
1596 3527 1887 3596 humum
1939 3527 2154 3595 instar
2208 3529 2394 3617 putei
2437 3528 2621 3609 fodi,
2679 3537 2944 3608 stansque

460 3637 669 3704 supra
718 3615 1031 3685 effossam
1069 3615 1389 3694 humum,
1444 3617 1660 3684 oravit
1708 3617 2102 3695 Dominum,
2155 3630 2221 3684 et
2271 3638 2426 3685 mox
2467 3638 2796 3707 perennes
2832 3630 2944 3680 eru·

466 3717 714 3793 perunt
761 3726 1002 3791 aquae,
1050 3725 1226 3790 quae
1280 3725 1502 3791 usque
1546 3705 1611 3771 in
1672 3704 1858 3773 hunc
1907 3703 2088 3772 diem
2143 3704 2270 3773 loci
2312 3706 2462 3794 ejus
2503 3700 2944 3796 habitatoribus

462 3810 697 3882 potum
758 3794 1106 3882 praebent.
1160 3798 1365 3861 Porro
1413 3792 1640 3861 locum
1697 3794 1923 3881 ipsum
1970 3793 2210 3862 beatus
2259 3795 2654 3863 Leonardus
2707 3787 2943 3863 Nobilia-

458 3904 615 3952 cum
652 3882 685 3917 ²*
720 3882 853 3951 dici
894 3882 1128 3963 voluit,
1173 3881 1354 3969 quod
1397 3903 1433 3949 a
1470 3880 1900 3950 nobilissimo
1934 3887 2113 3971 Rege
2151 3903 2308 3951 eum
2346 3882 2527 3952 dono
2556 3882 2906 3972 accepisset.

547 3973 582 4058 ξ
631 3975 723 4040 ss.
782 3971 916 4039 Etsi
980 3984 1206 4040 autem
1261 3970 1468 4039 latere
1520 3982 1920 4060 percuperet
1975 3971 2078 4038 vir
2135 3984 2465 4052 sanctuS,
2526 3987 2588 4042 et
2639 3970 2936 4039 hominum

460 4059 913 4145 frequentiam
975 4060 1277 4150 fugeret,
1333 4059 1611 4146 quando
1671 4073 1892 4128 tamen
1937 4060 2177 4128 civitas
2215 4060 2544 4130 abscondi
2601 4082 2727 4129 non
2775 4059 2936 4146 potest

458 4169 671 4236 supra
702 4160 1001 4216 montem
1044 4149 1282 4237 posita,
1326 4148 1594 4218 infinita
1644 4149 1727 4217 ad
1763 4170 1919 4217 eum
1963 4147 2137 4217 male
2175 4149 2546 4219 valentium
2592 4148 2771 4217 turba
2810 4158 2936 4239 con·

461 4235 704 4315 fluxit,
758 4235 1265 4324 curabaturque
1327 4238 1413 4307 ab
1474 4258 1576 4307 eo.
1647 4241 1850 4306 Fama
1917 4237 2297 4308 sanctitatis
2352 4237 2502 4326 ejus
2566 4235 2930 4324 Aquitaniam

459 4395 1001 4498 Ngbgi‘rgzzpplcggfflpm
1029 4400 1117 4440 hoc
1151 4409 1178 4439 ι
1205 4399 1250 4440 Β.
1282 4400 1526 4442 Leonti-do
1554 4410 1645 4443 con
1658 4404 1813 4448 litum.
1841 4412 1989 4452 pagus
2018 4402 2186 4443 deinde
2225 4402 2419 4443 exortus
2449 4402 2538 4449 est.
2563 4399 2637 4452 qni
2664 4403 2703 4442 S.
2725 4387 2930 4438 [lo-&³³
