<?xml version="1.0" encoding="UTF-8"?>
<!DOCTYPE html PUBLIC "-//W3C//DTD XHTML 1.0 Transitional//EN"
    "http://www.w3.org/TR/xhtml1/DTD/xhtml1-transitional.dtd">
<html xmlns="http://www.w3.org/1999/xhtml" xml:lang="en" lang="en">
 <head>
  <title>
</title>
<meta http-equiv="Content-Type" content="text/html;charset=utf-8" />
  <meta name='ocr-system' content='tesseract 3.04.00' />
  <meta name='ocr-capabilities' content='ocr_page ocr_carea ocr_par ocr_line ocrx_word'/>
</head>
<body>
  <div class='ocr_page' id='page_1' title='image "./historiaeseuvit05lippgoog_0851.png"; bbox 0 0 2993 4837; ppageno 0'>
   <div class='ocr_carea' id='block_1_1' title="bbox 15 318 2583 386">
    <p class='ocr_par' dir='ltr' id='par_1_1' title="bbox 15 318 2583 386">
     <span class='ocr_line' id='line_1_1' title="bbox 15 318 2583 386; baseline 0.001 -3"><span class='ocrx_word' id='word_1_1' title='bbox 15 322 150 384; x_wconf 70' lang='lat' dir='ltr'>CT.</span> <span class='ocrx_word' id='word_1_2' title='bbox 212 323 314 384; x_wconf 71' lang='lat'>25</span> <span class='ocrx_word' id='word_1_3' title='bbox 880 334 1407 383; x_wconf 63' lang='lat' dir='ltr'>uanrvnozocmu</span> <span class='ocrx_word' id='word_1_4' title='bbox 1455 336 1887 384; x_wconf 57' lang='lat' dir='ltr'>umusrnunx</span> <span class='ocrx_word' id='word_1_5' title='bbox 2422 318 2583 386; x_wconf 70' lang='lat'>9551*</span> 
     </span>
    </p>
   </div>
   <div class='ocr_carea' id='block_1_2' title="bbox 13 417 2675 1518">
    <p class='ocr_par' dir='ltr' id='par_1_2' title="bbox 13 417 2675 1518">
     <span class='ocr_line' id='line_1_2' title="bbox 13 417 2673 499; baseline 0.001 -17"><span class='ocrx_word' id='word_1_6' title='bbox 13 438 106 483; x_wconf 65' lang='lat' dir='ltr'>aiu</span> <span class='ocrx_word' id='word_1_7' title='bbox 142 420 587 482; x_wconf 76' lang='lat' dir='ltr'>ducebamur</span> <span class='ocrx_word' id='word_1_8' title='bbox 610 467 627 493; x_wconf 94' lang='lat'>,</span> <span class='ocrx_word' id='word_1_9' title='bbox 659 419 852 498; x_wconf 80' lang='lat' dir='ltr'>capite</span> <span class='ocrx_word' id='word_1_10' title='bbox 883 418 1153 479; x_wconf 87' lang='lat' dir='ltr'>truncari</span> <span class='ocrx_word' id='word_1_11' title='bbox 1187 417 1337 478; x_wconf 84' lang='lat' dir='ltr'>sole·</span> <span class='ocrx_word' id='word_1_12' title='bbox 1401 417 1536 478; x_wconf 89' lang='lat' dir='ltr'>bem</span> <span class='ocrx_word' id='word_1_13' title='bbox 1570 424 1631 479; x_wconf 84' lang='lat' dir='ltr'>et</span> <span class='ocrx_word' id='word_1_14' title='bbox 1672 423 2125 481; x_wconf 88' lang='lat' dir='ltr'>constituerunt</span> <span class='ocrx_word' id='word_1_15' title='bbox 2156 420 2523 499; x_wconf 89' lang='lat' dir='ltr'>episcopum.</span> <span class='ocrx_word' id='word_1_16' title='bbox 2556 421 2673 484; x_wconf 87' lang='lat' dir='ltr'>Eu·</span> 
     </span>
     <span class='ocr_line' id='line_1_3' title="bbox 15 495 2674 577; baseline 0 -15"><span class='ocrx_word' id='word_1_17' title='bbox 15 510 156 572; x_wconf 80' lang='lat' dir='ltr'>ant,</span> <span class='ocrx_word' id='word_1_18' title='bbox 192 515 360 561; x_wconf 87' lang='lat' dir='ltr'>cum</span> <span class='ocrx_word' id='word_1_19' title='bbox 395 509 606 561; x_wconf 87' lang='lat' dir='ltr'>antea</span> <span class='ocrx_word' id='word_1_20' title='bbox 645 508 887 577; x_wconf 90' lang='lat' dir='ltr'>propter</span> <span class='ocrx_word' id='word_1_21' title='bbox 913 505 1145 577; x_wconf 88' lang='lat' dir='ltr'>spectra</span> <span class='ocrx_word' id='word_1_22' title='bbox 1179 497 1337 557; x_wconf 87' lang='lat' dir='ltr'>inac-</span> <span class='ocrx_word' id='word_1_23' title='bbox 1398 495 1608 558; x_wconf 89' lang='lat' dir='ltr'>lalium</span> <span class='ocrx_word' id='word_1_24' title='bbox 1644 514 1789 559; x_wconf 85' lang='lat' dir='ltr'>vero</span> <span class='ocrx_word' id='word_1_25' title='bbox 1819 501 2117 560; x_wconf 89' lang='lat' dir='ltr'>miserunt</span> <span class='ocrx_word' id='word_1_26' title='bbox 2147 498 2304 560; x_wconf 84' lang='lat' dir='ltr'>foras</span> <span class='ocrx_word' id='word_1_27' title='bbox 2339 506 2395 560; x_wconf 89' lang='lat' dir='ltr'>in</span> <span class='ocrx_word' id='word_1_28' title='bbox 2430 498 2674 577; x_wconf 90' lang='lat' dir='ltr'>Campa·</span> 
     </span>
     <span class='ocr_line' id='line_1_4' title="bbox 13 576 2672 655; baseline 0 -12"><span class='ocrx_word' id='word_1_29' title='bbox 13 597 191 643; x_wconf 78' lang='lat' dir='ltr'>essus</span> <span class='ocrx_word' id='word_1_30' title='bbox 244 588 456 651; x_wconf 85' lang='lat' dir='ltr'>esset,</span> <span class='ocrx_word' id='word_1_31' title='bbox 516 578 820 655; x_wconf 81' lang='lat' dir='ltr'>deinceps</span> <span class='ocrx_word' id='word_1_32' title='bbox 870 583 1166 655; x_wconf 62' lang='lat' dir='ltr'>purgatus</span> <span class='ocrx_word' id='word_1_33' title='bbox 1215 582 1335 650; x_wconf 85' lang='lat' dir='ltr'>est;</span> <span class='ocrx_word' id='word_1_34' title='bbox 1401 580 1585 638; x_wconf 90' lang='lat' dir='ltr'>niam.</span> <span class='ocrx_word' id='word_1_35' title='bbox 1621 576 1758 638; x_wconf 87' lang='lat' dir='ltr'>Post</span> <span class='ocrx_word' id='word_1_36' title='bbox 1785 595 1978 640; x_wconf 80' lang='lat' dir='ltr'>annos</span> <span class='ocrx_word' id='word_1_37' title='bbox 2016 588 2133 640; x_wconf 89' lang='lat' dir='ltr'>tres</span> <span class='ocrx_word' id='word_1_38' title='bbox 2162 589 2222 639; x_wconf 91' lang='lat' dir='ltr'>et</span> <span class='ocrx_word' id='word_1_39' title='bbox 2267 595 2505 640; x_wconf 83' lang='lat' dir='ltr'>menses</span> <span class='ocrx_word' id='word_1_40' title='bbox 2537 588 2672 643; x_wconf 89' lang='lat' dir='ltr'>octo</span> 
     </span>
     <span class='ocr_line' id='line_1_5' title="bbox 13 656 2670 739; baseline -0.001 -16"><span class='ocrx_word' id='word_1_41' title='bbox 13 662 320 739; x_wconf 74' lang='lat' dir='ltr'>iultaque</span> <span class='ocrx_word' id='word_1_42' title='bbox 353 660 487 721; x_wconf 86' lang='lat' dir='ltr'>alta</span> <span class='ocrx_word' id='word_1_43' title='bbox 527 658 836 719; x_wconf 88' lang='lat' dir='ltr'>miracula</span> <span class='ocrx_word' id='word_1_44' title='bbox 868 657 938 718; x_wconf 82' lang='lat' dir='ltr'>ad</span> <span class='ocrx_word' id='word_1_45' title='bbox 975 657 1217 718; x_wconf 90' lang='lat' dir='ltr'>illorum</span> <span class='ocrx_word' id='word_1_46' title='bbox 1253 662 1338 716; x_wconf 87' lang='lat' dir='ltr'>tu·</span> <span class='ocrx_word' id='word_1_47' title='bbox 1396 656 1722 717; x_wconf 83' lang='lat' dir='ltr'>defunctus</span> <span class='ocrx_word' id='word_1_48' title='bbox 1776 665 1867 719; x_wconf 89' lang='lat' dir='ltr'>est</span> <span class='ocrx_word' id='word_1_49' title='bbox 1923 658 2363 720; x_wconf 80' lang='lat' dir='ltr'>Bonisacins....</span> <span class='ocrx_word' id='word_1_50' title='bbox 2395 659 2505 719; x_wconf 86' lang='lat' dir='ltr'>Hic</span> <span class='ocrx_word' id='word_1_51' title='bbox 2531 677 2670 721; x_wconf 90' lang='lat' dir='ltr'>con-</span> 
     </span>
     <span class='ocr_line' id='line_1_6' title="bbox 13 736 2668 815; baseline 0 -14"><span class='ocrx_word' id='word_1_52' title='bbox 13 741 238 801; x_wconf 73' lang='lat' dir='ltr'>iulum</span> <span class='ocrx_word' id='word_1_53' title='bbox 284 739 751 814; x_wconf 83' lang='lat' dir='ltr'>contigerunt.</span> <span class='ocrx_word' id='word_1_54' title='bbox 790 737 862 797; x_wconf 87' lang='lat' dir='ltr'>Et</span> <span class='ocrx_word' id='word_1_55' title='bbox 914 737 1057 798; x_wconf 87' lang='lat' dir='ltr'>haec</span> <span class='ocrx_word' id='word_1_56' title='bbox 1094 736 1337 815; x_wconf 79' lang='lat' dir='ltr'>quidem</span> <span class='ocrx_word' id='word_1_57' title='bbox 1395 737 1633 807; x_wconf 86' lang='lat' dir='ltr'>stituit,</span> <span class='ocrx_word' id='word_1_58' title='bbox 1685 746 1751 797; x_wconf 86' lang='lat' dir='ltr'>ut</span> <span class='ocrx_word' id='word_1_59' title='bbox 1800 737 1960 799; x_wconf 87' lang='lat' dir='ltr'>nulla</span> <span class='ocrx_word' id='word_1_60' title='bbox 1996 738 2217 799; x_wconf 87' lang='lat' dir='ltr'>mulier</span> <span class='ocrx_word' id='word_1_61' title='bbox 2249 738 2338 798; x_wconf 87' lang='lat' dir='ltr'>vel</span> <span class='ocrx_word' id='word_1_62' title='bbox 2374 741 2668 802; x_wconf 88' lang='lat' dir='ltr'>monacha</span> 
     </span>
     <span class='ocr_line' id='line_1_7' title="bbox 24 814 2672 897; baseline -0.002 -14"><span class='ocrx_word' id='word_1_63' title='bbox 24 839 58 883; x_wconf 93' lang='lat' dir='ltr'>e</span> <span class='ocrx_word' id='word_1_64' title='bbox 92 819 424 897; x_wconf 82' lang='lat' dir='ltr'>Martyrio</span> <span class='ocrx_word' id='word_1_65' title='bbox 457 828 531 879; x_wconf 81' lang='lat' dir='ltr'>et</span> <span class='ocrx_word' id='word_1_66' title='bbox 588 817 900 878; x_wconf 83' lang='lat' dir='ltr'>Marciano</span> <span class='ocrx_word' id='word_1_67' title='bbox 949 815 1100 878; x_wconf 89' lang='lat' dir='ltr'>dicta</span> <span class='ocrx_word' id='word_1_68' title='bbox 1131 823 1278 877; x_wconf 90' lang='lat' dir='ltr'>sunt</span> <span class='ocrx_word' id='word_1_69' title='bbox 1306 834 1336 875; x_wconf 91' lang='lat' dir='ltr'>a</span> <span class='ocrx_word' id='word_1_70' title='bbox 1400 814 1571 891; x_wconf 87' lang='lat' dir='ltr'>pallia</span> <span class='ocrx_word' id='word_1_71' title='bbox 1600 823 1830 877; x_wconf 82' lang='lat' dir='ltr'>sacrata</span> <span class='ocrx_word' id='word_1_72' title='bbox 1858 819 2264 891; x_wconf 82' lang='lat' dir='ltr'>contingeret,</span> <span class='ocrx_word' id='word_1_73' title='bbox 2288 827 2391 878; x_wconf 91' lang='lat' dir='ltr'>aut</span> <span class='ocrx_word' id='word_1_74' title='bbox 2423 818 2672 892; x_wconf 80' lang='lat' dir='ltr'>lavaret,</span> 
     </span>
     <span class='ocr_line' id='line_1_8' title="bbox 13 895 2668 973; baseline -0.001 -11"><span class='ocrx_word' id='word_1_75' title='bbox 13 900 195 962; x_wconf 79' lang='lat' dir='ltr'>iobis,</span> <span class='ocrx_word' id='word_1_76' title='bbox 259 900 449 972; x_wconf 89' lang='lat' dir='ltr'>Quae</span> <span class='ocrx_word' id='word_1_77' title='bbox 509 900 564 958; x_wconf 89' lang='lat' dir='ltr'>si</span> <span class='ocrx_word' id='word_1_78' title='bbox 630 898 724 959; x_wconf 90' lang='lat' dir='ltr'>cui</span> <span class='ocrx_word' id='word_1_79' title='bbox 778 898 984 957; x_wconf 85' lang='lat' dir='ltr'>minus</span> <span class='ocrx_word' id='word_1_80' title='bbox 1026 895 1337 957; x_wconf 85' lang='lat' dir='ltr'>credibilia</span> <span class='ocrx_word' id='word_1_81' title='bbox 1395 905 1503 955; x_wconf 86' lang='lat' dir='ltr'>aut</span> <span class='ocrx_word' id='word_1_82' title='bbox 1535 897 1853 957; x_wconf 87' lang='lat' dir='ltr'>incensum</span> <span class='ocrx_word' id='word_1_83' title='bbox 1887 904 2141 973; x_wconf 89' lang='lat' dir='ltr'>poneret</span> <span class='ocrx_word' id='word_1_84' title='bbox 2166 899 2227 958; x_wconf 92' lang='lat' dir='ltr'>in</span> <span class='ocrx_word' id='word_1_85' title='bbox 2251 897 2668 967; x_wconf 82' lang='lat' dir='ltr'>ecclesia,nisi</span> 
     </span>
     <span class='ocr_line' id='line_1_9' title="bbox 13 974 2669 1051; baseline -0.002 -10"><span class='ocrx_word' id='word_1_86' title='bbox 13 978 404 1041; x_wconf 56' lang='lat' dir='ltr'>&gt;*idebantur</span> <span class='ocrx_word' id='word_1_87' title='bbox 435 1024 456 1049; x_wconf 88' lang='lat'>,</span> <span class='ocrx_word' id='word_1_88' title='bbox 510 977 700 1039; x_wconf 84' lang='lat' dir='ltr'>facile</span> <span class='ocrx_word' id='word_1_89' title='bbox 750 983 841 1037; x_wconf 90' lang='lat' dir='ltr'>est</span> <span class='ocrx_word' id='word_1_90' title='bbox 871 991 971 1036; x_wconf 86' lang='lat' dir='ltr'>res</span> <span class='ocrx_word' id='word_1_91' title='bbox 1000 974 1135 1036; x_wconf 85' lang='lat' dir='ltr'>istas</span> <span class='ocrx_word' id='word_1_92' title='bbox 1163 977 1340 1035; x_wconf 85' lang='lat' dir='ltr'>exiis</span> <span class='ocrx_word' id='word_1_93' title='bbox 1396 974 1715 1048; x_wconf 88' lang='lat' dir='ltr'>minister;</span> <span class='ocrx_word' id='word_1_94' title='bbox 1757 991 1869 1036; x_wconf 88' lang='lat' dir='ltr'>nec</span> <span class='ocrx_word' id='word_1_95' title='bbox 1916 992 2162 1037; x_wconf 88' lang='lat' dir='ltr'>servum</span> <span class='ocrx_word' id='word_1_96' title='bbox 2192 977 2478 1037; x_wconf 90' lang='lat' dir='ltr'>clericum</span> <span class='ocrx_word' id='word_1_97' title='bbox 2509 978 2669 1051; x_wconf 87' lang='lat' dir='ltr'>fieri,</span> 
     </span>
     <span class='ocr_line' id='line_1_10' title="bbox 13 1054 2672 1137; baseline -0.001 -16"><span class='ocrx_word' id='word_1_98' title='bbox 13 1060 97 1137; x_wconf 68' lang='lat' dir='ltr'>tui</span> <span class='ocrx_word' id='word_1_99' title='bbox 126 1060 239 1120; x_wconf 90' lang='lat' dir='ltr'>has</span> <span class='ocrx_word' id='word_1_100' title='bbox 268 1064 575 1123; x_wconf 83' lang='lat' dir='ltr'>novunt,</span> <span class='ocrx_word' id='word_1_101' title='bbox 609 1055 952 1118; x_wconf 74' lang='lat' dir='ltr'>accuratius</span> <span class='ocrx_word' id='word_1_102' title='bbox 975 1055 1335 1130; x_wconf 86' lang='lat' dir='ltr'>perdiscere;</span> <span class='ocrx_word' id='word_1_103' title='bbox 1400 1070 1509 1114; x_wconf 88' lang='lat' dir='ltr'>nec</span> <span class='ocrx_word' id='word_1_104' title='bbox 1563 1054 1894 1117; x_wconf 84' lang='lat' dir='ltr'>obnoxium</span> <span class='ocrx_word' id='word_1_105' title='bbox 1945 1058 2174 1127; x_wconf 87' lang='lat' dir='ltr'>curiae,</span> <span class='ocrx_word' id='word_1_106' title='bbox 2215 1054 2312 1117; x_wconf 79' lang='lat' dir='ltr'>vel</span> <span class='ocrx_word' id='word_1_107' title='bbox 2345 1057 2672 1130; x_wconf 86' lang='lat' dir='ltr'>cujuslibet</span> 
     </span>
     <span class='ocr_line' id='line_1_11' title="bbox 13 1132 2672 1211; baseline -0.002 -9"><span class='ocrx_word' id='word_1_108' title='bbox 13 1156 144 1202; x_wconf 70' lang='lat' dir='ltr'>iam</span> <span class='ocrx_word' id='word_1_109' title='bbox 179 1140 464 1201; x_wconf 82' lang='lat' dir='ltr'>fortasse</span> <span class='ocrx_word' id='word_1_110' title='bbox 497 1136 710 1197; x_wconf 86' lang='lat' dir='ltr'>adhuc</span> <span class='ocrx_word' id='word_1_111' title='bbox 746 1132 1043 1196; x_wconf 82' lang='lat' dir='ltr'>mirabilia</span> <span class='ocrx_word' id='word_1_112' title='bbox 1089 1135 1160 1193; x_wconf 89' lang='lat' dir='ltr'>iis</span> <span class='ocrx_word' id='word_1_113' title='bbox 1187 1148 1341 1211; x_wconf 88' lang='lat' dir='ltr'>quae</span> <span class='ocrx_word' id='word_1_114' title='bbox 1398 1135 1485 1194; x_wconf 86' lang='lat' dir='ltr'>rei</span> <span class='ocrx_word' id='word_1_115' title='bbox 1518 1157 1577 1195; x_wconf 81' lang='grc' dir='ltr'>υ.</span> <span class='ocrx_word' id='word_1_116' title='bbox 1632 1132 1734 1207; x_wconf 86' lang='lat' dir='ltr'>(Ita</span> <span class='ocrx_word' id='word_1_117' title='bbox 1780 1134 2127 1196; x_wconf 81' lang='lat' dir='ltr'>Anastasius</span> <span class='ocrx_word' id='word_1_118' title='bbox 2180 1135 2672 1198; x_wconf 74' lang='lat' dir='ltr'>bibliothecarius</span> 
     </span>
     <span class='ocr_line' id='line_1_12' title="bbox 17 1212 2673 1293; baseline -0.001 -15"><span class='ocrx_word' id='word_1_119' title='bbox 17 1220 159 1291; x_wconf 82' lang='lat' dir='ltr'>lixi,</span> <span class='ocrx_word' id='word_1_120' title='bbox 196 1217 543 1279; x_wconf 81' lang='lat' dir='ltr'>narraturi</span> <span class='ocrx_word' id='word_1_121' title='bbox 586 1222 735 1275; x_wconf 90' lang='lat' dir='ltr'>sunt</span> <span class='ocrx_word' id='word_1_122' title='bbox 772 1234 821 1272; x_wconf 77' lang='grc'>).</span> <span class='ocrx_word' id='word_1_123' title='bbox 852 1212 1002 1275; x_wconf 90' lang='lat' dir='ltr'>Cum</span> <span class='ocrx_word' id='word_1_124' title='bbox 1037 1214 1153 1285; x_wconf 88' lang='lat' dir='ltr'>his,</span> <span class='ocrx_word' id='word_1_125' title='bbox 1188 1229 1339 1291; x_wconf 88' lang='lat' dir='ltr'>quae</span> <span class='ocrx_word' id='word_1_126' title='bbox 1400 1214 1462 1273; x_wconf 90' lang='lat' dir='ltr'>in</span> <span class='ocrx_word' id='word_1_127' title='bbox 1516 1212 1695 1275; x_wconf 81' lang='lat' dir='ltr'>Libro</span> <span class='ocrx_word' id='word_1_128' title='bbox 1745 1214 2126 1293; x_wconf 78' lang='lat' dir='ltr'>pontificali).</span> <span class='ocrx_word' id='word_1_129' title='bbox 2164 1216 2673 1276; x_wconf 83' lang='lat' dir='ltr'>Animadverten-</span> 
     </span>
     <span class='ocr_line' id='line_1_13' title="bbox 15 1293 2675 1371; baseline -0.001 -12"><span class='ocrx_word' id='word_1_130' title='bbox 15 1316 32 1358; x_wconf 73' lang='lat' dir='ltr'>i</span> <span class='ocrx_word' id='word_1_131' title='bbox 91 1298 459 1359; x_wconf 87' lang='lat' dir='ltr'>Sozomeno</span> <span class='ocrx_word' id='word_1_132' title='bbox 526 1301 681 1355; x_wconf 87' lang='lat' dir='ltr'>suut</span> <span class='ocrx_word' id='word_1_133' title='bbox 738 1294 917 1365; x_wconf 81' lang='lat' dir='ltr'>dicta,</span> <span class='ocrx_word' id='word_1_134' title='bbox 967 1293 1341 1355; x_wconf 85' lang='lat' dir='ltr'>concordant</span> <span class='ocrx_word' id='word_1_135' title='bbox 1399 1294 1547 1353; x_wconf 89' lang='lat' dir='ltr'>dum</span> <span class='ocrx_word' id='word_1_136' title='bbox 1615 1302 1815 1355; x_wconf 90' lang='lat' dir='ltr'>tamen</span> <span class='ocrx_word' id='word_1_137' title='bbox 1874 1301 1964 1355; x_wconf 89' lang='lat' dir='ltr'>est</span> <span class='ocrx_word' id='word_1_138' title='bbox 2019 1294 2390 1371; x_wconf 81' lang='lat' dir='ltr'>probabilius</span> <span class='ocrx_word' id='word_1_139' title='bbox 2445 1295 2505 1354; x_wconf 87' lang='lat' dir='ltr'>S.</span> <span class='ocrx_word' id='word_1_140' title='bbox 2562 1295 2675 1357; x_wconf 90' lang='lat' dir='ltr'>Bo·</span> 
     </span>
     <span class='ocr_line' id='line_1_14' title="bbox 15 1371 1339 1453; baseline -0.004 -15"><span class='ocrx_word' id='word_1_141' title='bbox 15 1377 451 1453; x_wconf 73' lang='lat' dir='ltr'>Meuologium</span> <span class='ocrx_word' id='word_1_142' title='bbox 512 1372 728 1435; x_wconf 89' lang='lat' dir='ltr'>Basilii</span> <span class='ocrx_word' id='word_1_143' title='bbox 781 1374 1190 1451; x_wconf 76' lang='lat' dir='ltr'>imperatori5‚</span> <span class='ocrx_word' id='word_1_144' title='bbox 1223 1371 1339 1433; x_wconf 83' lang='lat' dir='ltr'>Me-</span> 
     </span>
     <span class='ocr_line' id='line_1_15' title="bbox 17 1465 592 1518; baseline -0.005 -2"><span class='ocrx_word' id='word_1_145' title='bbox 17 1472 160 1518; x_wconf 88' lang='lat' dir='ltr'>naea</span> <span class='ocrx_word' id='word_1_146' title='bbox 199 1465 261 1518; x_wconf 93' lang='lat' dir='ltr'>et</span> <span class='ocrx_word' id='word_1_147' title='bbox 292 1466 592 1518; x_wconf 88' lang='lat' dir='ltr'>caetera.</span> 
     </span>
    </p>
   </div>
   <div class='ocr_carea' id='block_1_3' title="bbox 1401 1372 2673 1531">
    <p class='ocr_par' dir='ltr' id='par_1_3' title="bbox 1401 1372 2673 1531">
     <span class='ocr_line' id='line_1_16' title="bbox 1402 1372 2673 1445; baseline 0.002 -13"><span class='ocrx_word' id='word_1_148' title='bbox 1402 1372 1692 1434; x_wconf 78' lang='lat' dir='ltr'>nitacium</span> <span class='ocrx_word' id='word_1_149' title='bbox 1745 1390 1937 1436; x_wconf 85' lang='lat' dir='ltr'>annos</span> <span class='ocrx_word' id='word_1_150' title='bbox 1983 1382 2120 1445; x_wconf 77' lang='lat' dir='ltr'>treS,</span> <span class='ocrx_word' id='word_1_151' title='bbox 2165 1389 2405 1435; x_wconf 88' lang='lat' dir='ltr'>menses</span> <span class='ocrx_word' id='word_1_152' title='bbox 2448 1382 2579 1435; x_wconf 90' lang='lat' dir='ltr'>octo</span> <span class='ocrx_word' id='word_1_153' title='bbox 2612 1387 2673 1436; x_wconf 82' lang='lat' dir='ltr'>et</span> 
     </span>
     <span class='ocr_line' id='line_1_17' title="bbox 1401 1451 2670 1531; baseline 0.003 -19"><span class='ocrx_word' id='word_1_154' title='bbox 1401 1451 1528 1513; x_wconf 89' lang='lat' dir='ltr'>dies</span> <span class='ocrx_word' id='word_1_155' title='bbox 1583 1461 1814 1531; x_wconf 83' lang='lat' dir='ltr'>septem</span> <span class='ocrx_word' id='word_1_156' title='bbox 1869 1453 2190 1515; x_wconf 81' lang='lat' dir='ltr'>Summum</span> <span class='ocrx_word' id='word_1_157' title='bbox 2246 1453 2670 1516; x_wconf 83' lang='lat' dir='ltr'>Pontificatum</span> 
     </span>
    </p>
   </div>
   <div class='ocr_carea' id='block_1_4' title="bbox 133 1611 1222 1786">
    <p class='ocr_par' dir='ltr' id='par_1_4' title="bbox 133 1611 1222 1786">
     <span class='ocr_line' id='line_1_18' title="bbox 267 1611 1103 1677; baseline -0.007 0"><span class='ocrx_word' id='word_1_158' title='bbox 267 1615 333 1677; x_wconf 84' lang='lat' dir='ltr'>S.</span> <span class='ocrx_word' id='word_1_159' title='bbox 386 1611 868 1676; x_wconf 79' lang='lat' dir='ltr'>BONlFAClUS</span> <span class='ocrx_word' id='word_1_160' title='bbox 911 1611 1103 1673; x_wconf 73' lang='lat' dir='ltr'>PAPA.</span> 
     </span>
     <span class='ocr_line' id='line_1_19' title="bbox 133 1720 1222 1786; baseline -0.006 0"><span class='ocrx_word' id='word_1_161' title='bbox 133 1721 289 1786; x_wconf 70' lang='lat' dir='ltr'>Obiit</span> <span class='ocrx_word' id='word_1_162' title='bbox 342 1740 532 1784; x_wconf 80' lang='grc' dir='ltr'><em>αηηο</em></span> <span class='ocrx_word' id='word_1_163' title='bbox 580 1720 718 1782; x_wconf 74' lang='grc'><strong>422.</strong></span> <span class='ocrx_word' id='word_1_164' title='bbox 766 1754 845 1764; x_wconf 93' lang='grc'>-</span> <span class='ocrx_word' id='word_1_165' title='bbox 887 1721 1222 1781; x_wconf 78' lang='lat' dir='ltr'>Romanus,</span> 
     </span>
    </p>
   </div>
   <div class='ocr_carea' id='block_1_5' title="bbox 119 1851 1347 1917">
    <p class='ocr_par' dir='ltr' id='par_1_5' title="bbox 119 1851 1347 1917">
     <span class='ocr_line' id='line_1_20' title="bbox 119 1851 1347 1917; baseline -0.003 -1"><span class='ocrx_word' id='word_1_166' title='bbox 119 1856 500 1917; x_wconf 70' lang='lat' dir='ltr'>MAn‘rYaot..</span> <span class='ocrx_word' id='word_1_167' title='bbox 555 1886 636 1898; x_wconf 89' lang='lat'><em>-</em></span> <span class='ocrx_word' id='word_1_168' title='bbox 684 1852 905 1914; x_wconf 86' lang='lat' dir='ltr'>Romae</span> <span class='ocrx_word' id='word_1_169' title='bbox 952 1854 1144 1914; x_wconf 87' lang='lat' dir='ltr'>sancti</span> <span class='ocrx_word' id='word_1_170' title='bbox 1176 1851 1347 1912; x_wconf 71' lang='lat' dir='ltr'>Bom-</span> 
     </span>
    </p>
   </div>
   <div class='ocr_carea' id='block_1_6' title="bbox 34 1931 1342 4388">
    <p class='ocr_par' dir='ltr' id='par_1_6' title="bbox 38 1931 951 2012">
     <span class='ocr_line' id='line_1_21' title="bbox 38 1931 951 2012; baseline -0.008 -16"><span class='ocrx_word' id='word_1_171' title='bbox 38 1952 205 1996; x_wconf 62' lang='lat' dir='ltr'>racu</span> <span class='ocrx_word' id='word_1_172' title='bbox 231 1935 430 2012; x_wconf 84' lang='lat' dir='ltr'>Papae</span> <span class='ocrx_word' id='word_1_173' title='bbox 455 1940 521 1994; x_wconf 90' lang='lat' dir='ltr'>et</span> <span class='ocrx_word' id='word_1_174' title='bbox 550 1931 951 1994; x_wconf 79' lang='lat' dir='ltr'>confessoris.</span> 
     </span>
    </p>

    <p class='ocr_par' dir='ltr' id='par_1_7' title="bbox 34 2012 1342 3768">
     <span class='ocr_line' id='line_1_22' title="bbox 127 2012 1337 2086; baseline -0.006 -10"><span class='ocrx_word' id='word_1_175' title='bbox 127 2038 150 2067; x_wconf 78' lang='lat' dir='ltr'>u</span> <span class='ocrx_word' id='word_1_176' title='bbox 194 2014 591 2086; x_wconf 84' lang='lat' dir='ltr'>Bonifacius,</span> <span class='ocrx_word' id='word_1_177' title='bbox 628 2013 876 2072; x_wconf 84' lang='lat' dir='ltr'>natione</span> <span class='ocrx_word' id='word_1_178' title='bbox 916 2012 1246 2082; x_wconf 83' lang='lat' dir='ltr'>Romanus,</span> <span class='ocrx_word' id='word_1_179' title='bbox 1271 2027 1337 2069; x_wconf 77' lang='lat' dir='ltr'>ex</span> 
     </span>
     <span class='ocr_line' id='line_1_23' title="bbox 34 2091 1342 2171; baseline -0.005 -17"><span class='ocrx_word' id='word_1_180' title='bbox 34 2101 199 2171; x_wconf 86' lang='lat' dir='ltr'>patre</span> <span class='ocrx_word' id='word_1_181' title='bbox 225 2093 522 2155; x_wconf 87' lang='lat' dir='ltr'>Jocundo</span> <span class='ocrx_word' id='word_1_182' title='bbox 554 2092 934 2169; x_wconf 81' lang='lat' dir='ltr'>presbytero,</span> <span class='ocrx_word' id='word_1_183' title='bbox 958 2091 1111 2151; x_wconf 85' lang='lat' dir='ltr'>sedit</span> <span class='ocrx_word' id='word_1_184' title='bbox 1151 2108 1342 2151; x_wconf 75' lang='lat' dir='ltr'>annos</span> 
     </span>
     <span class='ocr_line' id='line_1_24' title="bbox 41 2169 1336 2248; baseline -0.002 -17"><span class='ocrx_word' id='word_1_185' title='bbox 41 2182 184 2245; x_wconf 78' lang='lat' dir='ltr'>treS,</span> <span class='ocrx_word' id='word_1_186' title='bbox 214 2190 479 2235; x_wconf 88' lang='lat' dir='ltr'>menses</span> <span class='ocrx_word' id='word_1_187' title='bbox 523 2180 810 2248; x_wconf 80' lang='lat' dir='ltr'>quatuor,</span> <span class='ocrx_word' id='word_1_188' title='bbox 854 2172 981 2231; x_wconf 87' lang='lat' dir='ltr'>dies</span> <span class='ocrx_word' id='word_1_189' title='bbox 1024 2169 1336 2232; x_wconf 84' lang='lat' dir='ltr'>tredecim.</span> 
     </span>
     <span class='ocr_line' id='line_1_25' title="bbox 46 2250 1338 2315; baseline -0.001 -5"><span class='ocrx_word' id='word_1_190' title='bbox 46 2250 273 2315; x_wconf 87' lang='lat' dir='ltr'>Hicsub</span> <span class='ocrx_word' id='word_1_191' title='bbox 298 2254 719 2314; x_wconf 88' lang='lat' dir='ltr'>contentione</span> <span class='ocrx_word' id='word_1_192' title='bbox 751 2265 886 2311; x_wconf 89' lang='lat' dir='ltr'>cum</span> <span class='ocrx_word' id='word_1_193' title='bbox 930 2250 1162 2311; x_wconf 86' lang='lat' dir='ltr'>Eulalio</span> <span class='ocrx_word' id='word_1_194' title='bbox 1185 2252 1338 2310; x_wconf 81' lang='lat' dir='ltr'>ordi-</span> 
     </span>
     <span class='ocr_line' id='line_1_26' title="bbox 53 2329 1340 2393; baseline 0 -4"><span class='ocrx_word' id='word_1_195' title='bbox 53 2339 220 2393; x_wconf 85' lang='lat' dir='ltr'>natur</span> <span class='ocrx_word' id='word_1_196' title='bbox 243 2350 367 2393; x_wconf 88' lang='lat' dir='ltr'>una</span> <span class='ocrx_word' id='word_1_197' title='bbox 404 2332 511 2392; x_wconf 89' lang='lat' dir='ltr'>die</span> <span class='ocrx_word' id='word_1_198' title='bbox 529 2339 595 2390; x_wconf 90' lang='lat' dir='ltr'>et</span> <span class='ocrx_word' id='word_1_199' title='bbox 623 2331 742 2391; x_wconf 84' lang='lat' dir='ltr'>fuit.</span> <span class='ocrx_word' id='word_1_200' title='bbox 770 2330 1060 2391; x_wconf 90' lang='lat' dir='ltr'>dissentio</span> <span class='ocrx_word' id='word_1_201' title='bbox 1089 2332 1148 2390; x_wconf 90' lang='lat' dir='ltr'>in</span> <span class='ocrx_word' id='word_1_202' title='bbox 1182 2329 1340 2389; x_wconf 86' lang='lat' dir='ltr'>clero</span> 
     </span>
     <span class='ocr_line' id='line_1_27' title="bbox 48 2410 1336 2489; baseline 0.002 -20"><span class='ocrx_word' id='word_1_203' title='bbox 48 2410 1336 2489; x_wconf 73' lang='lat' dir='ltr'>mensibusseptemetperdiesquintlecim.</span> 
     </span>
     <span class='ocr_line' id='line_1_28' title="bbox 48 2488 1339 2554; baseline 0.001 -6"><span class='ocrx_word' id='word_1_204' title='bbox 48 2489 316 2554; x_wconf 89' lang='lat' dir='ltr'>Eulalius</span> <span class='ocrx_word' id='word_1_205' title='bbox 332 2508 491 2552; x_wconf 86' lang='lat' dir='ltr'>vero</span> <span class='ocrx_word' id='word_1_206' title='bbox 508 2491 913 2552; x_wconf 88' lang='lat' dir='ltr'>ordinaturin</span> <span class='ocrx_word' id='word_1_207' title='bbox 933 2490 1171 2551; x_wconf 85' lang='lat' dir='ltr'>basilica</span> <span class='ocrx_word' id='word_1_208' title='bbox 1194 2488 1339 2549; x_wconf 87' lang='lat' dir='ltr'>Con·</span> 
     </span>
     <span class='ocr_line' id='line_1_29' title="bbox 52 2569 1340 2645; baseline 0.002 -18"><span class='ocrx_word' id='word_1_209' title='bbox 52 2572 429 2631; x_wconf 84' lang='lat' dir='ltr'>stantiniana</span> <span class='ocrx_word' id='word_1_210' title='bbox 460 2619 475 2645; x_wconf 93' lang='lat'>,</span> <span class='ocrx_word' id='word_1_211' title='bbox 511 2570 865 2631; x_wconf 83' lang='lat' dir='ltr'>Bonisacius</span> <span class='ocrx_word' id='word_1_212' title='bbox 906 2577 1111 2632; x_wconf 88' lang='lat' dir='ltr'>autem</span> <span class='ocrx_word' id='word_1_213' title='bbox 1148 2571 1207 2628; x_wconf 92' lang='lat' dir='ltr'>in</span> <span class='ocrx_word' id='word_1_214' title='bbox 1244 2569 1340 2630; x_wconf 88' lang='lat' dir='ltr'>ba·</span> 
     </span>
     <span class='ocr_line' id='line_1_30' title="bbox 52 2647 1340 2726; baseline 0.001 -19"><span class='ocrx_word' id='word_1_215' title='bbox 52 2647 249 2711; x_wconf 84' lang='lat' dir='ltr'>silicae</span> <span class='ocrx_word' id='word_1_216' title='bbox 276 2650 499 2712; x_wconf 77' lang='lat' dir='ltr'>Iuliae.</span> <span class='ocrx_word' id='word_1_217' title='bbox 530 2650 763 2710; x_wconf 83' lang='lat' dir='ltr'>Eodem</span> <span class='ocrx_word' id='word_1_218' title='bbox 794 2657 1063 2726; x_wconf 88' lang='lat' dir='ltr'>tempore</span> <span class='ocrx_word' id='word_1_219' title='bbox 1089 2649 1340 2710; x_wconf 88' lang='lat' dir='ltr'>audiens</span> 
     </span>
     <span class='ocr_line' id='line_1_31' title="bbox 52 2726 1339 2803; baseline 0.001 -18"><span class='ocrx_word' id='word_1_220' title='bbox 52 2726 161 2788; x_wconf 88' lang='lat' dir='ltr'>hoc</span> <span class='ocrx_word' id='word_1_221' title='bbox 214 2729 482 2791; x_wconf 83' lang='lat' dir='ltr'>Placidia</span> <span class='ocrx_word' id='word_1_222' title='bbox 546 2737 801 2803; x_wconf 83' lang='lat' dir='ltr'>augusta</span> <span class='ocrx_word' id='word_1_223' title='bbox 864 2743 997 2788; x_wconf 85' lang='lat' dir='ltr'>cum</span> <span class='ocrx_word' id='word_1_224' title='bbox 1059 2728 1187 2788; x_wconf 86' lang='lat' dir='ltr'>filio</span> <span class='ocrx_word' id='word_1_225' title='bbox 1233 2745 1339 2788; x_wconf 89' lang='lat' dir='ltr'>suo</span> 
     </span>
     <span class='ocr_line' id='line_1_32' title="bbox 56 2803 1337 2882; baseline -0.001 -15"><span class='ocrx_word' id='word_1_226' title='bbox 56 2803 491 2871; x_wconf 79' lang='lat' dir='ltr'>Valentiniano</span> <span class='ocrx_word' id='word_1_227' title='bbox 547 2816 844 2882; x_wconf 82' lang='lat' dir='ltr'>augusto,</span> <span class='ocrx_word' id='word_1_228' title='bbox 901 2806 1051 2870; x_wconf 87' lang='lat' dir='ltr'>dum</span> <span class='ocrx_word' id='word_1_229' title='bbox 1104 2808 1337 2868; x_wconf 58' lang='lat' dir='ltr'>sedaret</span> 
     </span>
     <span class='ocr_line' id='line_1_33' title="bbox 58 2882 1335 2963; baseline 0.002 -19"><span class='ocrx_word' id='word_1_230' title='bbox 58 2882 416 2961; x_wconf 83' lang='lat' dir='ltr'>Ravennae,</span> <span class='ocrx_word' id='word_1_231' title='bbox 476 2890 697 2952; x_wconf 86' lang='lat' dir='ltr'>retulit</span> <span class='ocrx_word' id='word_1_232' title='bbox 752 2887 980 2948; x_wconf 86' lang='lat' dir='ltr'>Honori</span> <span class='ocrx_word' id='word_1_233' title='bbox 1038 2897 1335 2963; x_wconf 81' lang='lat' dir='ltr'>auguste,</span> 
     </span>
     <span class='ocr_line' id='line_1_34' title="bbox 58 2960 1337 3043; baseline 0.006 -23"><span class='ocrx_word' id='word_1_234' title='bbox 58 2960 376 3029; x_wconf 82' lang='lat' dir='ltr'>Mediolani</span> <span class='ocrx_word' id='word_1_235' title='bbox 436 2969 700 3030; x_wconf 84' lang='lat' dir='ltr'>sedenti.</span> <span class='ocrx_word' id='word_1_236' title='bbox 754 2967 974 3027; x_wconf 82' lang='lat' dir='ltr'>Eodem</span> <span class='ocrx_word' id='word_1_237' title='bbox 1037 2974 1337 3043; x_wconf 86' lang='lat' dir='ltr'>tempore,</span> 
     </span>
     <span class='ocr_line' id='line_1_35' title="bbox 60 3046 1338 3124; baseline 0.004 -23"><span class='ocrx_word' id='word_1_238' title='bbox 60 3046 229 3106; x_wconf 85' lang='lat' dir='ltr'>ambo</span> <span class='ocrx_word' id='word_1_239' title='bbox 256 3052 535 3123; x_wconf 82' lang='lat' dir='ltr'>augusti,</span> <span class='ocrx_word' id='word_1_240' title='bbox 570 3049 753 3107; x_wconf 86' lang='lat' dir='ltr'>missa</span> <span class='ocrx_word' id='word_1_241' title='bbox 783 3048 1141 3107; x_wconf 87' lang='lat' dir='ltr'>auctoritate</span> <span class='ocrx_word' id='word_1_242' title='bbox 1173 3064 1338 3124; x_wconf 86' lang='lat' dir='ltr'>prae-</span> 
     </span>
     <span class='ocr_line' id='line_1_36' title="bbox 64 3126 1330 3198; baseline 0.004 -18"><span class='ocrx_word' id='word_1_243' title='bbox 64 3135 374 3198; x_wconf 77' lang='lat' dir='ltr'>ceperunt,</span> <span class='ocrx_word' id='word_1_244' title='bbox 426 3136 496 3188; x_wconf 91' lang='lat' dir='ltr'>ut</span> <span class='ocrx_word' id='word_1_245' title='bbox 547 3126 729 3187; x_wconf 88' lang='lat' dir='ltr'>ambo</span> <span class='ocrx_word' id='word_1_246' title='bbox 777 3127 1020 3187; x_wconf 81' lang='lat' dir='ltr'>exireat</span> <span class='ocrx_word' id='word_1_247' title='bbox 1059 3127 1330 3187; x_wconf 89' lang='lat' dir='ltr'>civitate.</span> 
     </span>
     <span class='ocr_line' id='line_1_37' title="bbox 64 3198 1339 3284; baseline 0.004 -24"><span class='ocrx_word' id='word_1_248' title='bbox 64 3198 341 3269; x_wconf 84' lang='lat' dir='ltr'>Quidum</span> <span class='ocrx_word' id='word_1_249' title='bbox 369 3205 673 3284; x_wconf 86' lang='lat' dir='ltr'>compulsi</span> <span class='ocrx_word' id='word_1_250' title='bbox 704 3208 968 3267; x_wconf 85' lang='lat' dir='ltr'>exissent</span> <span class='ocrx_word' id='word_1_251' title='bbox 994 3252 1010 3277; x_wconf 89' lang='lat'>,</span> <span class='ocrx_word' id='word_1_252' title='bbox 1043 3205 1339 3266; x_wconf 88' lang='lat' dir='ltr'>habitavit</span> 
     </span>
     <span class='ocr_line' id='line_1_38' title="bbox 65 3276 1338 3367; baseline 0.005 -28"><span class='ocrx_word' id='word_1_253' title='bbox 65 3276 404 3367; x_wconf 73' lang='lat' dir='ltr'>Bonifacius</span> <span class='ocrx_word' id='word_1_254' title='bbox 437 3288 499 3347; x_wconf 89' lang='lat' dir='ltr'>in</span> <span class='ocrx_word' id='word_1_255' title='bbox 534 3282 900 3347; x_wconf 67' lang='lat' dir='ltr'>coemeterio</span> <span class='ocrx_word' id='word_1_256' title='bbox 939 3293 1182 3346; x_wconf 87' lang='lat' dir='ltr'>sanctae</span> <span class='ocrx_word' id='word_1_257' title='bbox 1223 3284 1338 3346; x_wconf 88' lang='lat' dir='ltr'>Fe-</span> 
     </span>
     <span class='ocr_line' id='line_1_39' title="bbox 71 3356 1337 3439; baseline 0.006 -24"><span class='ocrx_word' id='word_1_258' title='bbox 71 3356 307 3423; x_wconf 82' lang='lat' dir='ltr'>licitatis</span> <span class='ocrx_word' id='word_1_259' title='bbox 355 3365 641 3439; x_wconf 76' lang='lat' dir='ltr'>Martyris</span> <span class='ocrx_word' id='word_1_260' title='bbox 695 3366 755 3424; x_wconf 92' lang='lat' dir='ltr'>in</span> <span class='ocrx_word' id='word_1_261' title='bbox 803 3365 892 3425; x_wconf 82' lang='lat' dir='ltr'>via</span> <span class='ocrx_word' id='word_1_262' title='bbox 945 3364 1194 3426; x_wconf 87' lang='lat' dir='ltr'>Salaria.</span> <span class='ocrx_word' id='word_1_263' title='bbox 1227 3363 1337 3424; x_wconf 87' lang='lat' dir='ltr'>Eu-</span> 
     </span>
     <span class='ocr_line' id='line_1_40' title="bbox 70 3434 1339 3506; baseline 0.008 -12"><span class='ocrx_word' id='word_1_264' title='bbox 70 3434 236 3500; x_wconf 87' lang='lat' dir='ltr'>lalius</span> <span class='ocrx_word' id='word_1_265' title='bbox 284 3459 435 3505; x_wconf 83' lang='lat' dir='ltr'>vero</span> <span class='ocrx_word' id='word_1_266' title='bbox 490 3445 554 3504; x_wconf 90' lang='lat' dir='ltr'>in</span> <span class='ocrx_word' id='word_1_267' title='bbox 608 3445 854 3505; x_wconf 87' lang='lat' dir='ltr'>civitate</span> <span class='ocrx_word' id='word_1_268' title='bbox 896 3445 1060 3506; x_wconf 86' lang='lat' dir='ltr'>Antii</span> <span class='ocrx_word' id='word_1_269' title='bbox 1095 3446 1167 3506; x_wconf 86' lang='lat' dir='ltr'>ad</span> <span class='ocrx_word' id='word_1_270' title='bbox 1208 3461 1339 3506; x_wconf 88' lang='lat' dir='ltr'>san-</span> 
     </span>
     <span class='ocr_line' id='line_1_41' title="bbox 75 3520 1329 3603; baseline 0.007 -27"><span class='ocrx_word' id='word_1_271' title='bbox 75 3525 230 3603; x_wconf 75' lang='lat' dir='ltr'>etum</span> <span class='ocrx_word' id='word_1_272' title='bbox 277 3520 572 3584; x_wconf 85' lang='lat' dir='ltr'>Hermen.</span> <span class='ocrx_word' id='word_1_273' title='bbox 606 3523 907 3585; x_wconf 86' lang='lat' dir='ltr'>Veniente</span> <span class='ocrx_word' id='word_1_274' title='bbox 956 3535 1161 3585; x_wconf 82' lang='lat' dir='ltr'>antem</span> <span class='ocrx_word' id='word_1_275' title='bbox 1196 3540 1329 3600; x_wconf 86' lang='lat' dir='ltr'>pro·</span> 
     </span>
     <span class='ocr_line' id='line_1_42' title="bbox 75 3602 1336 3682; baseline 0.01 -30"><span class='ocrx_word' id='word_1_276' title='bbox 75 3609 230 3657; x_wconf 82' lang='lat' dir='ltr'>ximo</span> <span class='ocrx_word' id='word_1_277' title='bbox 286 3602 384 3663; x_wconf 88' lang='lat' dir='ltr'>die</span> <span class='ocrx_word' id='word_1_278' title='bbox 433 3602 716 3673; x_wconf 84' lang='lat' dir='ltr'>Paschae,</span> <span class='ocrx_word' id='word_1_279' title='bbox 777 3605 1178 3682; x_wconf 79' lang='lat' dir='ltr'>praesumpsit</span> <span class='ocrx_word' id='word_1_280' title='bbox 1223 3603 1336 3664; x_wconf 89' lang='lat' dir='ltr'>Eu·</span> 
     </span>
     <span class='ocr_line' id='line_1_43' title="bbox 78 3670 1335 3768; baseline 0.012 -39"><span class='ocrx_word' id='word_1_281' title='bbox 78 3670 264 3768; x_wconf 76' lang='lat' dir='ltr'>lalius,</span> <span class='ocrx_word' id='word_1_282' title='bbox 324 3697 397 3741; x_wconf 87' lang='lat' dir='ltr'>eo</span> <span class='ocrx_word' id='word_1_283' title='bbox 456 3682 615 3760; x_wconf 87' lang='lat' dir='ltr'>quod</span> <span class='ocrx_word' id='word_1_284' title='bbox 670 3681 985 3744; x_wconf 87' lang='lat' dir='ltr'>ordinatus</span> <span class='ocrx_word' id='word_1_285' title='bbox 1036 3684 1246 3744; x_wconf 84' lang='lat' dir='ltr'>fuisset</span> <span class='ocrx_word' id='word_1_286' title='bbox 1277 3685 1335 3744; x_wconf 90' lang='lat' dir='ltr'>in</span> 
     </span>
    </p>

    <p class='ocr_par' dir='ltr' id='par_1_8' title="bbox 86 3752 1340 4388">
     <span class='ocr_line' id='line_1_44' title="bbox 86 3752 1333 3836; baseline 0.011 -28"><span class='ocrx_word' id='word_1_287' title='bbox 86 3752 302 3819; x_wconf 79' lang='lat' dir='ltr'>basilica</span> <span class='ocrx_word' id='word_1_288' title='bbox 329 3758 851 3836; x_wconf 81' lang='lat' dir='ltr'>Constantiniana,</span> <span class='ocrx_word' id='word_1_289' title='bbox 876 3771 937 3824; x_wconf 87' lang='lat' dir='ltr'>et</span> <span class='ocrx_word' id='word_1_290' title='bbox 968 3764 1243 3824; x_wconf 79' lang='lat' dir='ltr'>introivit.</span> <span class='ocrx_word' id='word_1_291' title='bbox 1274 3765 1333 3822; x_wconf 92' lang='lat' dir='ltr'>in</span> 
     </span>
     <span class='ocr_line' id='line_1_45' title="bbox 86 3827 1337 3925; baseline 0.012 -38"><span class='ocrx_word' id='word_1_292' title='bbox 86 3827 293 3925; x_wconf 81' lang='lat' dir='ltr'>Urbem</span> <span class='ocrx_word' id='word_1_293' title='bbox 325 3850 386 3901; x_wconf 91' lang='lat' dir='ltr'>et</span> <span class='ocrx_word' id='word_1_294' title='bbox 419 3841 749 3920; x_wconf 79' lang='lat' dir='ltr'>baptizavit</span> <span class='ocrx_word' id='word_1_295' title='bbox 778 3850 839 3901; x_wconf 87' lang='lat' dir='ltr'>et</span> <span class='ocrx_word' id='word_1_296' title='bbox 875 3843 1207 3904; x_wconf 85' lang='lat' dir='ltr'>celebravit</span> <span class='ocrx_word' id='word_1_297' title='bbox 1238 3842 1337 3902; x_wconf 88' lang='lat' dir='ltr'>Pa·</span> 
     </span>
     <span class='ocr_line' id='line_1_46' title="bbox 88 3910 1329 4001; baseline 0.009 -30"><span class='ocrx_word' id='word_1_298' title='bbox 88 3910 214 4001; x_wconf 27' lang='lat' dir='ltr'>seh-a</span> <span class='ocrx_word' id='word_1_299' title='bbox 240 3931 303 3976; x_wconf 81' lang='lat' dir='ltr'>in</span> <span class='ocrx_word' id='word_1_300' title='bbox 326 3919 562 3981; x_wconf 86' lang='lat' dir='ltr'>basilica</span> <span class='ocrx_word' id='word_1_301' title='bbox 598 3919 1117 3984; x_wconf 80' lang='lat' dir='ltr'>Constantiniana.</span> <span class='ocrx_word' id='word_1_302' title='bbox 1150 3921 1329 3982; x_wconf 92' lang='lat' dir='ltr'>Boni·</span> 
     </span>
     <span class='ocr_line' id='line_1_47' title="bbox 90 3985 1337 4074; baseline 0.014 -28"><span class='ocrx_word' id='word_1_303' title='bbox 90 3985 258 4052; x_wconf 76' lang='lat' dir='ltr'>lacius</span> <span class='ocrx_word' id='word_1_304' title='bbox 307 4013 491 4072; x_wconf 84' lang='lat' dir='ltr'>vero,</span> <span class='ocrx_word' id='word_1_305' title='bbox 550 4002 707 4062; x_wconf 89' lang='lat' dir='ltr'>sicut</span> <span class='ocrx_word' id='word_1_306' title='bbox 760 4001 1130 4064; x_wconf 85' lang='lat' dir='ltr'>consuetudo</span> <span class='ocrx_word' id='word_1_307' title='bbox 1184 4011 1337 4074; x_wconf 88' lang='lat' dir='ltr'>erat,</span> 
     </span>
     <span class='ocr_line' id='line_1_48' title="bbox 92 4068 1340 4158; baseline 0.006 -23"><span class='ocrx_word' id='word_1_308' title='bbox 92 4068 400 4158; x_wconf 52' lang='lat' dir='ltr'>celebravit</span> <span class='ocrx_word' id='word_1_309' title='bbox 450 4080 820 4155; x_wconf 87' lang='lat' dir='ltr'>baptismum</span> <span class='ocrx_word' id='word_1_310' title='bbox 844 4081 1118 4150; x_wconf 83' lang='lat' dir='ltr'>,Paschae</span> <span class='ocrx_word' id='word_1_311' title='bbox 1150 4082 1210 4141; x_wconf 90' lang='lat' dir='ltr'>in</span> <span class='ocrx_word' id='word_1_312' title='bbox 1244 4080 1340 4142; x_wconf 90' lang='lat' dir='ltr'>ba·</span> 
     </span>
     <span class='ocr_line' id='line_1_49' title="bbox 97 4144 1337 4239; baseline 0.014 -38"><span class='ocrx_word' id='word_1_313' title='bbox 97 4144 245 4239; x_wconf 81' lang='lat' dir='ltr'>silica</span> <span class='ocrx_word' id='word_1_314' title='bbox 302 4165 531 4220; x_wconf 88' lang='lat' dir='ltr'>sauctae</span> <span class='ocrx_word' id='word_1_315' title='bbox 579 4159 861 4236; x_wconf 85' lang='lat' dir='ltr'>Martyris</span> <span class='ocrx_word' id='word_1_316' title='bbox 907 4162 1175 4236; x_wconf 81' lang='lat' dir='ltr'>Agnetis.</span> <span class='ocrx_word' id='word_1_317' title='bbox 1217 4160 1337 4220; x_wconf 86' lang='lat' dir='ltr'>Hoc</span> 
     </span>
     <span class='ocr_line' id='line_1_50' title="bbox 98 4227 1337 4317; baseline 0.012 -33"><span class='ocrx_word' id='word_1_318' title='bbox 98 4227 307 4310; x_wconf 78' lang='lat' dir='ltr'>audito,</span> <span class='ocrx_word' id='word_1_319' title='bbox 354 4240 583 4312; x_wconf 80' lang='lat' dir='ltr'>augusti</span> <span class='ocrx_word' id='word_1_320' title='bbox 638 4241 883 4317; x_wconf 86' lang='lat' dir='ltr'>utrique</span> <span class='ocrx_word' id='word_1_321' title='bbox 933 4241 1235 4300; x_wconf 88' lang='lat' dir='ltr'>miserunt</span> <span class='ocrx_word' id='word_1_322' title='bbox 1280 4248 1337 4300; x_wconf 90' lang='lat' dir='ltr'>et</span> 
     </span>
     <span class='ocr_line' id='line_1_51' title="bbox 105 4315 1325 4388; baseline 0.01 -22"><span class='ocrx_word' id='word_1_323' title='bbox 105 4316 389 4376; x_wconf 69' lang='lat' dir='ltr'>eiecerunt</span> <span class='ocrx_word' id='word_1_324' title='bbox 415 4315 710 4379; x_wconf 86' lang='lat' dir='ltr'>Eulalium</span> <span class='ocrx_word' id='word_1_325' title='bbox 739 4364 754 4388; x_wconf 83' lang='lat'>,</span> <span class='ocrx_word' id='word_1_326' title='bbox 783 4332 844 4381; x_wconf 88' lang='lat' dir='ltr'>et</span> <span class='ocrx_word' id='word_1_327' title='bbox 875 4321 1047 4381; x_wconf 87' lang='lat' dir='ltr'>missa</span> <span class='ocrx_word' id='word_1_328' title='bbox 1080 4322 1325 4382; x_wconf 90' lang='lat' dir='ltr'>auctori-</span> 
     </span>
    </p>
   </div>
   <div class='ocr_carea' id='block_1_7' title="bbox 1402 1533 1624 1607">
    <p class='ocr_par' dir='ltr' id='par_1_9' title="bbox 1402 1533 1624 1607">
     <span class='ocr_line' id='line_1_52' title="bbox 1402 1533 1624 1607; baseline 0.009 -16"><span class='ocrx_word' id='word_1_329' title='bbox 1402 1533 1624 1607; x_wconf 86' lang='lat' dir='ltr'>egisse.</span> 
     </span>
    </p>
   </div>
   <div class='ocr_carea' id='block_1_8' title="bbox 1631 1689 2441 1861">
    <p class='ocr_par' dir='ltr' id='par_1_10' title="bbox 1631 1689 2441 1861">
     <span class='ocr_line' id='line_1_53' title="bbox 1631 1689 2441 1756; baseline 0.004 -3"><span class='ocrx_word' id='word_1_330' title='bbox 1631 1691 1695 1753; x_wconf 87' lang='lat' dir='ltr'>S.</span> <span class='ocrx_word' id='word_1_331' title='bbox 1747 1689 2047 1753; x_wconf 84' lang='lat' dir='ltr'>FRONTO</span> <span class='ocrx_word' id='word_1_332' title='bbox 2090 1691 2441 1756; x_wconf 78' lang='lat' dir='ltr'>EmscoPtJS.</span> 
     </span>
     <span class='ocr_line' id='line_1_54' title="bbox 1727 1795 2358 1861; baseline -0.005 0"><span class='ocrx_word' id='word_1_333' title='bbox 1727 1795 1984 1861; x_wconf 80' lang='lat' dir='ltr'>Probab.</span> <span class='ocrx_word' id='word_1_334' title='bbox 2031 1799 2270 1860; x_wconf 78' lang='lat' dir='ltr'>saeculo</span> <span class='ocrx_word' id='word_1_335' title='bbox 2313 1799 2358 1859; x_wconf 88' lang='lat' dir='ltr'>I.</span> 
     </span>
    </p>
   </div>
   <div class='ocr_carea' id='block_1_9' title="bbox 1396 1929 2674 3357">
    <p class='ocr_par' dir='ltr' id='par_1_11' title="bbox 1397 1929 2674 2487">
     <span class='ocr_line' id='line_1_55' title="bbox 1484 1929 2669 2010; baseline 0.004 -21"><span class='ocrx_word' id='word_1_336' title='bbox 1484 1929 1842 1993; x_wconf 60' lang='lat' dir='ltr'>Mammea.</span> <span class='ocrx_word' id='word_1_337' title='bbox 1868 1965 1946 1975; x_wconf 91' lang='lat'>-—</span> <span class='ocrx_word' id='word_1_338' title='bbox 1973 1930 2372 2010; x_wconf 82' lang='lat' dir='ltr'>Petragoricis</span> <span class='ocrx_word' id='word_1_339' title='bbox 2397 1934 2456 1993; x_wconf 93' lang='lat' dir='ltr'>in</span> <span class='ocrx_word' id='word_1_340' title='bbox 2483 1931 2669 1994; x_wconf 90' lang='lat' dir='ltr'>Gallia</span> 
     </span>
     <span class='ocr_line' id='line_1_56' title="bbox 1402 2011 2672 2089; baseline 0.004 -21"><span class='ocrx_word' id='word_1_341' title='bbox 1402 2012 1588 2071; x_wconf 89' lang='lat' dir='ltr'>sancti</span> <span class='ocrx_word' id='word_1_342' title='bbox 1641 2012 2007 2083; x_wconf 54' lang='lat' dir='ltr'>homerus,</span> <span class='ocrx_word' id='word_1_343' title='bbox 2057 2013 2160 2089; x_wconf 86' lang='lat' dir='ltr'>qui</span> <span class='ocrx_word' id='word_1_344' title='bbox 2207 2028 2238 2073; x_wconf 88' lang='lat' dir='ltr'>a</span> <span class='ocrx_word' id='word_1_345' title='bbox 2280 2012 2454 2073; x_wconf 88' lang='lat' dir='ltr'>beato</span> <span class='ocrx_word' id='word_1_346' title='bbox 2494 2011 2672 2073; x_wconf 84' lang='lat' dir='ltr'>Petro</span> 
     </span>
     <span class='ocr_line' id='line_1_57' title="bbox 1402 2090 2670 2168; baseline 0.003 -20"><span class='ocrx_word' id='word_1_347' title='bbox 1402 2090 1690 2165; x_wconf 83' lang='lat' dir='ltr'>Apostolo</span> <span class='ocrx_word' id='word_1_348' title='bbox 1746 2090 2077 2168; x_wconf 85' lang='lat' dir='ltr'>Episcopus</span> <span class='ocrx_word' id='word_1_349' title='bbox 2126 2094 2473 2164; x_wconf 87' lang='lat' dir='ltr'>ordinatus,</span> <span class='ocrx_word' id='word_1_350' title='bbox 2531 2108 2670 2152; x_wconf 83' lang='lat' dir='ltr'>cum</span> 
     </span>
     <span class='ocr_line' id='line_1_58' title="bbox 1402 2167 2673 2247; baseline 0.001 -19"><span class='ocrx_word' id='word_1_351' title='bbox 1402 2167 1667 2246; x_wconf 84' lang='lat' dir='ltr'>Georgio</span> <span class='ocrx_word' id='word_1_352' title='bbox 1724 2170 2079 2247; x_wconf 80' lang='lat' dir='ltr'>Presbytero</span> <span class='ocrx_word' id='word_1_353' title='bbox 2148 2186 2438 2245; x_wconf 84' lang='lat' dir='ltr'>magnam</span> <span class='ocrx_word' id='word_1_354' title='bbox 2512 2169 2673 2231; x_wconf 88' lang='lat' dir='ltr'>illius</span> 
     </span>
     <span class='ocr_line' id='line_1_59' title="bbox 1401 2249 2674 2324; baseline 0.002 -16"><span class='ocrx_word' id='word_1_355' title='bbox 1401 2251 1604 2324; x_wconf 83' lang='lat' dir='ltr'>gentis</span> <span class='ocrx_word' id='word_1_356' title='bbox 1625 2249 2087 2311; x_wconf 87' lang='lat' dir='ltr'>multitudinem</span> <span class='ocrx_word' id='word_1_357' title='bbox 2109 2253 2178 2311; x_wconf 87' lang='lat' dir='ltr'>ad</span> <span class='ocrx_word' id='word_1_358' title='bbox 2205 2250 2513 2310; x_wconf 77' lang='lat' dir='ltr'>Christum</span> <span class='ocrx_word' id='word_1_359' title='bbox 2533 2266 2674 2310; x_wconf 86' lang='lat' dir='ltr'>con-</span> 
     </span>
     <span class='ocr_line' id='line_1_60' title="bbox 1405 2329 2672 2407; baseline 0.005 -22"><span class='ocrx_word' id='word_1_360' title='bbox 1405 2330 1628 2399; x_wconf 85' lang='lat' dir='ltr'>vertit,</span> <span class='ocrx_word' id='word_1_361' title='bbox 1688 2338 1748 2389; x_wconf 85' lang='lat' dir='ltr'>et</span> <span class='ocrx_word' id='word_1_362' title='bbox 1806 2329 2116 2390; x_wconf 86' lang='lat' dir='ltr'>miraculis</span> <span class='ocrx_word' id='word_1_363' title='bbox 2170 2330 2366 2390; x_wconf 88' lang='lat' dir='ltr'>clarus</span> <span class='ocrx_word' id='word_1_364' title='bbox 2422 2330 2482 2390; x_wconf 90' lang='lat' dir='ltr'>in</span> <span class='ocrx_word' id='word_1_365' title='bbox 2529 2346 2672 2407; x_wconf 86' lang='lat' dir='ltr'>pace</span> 
     </span>
     <span class='ocr_line' id='line_1_61' title="bbox 1397 2412 1656 2487; baseline 0.012 -19"><span class='ocrx_word' id='word_1_366' title='bbox 1397 2412 1656 2487; x_wconf 84' lang='lat' dir='ltr'>quievit.</span> 
     </span>
    </p>

    <p class='ocr_par' dir='ltr' id='par_1_12' title="bbox 1396 2488 2674 3357">
     <span class='ocr_line' id='line_1_62' title="bbox 1476 2488 2674 2568; baseline 0 -20"><span class='ocrx_word' id='word_1_367' title='bbox 1476 2488 1854 2566; x_wconf 78' lang='lat' dir='ltr'>petragorica</span> <span class='ocrx_word' id='word_1_368' title='bbox 1883 2490 2021 2551; x_wconf 84' lang='lat' dir='ltr'>urbs</span> <span class='ocrx_word' id='word_1_369' title='bbox 2036 2491 2475 2568; x_wconf 66' lang='lat' dir='ltr'>(Perz&#39;yueuoe),</span> <span class='ocrx_word' id='word_1_370' title='bbox 2498 2497 2674 2565; x_wconf 88' lang='lat' dir='ltr'>capnt</span> 
     </span>
     <span class='ocr_line' id='line_1_63' title="bbox 1396 2568 2667 2649; baseline 0 -21"><span class='ocrx_word' id='word_1_371' title='bbox 1396 2571 1528 2644; x_wconf 76' lang='lat' dir='ltr'>agri</span> <span class='ocrx_word' id='word_1_372' title='bbox 1592 2571 1926 2630; x_wconf 85' lang='lat' dir='ltr'>homouimi</span> <span class='ocrx_word' id='word_1_373' title='bbox 1990 2571 2112 2645; x_wconf 76' lang='lat' dir='ltr'>(Le</span> <span class='ocrx_word' id='word_1_374' title='bbox 2155 2568 2536 2649; x_wconf 61' lang='lat' dir='ltr'>Periqord).</span> <span class='ocrx_word' id='word_1_375' title='bbox 2594 2568 2667 2629; x_wconf 85' lang='lat' dir='ltr'>ad</span> 
     </span>
     <span class='ocr_line' id='line_1_64' title="bbox 1398 2648 2672 2726; baseline 0.002 -19"><span class='ocrx_word' id='word_1_376' title='bbox 1398 2648 1591 2709; x_wconf 87' lang='lat' dir='ltr'>Ellam</span> <span class='ocrx_word' id='word_1_377' title='bbox 1653 2649 1829 2726; x_wconf 75' lang='lat' dir='ltr'>(Isle)</span> <span class='ocrx_word' id='word_1_378' title='bbox 1888 2649 2122 2710; x_wconf 83' lang='lat' dir='ltr'>flumen</span> <span class='ocrx_word' id='word_1_379' title='bbox 2178 2651 2287 2710; x_wconf 89' lang='lat' dir='ltr'>sita</span> <span class='ocrx_word' id='word_1_380' title='bbox 2347 2656 2455 2710; x_wconf 84' lang='lat' dir='ltr'>est.</span> <span class='ocrx_word' id='word_1_381' title='bbox 2516 2648 2672 2710; x_wconf 88' lang='lat' dir='ltr'>Fere</span> 
     </span>
     <span class='ocr_line' id='line_1_65' title="bbox 1397 2728 2672 2806; baseline -0.001 -19"><span class='ocrx_word' id='word_1_382' title='bbox 1397 2730 1602 2789; x_wconf 89' lang='lat' dir='ltr'>omnia</span> <span class='ocrx_word' id='word_1_383' title='bbox 1654 2745 1805 2806; x_wconf 81' lang='lat' dir='ltr'>quae</span> <span class='ocrx_word' id='word_1_384' title='bbox 1854 2728 1909 2790; x_wconf 86' lang='lat' dir='ltr'>S.</span> <span class='ocrx_word' id='word_1_385' title='bbox 1957 2729 2326 2790; x_wconf 79' lang='lat' dir='ltr'>Frontonem</span> <span class='ocrx_word' id='word_1_386' title='bbox 2373 2735 2672 2804; x_wconf 87' lang='lat' dir='ltr'>spectant,</span> 
     </span>
     <span class='ocr_line' id='line_1_66' title="bbox 1399 2807 2674 2884; baseline 0.001 -19"><span class='ocrx_word' id='word_1_387' title='bbox 1399 2809 1691 2882; x_wconf 81' lang='lat' dir='ltr'>protunda</span> <span class='ocrx_word' id='word_1_388' title='bbox 1725 2809 1985 2884; x_wconf 84' lang='lat' dir='ltr'>caligine</span> <span class='ocrx_word' id='word_1_389' title='bbox 2032 2808 2300 2868; x_wconf 84' lang='lat' dir='ltr'>involuta</span> <span class='ocrx_word' id='word_1_390' title='bbox 2332 2816 2498 2868; x_wconf 89' lang='lat' dir='ltr'>sunt.</span> <span class='ocrx_word' id='word_1_391' title='bbox 2531 2807 2674 2866; x_wconf 87' lang='lat' dir='ltr'>Pro·</span> 
     </span>
     <span class='ocr_line' id='line_1_67' title="bbox 1400 2886 2672 2958; baseline 0 -11"><span class='ocrx_word' id='word_1_392' title='bbox 1400 2887 1654 2948; x_wconf 78' lang='lat' dir='ltr'>habilius</span> <span class='ocrx_word' id='word_1_393' title='bbox 1707 2897 1908 2948; x_wconf 87' lang='lat' dir='ltr'>tamen</span> <span class='ocrx_word' id='word_1_394' title='bbox 1961 2896 2069 2958; x_wconf 87' lang='lat' dir='ltr'>est,</span> <span class='ocrx_word' id='word_1_395' title='bbox 2100 2903 2240 2947; x_wconf 89' lang='lat' dir='ltr'>eum</span> <span class='ocrx_word' id='word_1_396' title='bbox 2279 2889 2339 2949; x_wconf 91' lang='lat' dir='ltr'>in</span> <span class='ocrx_word' id='word_1_397' title='bbox 2370 2886 2672 2957; x_wconf 65' lang='lat' dir='ltr'>Limenia,</span> 
     </span>
     <span class='ocr_line' id='line_1_68' title="bbox 1396 2963 2671 3048; baseline 0.001 -22"><span class='ocrx_word' id='word_1_398' title='bbox 1396 2983 1548 3043; x_wconf 79' lang='lat' dir='ltr'>quae</span> <span class='ocrx_word' id='word_1_399' title='bbox 1597 2969 1790 3027; x_wconf 87' lang='lat' dir='ltr'>media</span> <span class='ocrx_word' id='word_1_400' title='bbox 1836 2967 1992 3044; x_wconf 89' lang='lat' dir='ltr'>jacet</span> <span class='ocrx_word' id='word_1_401' title='bbox 2027 2970 2187 3028; x_wconf 89' lang='lat' dir='ltr'>inter</span> <span class='ocrx_word' id='word_1_402' title='bbox 2226 2968 2516 3048; x_wconf 83' lang='lat' dir='ltr'>Pontum,</span> <span class='ocrx_word' id='word_1_403' title='bbox 2560 2963 2671 3027; x_wconf 87' lang='lat' dir='ltr'>Ga-</span> 
     </span>
     <span class='ocr_line' id='line_1_69' title="bbox 1397 3045 2671 3123; baseline -0.001 -18"><span class='ocrx_word' id='word_1_404' title='bbox 1397 3046 1630 3118; x_wconf 82' lang='lat' dir='ltr'>latiam,</span> <span class='ocrx_word' id='word_1_405' title='bbox 1687 3045 2118 3123; x_wconf 78' lang='lat' dir='ltr'>Cappadociam</span> <span class='ocrx_word' id='word_1_406' title='bbox 2176 3055 2238 3106; x_wconf 79' lang='lat' dir='ltr'>et</span> <span class='ocrx_word' id='word_1_407' title='bbox 2294 3048 2671 3120; x_wconf 78' lang='lat' dir='ltr'>Bithyniam,</span> 
     </span>
     <span class='ocr_line' id='line_1_70' title="bbox 1399 3125 2669 3205; baseline 0 -19"><span class='ocrx_word' id='word_1_408' title='bbox 1399 3129 1675 3196; x_wconf 68' lang='lat' dir='ltr'>genitum</span> <span class='ocrx_word' id='word_1_409' title='bbox 1729 3127 1954 3193; x_wconf 81' lang='lat' dir='ltr'>fuisse:</span> <span class='ocrx_word' id='word_1_410' title='bbox 2004 3136 2187 3205; x_wconf 81' lang='lat' dir='ltr'>atque</span> <span class='ocrx_word' id='word_1_411' title='bbox 2223 3129 2381 3187; x_wconf 85' lang='lat' dir='ltr'>inter</span> <span class='ocrx_word' id='word_1_412' title='bbox 2412 3127 2472 3187; x_wconf 79' lang='lat' dir='ltr'>S.</span> <span class='ocrx_word' id='word_1_413' title='bbox 2509 3125 2669 3186; x_wconf 87' lang='lat' dir='ltr'>Petri</span> 
     </span>
     <span class='ocr_line' id='line_1_71' title="bbox 1397 3205 2669 3284; baseline -0.001 -20"><span class='ocrx_word' id='word_1_414' title='bbox 1397 3206 1722 3276; x_wconf 61' lang='lat' dir='ltr'>t‘liscipulos</span> <span class='ocrx_word' id='word_1_415' title='bbox 1778 3208 2090 3278; x_wconf 83' lang='lat' dir='ltr'>extitisse,</span> <span class='ocrx_word' id='word_1_416' title='bbox 2147 3207 2223 3268; x_wconf 86' lang='lat' dir='ltr'>ab</span> <span class='ocrx_word' id='word_1_417' title='bbox 2286 3210 2534 3284; x_wconf 86' lang='lat' dir='ltr'>ipsoque</span> <span class='ocrx_word' id='word_1_418' title='bbox 2608 3205 2669 3264; x_wconf 91' lang='lat' dir='ltr'>in</span> 
     </span>
     <span class='ocr_line' id='line_1_72' title="bbox 1396 3283 2674 3357; baseline -0.002 -11"><span class='ocrx_word' id='word_1_419' title='bbox 1396 3283 1615 3346; x_wconf 86' lang='lat' dir='ltr'>Gallias</span> <span class='ocrx_word' id='word_1_420' title='bbox 1647 3285 1827 3346; x_wconf 80' lang='lat' dir='ltr'>fuisse</span> <span class='ocrx_word' id='word_1_421' title='bbox 1858 3288 2128 3356; x_wconf 87' lang='lat' dir='ltr'>missum,</span> <span class='ocrx_word' id='word_1_422' title='bbox 2164 3289 2442 3357; x_wconf 84' lang='lat' dir='ltr'>tandem,</span> <span class='ocrx_word' id='word_1_423' title='bbox 2475 3291 2674 3345; x_wconf 86' lang='lat' dir='ltr'>morte</span> 
     </span>
    </p>
   </div>
   <div class='ocr_carea' id='block_1_10' title="bbox 1399 3362 2670 3520">
    <p class='ocr_par' dir='ltr' id='par_1_13' title="bbox 1399 3362 2670 3520">
     <span class='ocr_line' id='line_1_73' title="bbox 1402 3362 2670 3442; baseline 0.002 -20"><span class='ocrx_word' id='word_1_424' title='bbox 1402 3366 1702 3435; x_wconf 86' lang='lat' dir='ltr'>naturali,</span> <span class='ocrx_word' id='word_1_425' title='bbox 1749 3365 1908 3426; x_wconf 89' lang='lat' dir='ltr'>diem</span> <span class='ocrx_word' id='word_1_426' title='bbox 1963 3381 2144 3426; x_wconf 88' lang='lat' dir='ltr'>suum</span> <span class='ocrx_word' id='word_1_427' title='bbox 2204 3365 2510 3428; x_wconf 81' lang='lat' dir='ltr'>clausisse.</span> <span class='ocrx_word' id='word_1_428' title='bbox 2555 3362 2670 3442; x_wconf 84' lang='lat' dir='ltr'>(Ex</span> 
     </span>
     <span class='ocr_line' id='line_1_74' title="bbox 1399 3443 1733 3520; baseline -0.003 -15"><span class='ocrx_word' id='word_1_429' title='bbox 1399 3443 1733 3520; x_wconf 55' lang='lat' dir='ltr'>Bellum).</span> 
     </span>
    </p>
   </div>
   <div class='ocr_carea' id='block_1_11' title="bbox 1482 3602 2584 3789">
    <p class='ocr_par' dir='ltr' id='par_1_14' title="bbox 1482 3602 2584 3789">
     <span class='ocr_line' id='line_1_75' title="bbox 1537 3602 2527 3666; baseline 0.002 -4"><span class='ocrx_word' id='word_1_430' title='bbox 1537 3603 1594 3662; x_wconf 80' lang='lat' dir='ltr'>S.</span> <span class='ocrx_word' id='word_1_431' title='bbox 1640 3602 2127 3666; x_wconf 71' lang='lat' dir='ltr'>GAL&#39;DENTIUS</span> <span class='ocrx_word' id='word_1_432' title='bbox 2177 3603 2527 3665; x_wconf 70' lang='lat' dir='ltr'>Eriscorus</span> 
     </span>
     <span class='ocr_line' id='line_1_76' title="bbox 1482 3708 2584 3789; baseline -0.005 -15"><span class='ocrx_word' id='word_1_433' title='bbox 1482 3709 1640 3774; x_wconf 78' lang='lat' dir='ltr'>Obiit</span> <span class='ocrx_word' id='word_1_434' title='bbox 1677 3708 1929 3789; x_wconf 69' lang='lat' dir='ltr'>probat).</span> <span class='ocrx_word' id='word_1_435' title='bbox 1965 3712 2135 3771; x_wconf 75' lang='lat' dir='ltr'>circa</span> <span class='ocrx_word' id='word_1_436' title='bbox 2183 3726 2421 3771; x_wconf 66' lang='lat' dir='ltr'>antium</span> <span class='ocrx_word' id='word_1_437' title='bbox 2449 3709 2584 3770; x_wconf 81' lang='lat'>410.</span> 
     </span>
    </p>
   </div>
   <div class='ocr_carea' id='block_1_12' title="bbox 1396 3842 2673 4394">
    <p class='ocr_par' dir='ltr' id='par_1_15' title="bbox 1396 3842 2673 4080">
     <span class='ocr_line' id='line_1_77' title="bbox 1476 3842 2670 3905; baseline -0.003 0"><span class='ocrx_word' id='word_1_438' title='bbox 1476 3846 1830 3905; x_wconf 52' lang='lat' dir='ltr'>Minu-rrum..</span> <span class='ocrx_word' id='word_1_439' title='bbox 1864 3878 1938 3888; x_wconf 90' lang='lat'>-</span> <span class='ocrx_word' id='word_1_440' title='bbox 1982 3843 2217 3903; x_wconf 87' lang='lat' dir='ltr'>Brixiae</span> <span class='ocrx_word' id='word_1_441' title='bbox 2270 3842 2488 3903; x_wconf 88' lang='lat' dir='ltr'>natalis</span> <span class='ocrx_word' id='word_1_442' title='bbox 2536 3858 2670 3902; x_wconf 87' lang='lat' dir='ltr'>san·</span> 
     </span>
     <span class='ocr_line' id='line_1_78' title="bbox 1397 3922 2673 4001; baseline -0.002 -18"><span class='ocrx_word' id='word_1_443' title='bbox 1397 3929 1473 3984; x_wconf 89' lang='lat' dir='ltr'>cti</span> <span class='ocrx_word' id='word_1_444' title='bbox 1509 3922 1849 3984; x_wconf 67' lang='lat' dir='ltr'>GAunENru</span> <span class='ocrx_word' id='word_1_445' title='bbox 1880 3925 2173 4001; x_wconf 83' lang='lat' dir='ltr'>Episcopi,</span> <span class='ocrx_word' id='word_1_446' title='bbox 2220 3922 2568 3984; x_wconf 86' lang='lat' dir='ltr'>eruditione</span> <span class='ocrx_word' id='word_1_447' title='bbox 2611 3930 2673 3981; x_wconf 86' lang='lat' dir='ltr'>et</span> 
     </span>
     <span class='ocr_line' id='line_1_79' title="bbox 1396 4003 2082 4080; baseline -0.006 -15"><span class='ocrx_word' id='word_1_448' title='bbox 1396 4005 1718 4065; x_wconf 83' lang='lat' dir='ltr'>sanctitate</span> <span class='ocrx_word' id='word_1_449' title='bbox 1747 4003 2082 4080; x_wconf 88' lang='lat' dir='ltr'>conspicui.</span> 
     </span>
    </p>

    <p class='ocr_par' dir='ltr' id='par_1_16' title="bbox 1397 4079 2670 4394">
     <span class='ocr_line' id='line_1_80' title="bbox 1475 4079 2669 4153; baseline -0.004 -11"><span class='ocrx_word' id='word_1_450' title='bbox 1475 4081 1638 4153; x_wconf 89' lang='lat' dir='ltr'>Quae</span> <span class='ocrx_word' id='word_1_451' title='bbox 1686 4083 1755 4144; x_wconf 86' lang='lat' dir='ltr'>ad</span> <span class='ocrx_word' id='word_1_452' title='bbox 1811 4098 1918 4142; x_wconf 81' lang='lat' dir='ltr'>nos</span> <span class='ocrx_word' id='word_1_453' title='bbox 1976 4082 2049 4141; x_wconf 89' lang='lat' dir='ltr'>de</span> <span class='ocrx_word' id='word_1_454' title='bbox 2076 4081 2135 4142; x_wconf 84' lang='lat' dir='ltr'>S.</span> <span class='ocrx_word' id='word_1_455' title='bbox 2169 4079 2506 4142; x_wconf 86' lang='lat' dir='ltr'>Gaudentio</span> <span class='ocrx_word' id='word_1_456' title='bbox 2540 4091 2669 4153; x_wconf 89' lang='lat' dir='ltr'>per·</span> 
     </span>
     <span class='ocr_line' id='line_1_81' title="bbox 1401 4156 2670 4234; baseline -0.002 -15"><span class='ocrx_word' id='word_1_457' title='bbox 1401 4170 1754 4232; x_wconf 84' lang='lat' dir='ltr'>venerunt,</span> <span class='ocrx_word' id='word_1_458' title='bbox 1823 4161 1909 4222; x_wconf 89' lang='lat' dir='ltr'>sic</span> <span class='ocrx_word' id='word_1_459' title='bbox 1977 4161 2400 4234; x_wconf 82' lang='lat' dir='ltr'>compendiose</span> <span class='ocrx_word' id='word_1_460' title='bbox 2471 4156 2670 4217; x_wconf 89' lang='lat' dir='ltr'>reddit</span> 
     </span>
     <span class='ocr_line' id='line_1_82' title="bbox 1397 4234 2668 4316; baseline -0.005 -16"><span class='ocrx_word' id='word_1_461' title='bbox 1397 4241 1931 4301; x_wconf 79' lang='lat' dir='ltr'>schoenemannus</span> <span class='ocrx_word' id='word_1_462' title='bbox 1956 4237 2351 4316; x_wconf 68' lang='lat' dir='ltr'>(Bibliotheca</span> <span class='ocrx_word' id='word_1_463' title='bbox 2380 4236 2520 4296; x_wconf 76' lang='lat' dir='ltr'>leisc.</span> <span class='ocrx_word' id='word_1_464' title='bbox 2551 4234 2668 4296; x_wconf 68' lang='lat' dir='ltr'>litt.</span> 
     </span>
     <span class='ocr_line' id='line_1_83' title="bbox 1398 4303 2667 4394; baseline -0.005 -11"><span class='ocrx_word' id='word_1_465' title='bbox 1398 4323 1662 4383; x_wconf 69' lang='lat' dir='ltr'>Patr-um</span> <span class='ocrx_word' id='word_1_466' title='bbox 1718 4303 1958 4394; x_wconf 70' lang='grc' dir='ltr'><em>ιαείη.).-</em></span> <span class='ocrx_word' id='word_1_467' title='bbox 2026 4341 2050 4372; x_wconf 83' lang='lat'>‹·</span> <span class='ocrx_word' id='word_1_468' title='bbox 2106 4319 2299 4380; x_wconf 74' lang='lat' dir='ltr'>Patria</span> <span class='ocrx_word' id='word_1_469' title='bbox 2341 4316 2667 4377; x_wconf 64' lang='lat' dir='ltr'>caudeam</span> 
     </span>
    </p>
   </div>
   <div class='ocr_carea' id='block_1_13' title="bbox 108 4384 2670 4467">
    <p class='ocr_par' dir='ltr' id='par_1_17' title="bbox 108 4384 2670 4467">
     <span class='ocr_line' id='line_1_84' title="bbox 108 4384 2670 4467; baseline 0.005 -27"><span class='ocrx_word' id='word_1_470' title='bbox 108 4384 233 4458; x_wconf 84' lang='lat' dir='ltr'>tate,</span> <span class='ocrx_word' id='word_1_471' title='bbox 263 4395 689 4459; x_wconf 85' lang='lat' dir='ltr'>revocaverunt</span> <span class='ocrx_word' id='word_1_472' title='bbox 721 4398 1102 4460; x_wconf 84' lang='lat' dir='ltr'>Bonifacium</span> <span class='ocrx_word' id='word_1_473' title='bbox 1137 4398 1197 4457; x_wconf 89' lang='lat' dir='ltr'>in</span> <span class='ocrx_word' id='word_1_474' title='bbox 1232 4398 1338 4459; x_wconf 90' lang='lat' dir='ltr'>Ur·</span> <span class='ocrx_word' id='word_1_475' title='bbox 1402 4408 1628 4462; x_wconf 86' lang='lat' dir='ltr'>incerta</span> <span class='ocrx_word' id='word_1_476' title='bbox 1662 4407 1765 4460; x_wconf 87' lang='lat' dir='ltr'>est.</span> <span class='ocrx_word' id='word_1_477' title='bbox 1799 4398 1928 4459; x_wconf 86' lang='lat' dir='ltr'>Nisi</span> <span class='ocrx_word' id='word_1_478' title='bbox 1961 4397 2281 4459; x_wconf 81' lang='lat' dir='ltr'>Brixianus</span> <span class='ocrx_word' id='word_1_479' title='bbox 2318 4396 2433 4457; x_wconf 79' lang='lat' dir='ltr'>fuit</span> <span class='ocrx_word' id='word_1_480' title='bbox 2456 4442 2471 4467; x_wconf 91' lang='lat'>‚</span> <span class='ocrx_word' id='word_1_481' title='bbox 2505 4403 2670 4457; x_wconf 87' lang='lat' dir='ltr'>certe</span> 
     </span>
    </p>
   </div>
  </div>
 </body>
</html>
