2993 4837
320 4154 356 4200 ¹.
447 4106 705 4173 dentes.
760 4110 1062 4186 Quarum
1112 4126 1322 4173 unam
1377 4104 1655 4192 quidem
1692 4104 1772 4172 de

508 282 633 343 6.ἰο
1097 297 1174 341 nn
1222 299 1277 340 s.
1324 295 1611 341 canctus
1661 297 1948 342 murrina
1995 297 2068 340 Er
2116 296 2280 342 Auis
2624 274 2776 342 not.
2813 279 2875 340 22

416 383 744 466 quoniam
773 380 857 448 ad
893 381 1123 470 ipsum
1163 380 1379 449 habeo
1413 391 1672 448 secreta
1704 379 1793 449 ab
1830 401 1909 448 ea
1948 400 2300 469 responsa,
2336 400 2516 466 quae
2545 378 2604 447 ei
2637 378 2880 447 reddam.

421 474 587 538 Eum
633 468 909 555 quando
945 467 1236 550 videris,
1292 489 1496 536 narra
1545 489 2025 555 quaecumque
2065 468 2188 537 tibi
2221 468 2407 536 dixi:
2461 480 2530 536 et
2571 466 2813 555 quando
2844 478 2890 537 te
2951 471 2952 544 ς

421 557 831 638 lustraverit,
879 556 1119 626 induet
1154 570 1214 625 te
1262 556 1692 626 indumentis
1725 557 1918 625 novis
1947 570 2013 626 et
2042 556 2428 646 splendidis
2462 582 2478 623 ε
2516 578 2668 625 cum
2699 557 2895 642 quibus
2949 559 2952 640 l

423 644 603 715 illico
658 646 936 716 veniens
976 645 1046 713 in
1105 644 1233 714 hoc
1271 645 1704 726 cubiculum,
1751 645 2012 716 videbis
2059 657 2376 715 sanctum
2428 645 2773 735 Angelum,
2810 643 2898 731 qui
2949 655 2952 688 ²

423 749 582 804 tuus
614 734 852 804 evadet
888 734 1178 814 amicuS,
1218 746 1284 803 et
1312 755 1793 821 quaecumque
1826 747 2012 824 petes
2049 735 2137 804 ab
2173 734 2346 824 ipso,
2385 734 2714 802 invenies.
2743 756 2775 798 »

507 824 543 909 ξ
592 828 675 896 4.
729 828 917 892 Tunc
981 821 1325 913 profectus
1370 836 1473 892 est
1521 821 1965 902 Valerianus,
2033 836 2098 892 ct
2154 824 2643 893 convenienter
2694 822 2902 911 signis,

418 933 598 996 quae
646 912 910 1001 accepit
955 913 1044 981 ab
1093 912 1244 1001 ipsa
1291 923 1526 982 sancta
1576 911 1886 993 Caecilia,
1939 911 2202 981 invenit
2243 924 2566 982 sanctum
2618 912 2906 980 Urbanum

426 1000 833 1090 Episcopum
867 1024 882 1067 ε
934 1000 1079 1086 qui,
1120 1022 1277 1069 cum
1316 999 1622 1069 secundo
1654 999 1896 1069 fuisset
1941 998 2314 1082 confessor,
2370 1000 2628 1072 latebat
2659 997 2908 1068 occultus

427 1092 490 1157 in
523 1101 918 1159 sanctorum
958 1094 1328 1177 Martyrum
1370 1089 1881 1157 monimentis*.
1914 1088 2034 1158 Cui
2079 1089 2358 1175 quidem
2404 1100 2767 1178 postquam
2788 1086 2906 1155 dixit

420 1179 656 1246 omnia
717 1200 894 1265 qnae
941 1177 1202 1246 dixerat
1249 1176 1563 1258 Caecilia,
1619 1199 1869 1268 magno
1916 1177 2172 1266 gaudio
2216 1189 2318 1249 est
2363 1178 2698 1247 affectus:
2746 1188 2802 1245 et

429 1266 634 1336 nibus
682 1267 879 1335 humi
930 1266 1146 1347 ssexis,
1198 1279 1263 1335 et
1301 1266 1621 1334 manibus
1671 1267 1739 1334 in
1791 1265 2058 1335 coelum
2095 1267 2416 1347 extensis,
2458 1266 2639 1336 dixit
2682 1287 2821 1335 cum
2864 1286 2908 1330 a·

424 1354 726 1445 ‹zrymisz
783 1379 818 1420 «
857 1356 1137 1424 Domine
1173 1360 1339 1423 Jesu
1380 1354 1662 1435 Christe,
1756 1366 1939 1424 astor
1985 1369 2229 1424 ‘sancte
2283 1368 2349 1425 et
2409 1357 2641 1436 bone,
2695 1351 2906 1423 Caecilii

430 1461 539 1512 tua
589 1443 887 1525 ancilla,
943 1456 1292 1529 tamquam
1348 1443 1588 1512 multis
1636 1442 1696 1511 la
1752 1443 1992 1514 oribus
2052 1443 2344 1513 exercita
2408 1466 2600 1530 agna
2636 1499 2651 1525 ,
2706 1442 2812 1512 tibi
2850 1449 2910 1509 est

425 1532 733 1601 dedicata
768 1556 783 1598 ε
815 1531 1373 1619 quandoquidem
1407 1553 1738 1621 sponsum
1774 1553 2004 1612 suum,
2043 1534 2162 1620 qui
2220 1532 2509 1622 perinde
2542 1556 2626 1602 ac
2663 1532 2759 1601 leo
2787 1529 2910 1624 colti-

433 1621 571 1689 beri
623 1643 757 1690 non
807 1632 1115 1711 poterat,
1175 1620 1481 1710 accepit,
1535 1631 1601 1689 et
1646 1641 1808 1709 erga
1854 1634 1914 1689 te
1965 1634 2312 1708 tamquam
2364 1644 2636 1713 agnum
2691 1617 2912 1689 reddidit

434 1709 1096 1779 mansuetissimum.
1153 1714 1217 1778 Is
1265 1709 1448 1778 enim
1504 1709 1637 1778 nisi
1684 1708 2111 1789 credidisset,
2159 1709 2243 1778 ad
2294 1732 2418 1779 nos
2463 1733 2611 1779 non
2665 1709 2906 1779 venisset.

431 1799 649 1888 Aperi,
700 1798 1005 1878 Domine,
1058 1798 1309 1867 ostium
1360 1797 1589 1867 cordis
1636 1798 1789 1885 ejus
1838 1798 2061 1869 verbis
2098 1798 2274 1868 tuis:
2315 1813 2389 1868 ut
2422 1822 2592 1868 cum
2633 1812 2694 1867 te
2732 1816 2912 1887 cogno-

434 1887 600 1955 verit
646 1908 796 1956 esse
841 1886 991 1974 ejus
1023 1887 1405 1956 effectorem
1448 1899 1513 1955 et
1550 1887 1936 1966 Dominum,
1995 1888 2351 1956 renunciet
2389 1886 2678 1957 diaholo
2715 1901 2772 1956 et
2811 1907 2910 1971 ope

435 1978 625 2046 ribus
663 1976 836 2064 ejuS,
889 1989 954 2043 et
1001 1974 1178 2044 dolis
1225 1975 1401 2062 ejus
1444 1998 1478 2041 »
1521 1979 1700 2044 Haec
1747 1989 1812 2044 et
1860 1974 1970 2045 his
2017 1976 2272 2045 similia
2306 1989 2550 2045 orante
2594 1988 2815 2046 sancto
2841 1977 2908 2067 [s-

437 2071 610 2133 hano
650 2064 1008 2154 Episcopo,
1041 2086 1243 2133 senex
1273 2078 1430 2132 ante
1454 2086 1611 2132 eum
1653 2077 1928 2154 repente
1957 2065 2303 2154 apparuit,
2343 2064 2642 2135 indutus
2669 2060 2908 2156 candidis

439 2154 857 2223 vestimentis
891 2153 1071 2222 sicut
1106 2153 1241 2234 nix,
1288 2166 1527 2222 tenens
1576 2153 1643 2220 in
1702 2152 2022 2221 manibus
2071 2152 2417 2232 tabellam,
2463 2154 2706 2224 aureis
2736 2155 2908 2221 inscrt-

440 2258 617 2326 ptam
657 2241 921 2310 litteris.
952 2246 1163 2324 Quem
1199 2264 1359 2311 cum
1396 2239 1675 2310 vidisset
1710 2240 2132 2322 Valerianus,
2171 2241 2605 2331 stupefactus
2636 2254 2699 2312 et
2728 2239 2909 2334 cadens

436 2334 500 2398 in
549 2344 823 2412 terram,
868 2330 1087 2400 sactus
1122 2344 1221 2401 est
1256 2343 1603 2417 tamquam
1665 2343 1999 2399 mortuus.
2053 2335 2242 2399 Tunc
2290 2352 2491 2400 senex
2543 2355 2704 2401 eum
2743 2338 2904 2398 erexit.

433 2421 717 2490 dicens:
773 2443 807 2485 «
842 2425 1034 2510 Lege,
1088 2441 1127 2488 o
1176 2418 1299 2500 fili,
1344 2430 1732 2489 contextum
1773 2418 1982 2509 hujus
2009 2416 2191 2500 libri,
2231 2433 2304 2490 ut
2337 2421 2603 2511 dignus
2638 2415 2906 2489 habearis,

434 2510 553 2595 qui
590 2509 903 2598 purgeris
935 2520 999 2576 et
1038 2508 1267 2577 videas
1296 2508 1657 2599 Angelum,
1700 2508 1899 2595 cnjus
1947 2522 2392 2597 conspectum
2433 2510 2558 2579 tibi
2596 2511 2777 2598 virgo
2808 2507 2908 2572 sae

435 2597 593 2667 cilia
634 2620 789 2666 cum
839 2610 1150 2685 prompto
1190 2597 1408 2665 animi
1453 2596 1681 2665 studio
1726 2608 1829 2665 est
1879 2595 2201 2685 pollicita.
2244 2622 2277 2664 »
2323 2604 2515 2667 Tunc
2553 2598 2904 2667 Valerianus.

438 2686 681 2754 defixis
734 2685 999 2765 oculiS,
1052 2686 1274 2774 coepit
1330 2686 1395 2753 in
1456 2707 1534 2753 eo
1577 2684 1820 2775 legere.
1875 2689 2031 2753 Erat
2087 2698 2312 2755 autem
2368 2687 2538 2757 haec
2589 2687 2906 2774 Scriptura.

435 2797 611 2860 quae
665 2786 808 2842 erat
857 2774 922 2840 in
976 2773 1269 2863 tabella:
1328 2779 1506 2844 Unus
1562 2779 1736 2842 Deus
1772 2828 1787 2855 ,
1860 2797 1999 2843 una
2041 2776 2250 2864 βείω,
2323 2800 2533 2844 unum
2595 2777 2904 2866 baptisma:

443 2869 618 2931 I‘nus
666 2868 838 2931 Deus
886 2873 947 2930 et
992 2873 1189 2953 pater
1234 2865 1553 2942 omnium,
1606 2864 1727 2952 qui
1770 2873 1865 2930 est
1896 2885 2098 2953 supe-r
2143 2866 2390 2944 omnia,
2427 2876 2488 2933 et
2540 2868 2610 2933 in
2657 2862 2906 2933 omnibus.

440 2960 477 3019 A
498 2975 642 3020 men
673 2952 943 3042 (Ephes.
982 2955 1094 3038 lv).

528 3042 562 3126 ξ
608 3047 695 3111 ὅ.
750 3046 1111 3127 Postquam
1167 3062 1328 3129 ergo
1385 3039 1550 3109 haec
1613 3038 1794 3128 apud
1860 3061 1930 3108 se
1981 3039 2191 3141 legit,
2261 3040 2430 3109 dixit
2490 3042 2551 3110 ei
2608 3035 2906 3110 Sacerdos:

440 3154 473 3195 «
513 3129 765 3209 CrediS,
822 3129 944 3211 fili,
998 3129 1165 3197 haec
1200 3129 1291 3197 ita
1322 3150 1492 3207 esse,
1533 3150 1618 3196 an
1655 3128 1882 3197 adhuc
1915 3128 2241 3199 dubitas?
2274 3153 2309 3195 »
2359 3136 2548 3199 Tunc
2586 3128 2914 3215 Valeriana}

439 3217 759 3286 clamavit
820 3240 1066 3307 magna
1128 3239 1330 3285 voce:
1387 3240 1422 3283 «
1464 3222 1605 3286 Non
1666 3230 1766 3286 est
1829 3239 2060 3285 revera
2125 3218 2314 3287 aliud
2380 3218 2512 3287 sub
2569 3217 2790 3291 coelo,
2839 3230 2910 3278 cm

446 3307 671 3375 verius
719 3305 906 3374 credi
959 3307 1193 3397 possit.
1233 3329 1267 3372 »
1319 3310 1684 3391 Postquam
1739 3328 1902 3395 ergo
1948 3305 2117 3376 haec
2157 3308 2327 3376 dixit
2371 3307 2796 3382 Valet-ianm,
2839 3296 2910 3366 ille
2947 3320 2948 3325 ¹

441 3418 641 3464 senex
690 3418 769 3463 ex
817 3394 967 3483 ejus
1013 3395 1231 3464 oculis
1279 3395 1580 3464 evanuit.
1637 3400 1826 3464 Tunc
1868 3410 2148 3465 sanctus
2205 3397 2547 3477 Urbanus,
2599 3416 2744 3464 cum
2798 3406 2910 3486 etim

443 3484 937 3561 admonuisset,
977 3496 1041 3552 et
1081 3483 1494 3554 catechismo
1530 3483 1960 3564 instituisset,
1999 3484 2364 3574 baptizavit
2392 3507 2550 3553 eum
2589 3484 2650 3552 in
2697 3494 2911 3549 nomine

448 3573 658 3641 Patris
711 3585 776 3643 et
834 3572 982 3641 Filii
1021 3584 1085 3641 et
1134 3572 1428 3661 Spiritus
1479 3572 1748 3642 Sancti:
1801 3585 1865 3641 et
1915 3595 2073 3642 cum
2114 3595 2272 3643 enm
2323 3572 2664 3643 docuisset
2693 3582 2948 3660 omne-m,

447 3661 750 3748 regulam
806 3661 988 3741 fidei,
1043 3660 1306 3729 dimisit
1338 3661 1421 3730 ad
1456 3660 1842 3751 Caeciliam,
1878 3661 1936 3729 ei
1965 3662 2170 3750 jactis
2196 3663 2453 3752 optime
2486 3661 2902 3744 fundamentis-

444 3756 606 3817 Cum
645 3762 871 3818 autem
928 3750 1220 3819 venisset
1270 3750 1668 3819 Valerianus
1726 3750 1793 3818 in
1839 3750 2262 3819 indumentis
2308 3750 2662 3829 candidis,
2711 3747 2904 3814 invenit

445 3838 799 3906 Caeciliam
852 3852 1153 3907 orantem
1194 3839 1259 3905 in
1297 3838 1640 3915 cubiculo,
1677 3852 1741 3908 et
1770 3839 2099 3928 Angelum
2149 3840 2416 3909 Domini
2451 3852 2717 3907 stantem
2749 3844 2902 3921 prope

445 3951 620 4007 vam,
666 3926 1039 4013 fulgentem
1087 3927 1331 4016 pennis
1365 3928 1703 3996 flammeis
1734 3983 1748 4003 ,
1804 3940 1869 3996 et
1917 3927 2321 3997 scintillanti
2372 3930 2614 4016 specie,
2652 3925 2898 3993 duasctr

452 4038 652 4084 ranas
702 4016 1061 4085 habentem
1116 4016 1182 4084 in
1240 4016 1562 4083 manibus
1612 4015 1778 4085 resnl
1835 4030 2046 4095 enteS,
2088 4017 2398 4103 rosisque
2430 4031 2493 4085 et
2542 4017 2688 4085 liliis
2725 4006 2894 4111 spleJJ·

1779 4040 1879 4173 git
1928 4105 2277 4185 Caeciliae,
2323 4106 2597 4175 alteram
2645 4118 2771 4170 vero
2807 4098 2892 4159 la·
2947 4170 2948 4173 ,

450 4193 731 4273 lerianO,
776 4194 1057 4263 dicens:
1111 4198 1249 4262 Has
1296 4215 1584 4263 coronas
1633 4193 1835 4262 corde
1883 4194 2328 4264 immaculato
2376 4211 2439 4263 et
2485 4214 2643 4285 puro
2681 4196 2887 4271 corpore·

502 4351 524 4373 ³¹
556 4349 758 4395 Scilicet,
787 4350 833 4390 in
864 4354 1043 4392 Callisti
1074 4354 1383 4399 coemeterio,
1418 4356 1545 4401 quod
1578 4356 1626 4394 in
1663 4353 1968 4395 Caeciliornm
2007 4355 2382 4397 Christianorum
2421 4354 2610 4405 praediis
2639 4354 2739 4393 erat.
2768 4344 2803 4385 εἰ
2831 4336 2884 4375 ΠΗ

449 4403 743 4443 Βιιωωοτιιω
763 4406 1039 4446 Pontificum
1063 4418 1259 4457 corpora
1280 4412 1645 4457 sepvstubantnr,
1667 4416 1716 4449 ut
1738 4414 1900 4450 censet
1918 4412 2040 4450 idem
2062 4413 2300 4453 De-Roan.
