2993 4837
519 325 644 390 722
1138 343 1215 388 na
1262 341 1319 388 s.
1374 339 1694 388 srarnano
1740 339 2006 387 sumone
2055 339 2245 385 mar.
2623 321 2766 385 Nov.
2799 321 2858 384 28

430 426 606 497 male
652 423 735 493 de
794 437 855 493 te
905 425 1222 495 meritum
1261 479 1276 505 ,
1334 423 1592 493 malum
1655 445 1734 492 ac
1782 423 1972 493 nefas
2019 437 2120 492 est
2175 423 2451 491 intueri.
2501 422 2864 492 obtruncetur

425 537 584 605 ergo
630 514 1145 602 quamprimum
1177 512 1600 582 execrandus
1649 512 1798 589 iste,
1853 512 2322 582 obtruncetur.
2356 535 2394 577 »
2429 516 2605 593 Quae
2645 533 2772 579 cum
2793 510 2865 578 di-

425 615 674 682 cerent,
730 600 796 668 id
839 601 1116 687 quidem
1158 601 1500 679 dicebant,
1539 600 1718 688 quod
1766 600 1962 669 illum
2000 601 2138 690 pati
2170 599 2564 689 oportebat:
2605 613 2859 668 caeterum

424 691 510 760 ab
550 691 989 779 Imperatoris
1039 702 1264 759 mente
1311 712 1389 759 ac
1438 690 1771 759 sententia
1821 711 2105 779 prorsus
2150 689 2585 758 aberrabant.
2622 688 2861 770 Quocirca

424 780 692 858 statim,
752 790 1041 866 tyranno
1096 778 1191 847 ita
1231 779 1557 867 jubente,
1616 799 1881 847 sacram
1937 776 2068 867 ipsi
2105 776 2496 866 epomidem
2535 775 2860 854 detrahunt,

422 889 709 954 eamque
754 865 839 934 ad
896 865 1224 956 populum
1275 889 1412 936 una
1468 888 1625 935 cum
1683 865 1956 935 cuculio
2001 867 2195 955 (nam
2260 867 2355 935 ita
2415 865 2729 955 appellari
2763 873 2869 932 con-

425 955 674 1044 suevit)
718 954 1099 1043 abjiciunt:
1150 977 1329 1042 quae
1385 954 1723 1043 extemplo
1778 954 1865 1023 ab
1925 955 2222 1045 impuris
2284 954 2428 1023 illis
2490 977 2569 1023 ac
2615 952 2878 1022 sceleratis

423 1043 824 1114 conculcata
857 1056 1038 1114 sunt.
1095 1048 1174 1112 Ut
1206 1056 1430 1113 autem
1484 1042 1903 1112 Cruciserum
1951 1065 2224 1136 quoque
2253 1042 2650 1122 analabum,
2685 1042 2790 1110 hoc
2813 1053 2880 1110 est

422 1132 927 1202 redimiculum
971 1147 1047 1201 ut
1090 1132 1294 1201 etiam
1331 1133 1560 1220 ipsum
1610 1131 2000 1221 dejicerent,
2042 1132 2299 1202 nefario
2351 1131 2457 1200 illi
2495 1131 2745 1200 demere
2781 1151 2880 1198 coc-

472 1234 694 1302 erunt,
750 1220 1070 1290 manibus
1119 1233 1475 1309 acceptum
1527 1219 1722 1289 illum
1774 1225 2152 1307 Imperator
2197 1220 2517 1308 undique
2560 1234 2880 1305 contorque-

421 1244 559 1391 ξω,
612 1309 942 1396 quidnam
984 1309 1165 1378 istud
1196 1322 1394 1390 esset,
1437 1309 1818 1379 sciscitans.
1857 1314 2025 1378 Tum
2065 1315 2345 1378 Senator
2378 1309 2684 1397 quidam,
2718 1320 2781 1376 ut
2804 1328 2878 1372 nn

425 1400 628 1478 mine,
673 1398 762 1467 ita
792 1397 994 1467 etiam
1039 1419 1108 1465 re
1152 1398 1574 1467 Dracontius:
1603 1397 2366 1484 «Projiciatur,inquit,
2408 1404 2786 1486 Imperator.
2813 1395 2881 1462 hic

422 1507 692 1574 quoque
744 1486 1037 1555 Satanici
1078 1486 1303 1573 laquei
1358 1486 1567 1565 funis,
1621 1485 1688 1553 di
1747 1508 1874 1554 nus
1926 1487 2069 1574 ipse
2111 1486 2578 1576 proculdubio
2622 1482 2880 1574 ejusmodi

421 1573 687 1662 laqueo.
724 1597 759 1639 »
809 1573 1000 1657 Quod
1050 1575 1252 1643 etiam
1290 1596 1445 1644 cum
1480 1574 1664 1642 illico
1722 1586 1946 1644 actum
1993 1573 2254 1654 fuisset,
2294 1576 2354 1646 is
2388 1597 2664 1663 quoque
2689 1596 2722 1642 a
2751 1571 2882 1666 plcbc

422 1663 750 1752 protritus
795 1664 1224 1732 cernebatur.
1279 1669 1355 1732 Et
1410 1662 1688 1749 quidem
1754 1685 1859 1731 res
1916 1663 2304 1751 praeclarae
2352 1664 2644 1752 indigno
2689 1661 2882 1730 homini

422 1764 596 1821 recte
644 1751 1222 1822 detrahebantur:
1276 1763 1344 1821 at
1402 1773 1534 1820 non
1598 1752 1755 1819 item
1817 1763 1994 1821 recte
2041 1775 2081 1820 a
2129 1751 2418 1822 scelesta
2488 1775 2566 1822 ac
2630 1748 2883 1837 sacrilega

419 1839 859 1909 multitudine
894 1861 1013 1928 per
1045 1839 1530 1909 contumeliam
1580 1839 2085 1910 obterebantur.
2140 1845 2298 1909 Post
2351 1855 2614 1920 autem,
2665 1850 2884 1926 quatuor

419 1928 733 1998 homines
808 1950 1021 2018 prono
1094 1950 1375 2019 corpore
1440 1929 1729 2018 arreptis
1801 1927 2069 2018 profani
2126 1928 2316 1998 illius
2388 1930 2727 2007 vestibus,
2773 1939 2884 1995 tam·

416 2039 622 2105 quam
660 2016 831 2107 pelle
871 2016 1103 2104 aliqua
1137 2016 1362 2106 ipsum
1405 2017 1634 2086 statim
1665 2029 1947 2094 exuunt,
1992 2030 2192 2104 atque
2219 2019 2375 2108 ejus
2411 2019 2563 2089 loco
2596 2017 2883 2087 militarem

413 2118 664 2178 vestem
716 2106 1125 2195 imponunt,
1177 2117 1521 2195 caputque
1568 2105 1786 2196 ipsius
1834 2105 2027 2196 galea
2082 2106 2399 2195 cingunt.
2459 2112 2745 2194 Cumque
2775 2121 2882 2171 eum

417 2195 610 2284 prius
670 2194 1090 2284 inspectante
1138 2194 1337 2263 turba
1383 2194 1592 2264 undis
1639 2193 1966 2263 eluissent
2020 2194 2159 2295 (ad
2215 2196 2639 2284 expiandam
2695 2191 2884 2262 scilicet

418 2283 818 2374 spurcitiem
866 2305 1042 2362 cam,
1097 2303 1304 2369 quam
1355 2305 1433 2351 ex
1481 2304 1674 2354 sacro
1722 2281 1839 2352 illo
1896 2282 2134 2352 habitu
2192 2282 2659 2372 contraxerat)
2705 2304 2766 2350 ac
2798 2278 2883 2344 Ju-

419 2371 690 2442 daicum
735 2371 803 2440 in
843 2371 1120 2442 modum
1155 2371 1349 2530 (guid
1388 2372 1571 2440 enim
1607 2370 1794 2441 aliud
1831 2370 2143 2460 dicam‘P)
2196 2372 2327 2461 ipsi
2377 2395 2658 2461 quoque
2698 2391 2776 2441 res
2807 2365 2882 2433 di-

420 2464 612 2529 vinas
644 2473 712 2530 et
748 2482 977 2530 sacras
1017 2460 1163 2529 ludi
1221 2461 1318 2531 rio
1358 2460 1782 2541 habuissent,
1811 2475 1952 2530 tum
1986 2460 2281 2548 denique
2309 2464 2614 2532 suismet
2641 2455 2878 2550 manibus

415 2553 792 2639 Imperator
838 2571 999 2618 ense
1047 2549 1265 2639 ipsius
1329 2550 1637 2619 humeris
1684 2571 2035 2638 appens0,
2089 2572 2247 2619 eum
2301 2550 2708 2641 Hippocomi
2746 2548 2771 2579 ¹*
2805 2541 2880 2610 dt·

415 2639 671 2728 gnitate
717 2651 935 2706 ornat.
988 2641 1199 2725 Atque
1254 2637 1433 2707 hanc
1473 2637 1801 2727 Georgius
1845 2638 2161 2728 abnegati
2205 2640 2527 2729 magistri
2579 2632 2878 2708 mercedem

415 2726 592 2807 tulit,
631 2726 1214 2813 quemadmodum
1248 2732 1287 2795 J
1295 2726 1467 2796 udas
1502 2749 1622 2817 pro
1655 2738 1895 2816 negato
1937 2726 2198 2796 Christo
2238 2728 2534 2817 triginta
2569 2728 2804 2798 talenta.
2849 2808 2857 2817 ι

505 2818 540 2901 ξ
592 2818 739 2887 28.
794 2812 1152 2884 Confestim
1206 2815 1431 2902 itaque
1481 2814 1849 2884 multitudo
1897 2816 2158 2905 impetu
2205 2815 2380 2886 sacto
2419 2818 2646 2887 sancti
2690 2814 2790 2882 viri
2813 2808 2876 2877 dt·

426 2901 731 2993 scipulos
778 2903 1142 2983 disturbat,
1196 2925 1275 2973 ac
1325 2903 1813 2973 monasterium
1850 2925 1989 2973 una
2033 2926 2194 2973 cum
2245 2906 2509 2996 templo
2557 2906 2689 2996 igni
2736 2901 2878 2970 absu-

421 2991 568 3070 mit,
611 3004 1065 3078 sanctumque
1115 2992 1332 3062 virum
1386 2991 1582 3061 illum
1635 2992 1976 3061 latronum
2027 2992 2246 3063 instar
2281 3015 2318 3061 e
2366 2995 2696 3084 spelunca
2743 2990 2877 3058 abre

420 3091 609 3169 ptum
662 3078 748 3148 ad
799 3079 1243 3150 Chalcedonis
1316 3080 1554 3149 navale
1628 3080 1927 3151 abducit.
1992 3086 2340 3162 Quaenam
2414 3097 2644 3152 autem
2705 3079 2876 3166 lingua

415 3167 838 3240 calamitates
880 3191 1016 3250 eaS,
1070 3191 1243 3255 quas
1300 3170 1368 3237 in
1420 3182 1555 3238 tam
1625 3168 1828 3271 longo
1881 3169 2124 3239 itinere
2174 3169 2615 3257 perferendas
2659 3164 2872 3237 habuit.-

415 3257 720 3327 oratione
766 3258 1123 3348 complecti
1162 3261 1416 3345 queat?
1474 3257 1600 3326 Alii
1648 3279 1835 3326 emm
1882 3280 2038 3326 eum
2098 3279 2206 3327 ma
2263 3282 2349 3327 no
2398 3260 2660 3350 impetu
2711 3254 2874 3325 trahe·

416 3347 604 3425 hant;
643 3345 760 3414 alii
811 3346 1107 3416 fustibus
1146 3368 1183 3414 a
1235 3357 1420 3437 tergo
1467 3345 1825 3431 feriebant;
1863 3345 1979 3414 alii
2024 3347 2091 3414 in
2142 3369 2221 3415 va
2254 3346 2384 3416 lem
2435 3370 2598 3418 eum
2638 3341 2876 3436 devolvc-

416 3434 606 3516 bant;
670 3434 785 3503 alii
839 3434 1038 3504 tibias
1104 3434 1322 3524 ipsius
1384 3435 1690 3504 calcibus
1750 3434 2124 3505 laniabant.
2191 3440 2396 3506 Erant
2444 3438 2644 3506 etiam
2688 3432 2787 3520 qui
2827 3446 2871 3492 111

416 3523 871 3593 venerandam
938 3523 1154 3612 ipsius
1204 3523 1441 3593 faciem
1509 3536 1854 3613 spuerent.
1921 3529 2127 3593 Erant
2177 3523 2334 3594 item
2392 3530 2514 3612 qui
2579 3521 2872 3611 teneriorrs

417 3613 642 3703 virgas
672 3624 1127 3701 amputanteS‚
1186 3634 1455 3681 sacrum
1515 3612 1734 3701 ipsius
1779 3624 1988 3702 caput
2035 3613 2505 3682 verberarent:
2556 3635 2684 3701 quo
2727 3608 2870 3676 nim1-

415 3723 567 3770 rum
622 3700 748 3770 hac
798 3702 1057 3771 ratione
1106 3699 1425 3789 plausum
1475 3722 1554 3769 ac
1627 3703 1840 3770 risum
1890 3713 1955 3770 et
2003 3700 2418 3791 voluptatem
2480 3700 2750 3792 impuris
2785 3694 2868 3762 ho·

418 3790 722 3859 minibus
769 3790 1160 3859 excitarent.
1198 3789 1322 3858 Alii
1357 3788 1652 3875 denique
1689 3788 2124 3879 petulantiori
2165 3790 2401 3860 animo
2444 3788 2736 3891 praediti,
2765 3800 2871 3851 cae-

415 3878 510 3948 sis
562 3878 943 3966 palmarum
986 3877 1198 3947 ramis
1257 3889 1414 3947 ante
1469 3877 1698 3968 ipsum
1774 3878 2205 3959 incedebant,
2270 3879 2775 3951 cachinnantes,
2823 3877 2866 3933 0²

411 3966 803 4047 illudente8‚
858 3972 937 4037 ad
986 3978 1296 4036 sexcenta
1343 3966 1414 4035 in
1454 3988 1613 4036 eum
1645 3965 1929 4037 dicteria
1951 3967 2310 4055 jacientes
2348 3969 2676 4051 Quidnam
2789 3975 2865 4052 1·ζο

413 4055 581 4125 haec
640 4056 726 4125 ab
783 4056 994 4145 impio
1039 4055 1455 4125 ludaeorum
1507 4055 1732 4125 surore
1779 4055 2177 4126 distabant?
2228 4061 2310 4127 Ut
2351 4069 2573 4127 autern
2611 4050 2773 4122 nulo
2816 4060 2861 4109 ln

414 4167 572 4215 eum
616 4143 1189 4215 contumeliarum
1257 4165 1502 4235 genere
1552 4144 2028 4234 praetermisso
2075 4144 2161 4214 ad
2214 4144 2405 4216 littus
2461 4140 2858 4236 perveneram,

411 4246 555 4304 tum
619 4232 894 4302 demum
960 4232 1183 4303 lembo
1233 4232 1629 4323 impositum
1687 4233 1772 4302 ad
1833 4233 2196 4323 Philippici
2265 4214 2850 4309 monasterium(1d

468 4450 487 4466 ·
519 4443 832 4494 Hippocomus
852 4447 1091 4487 dicebatur
1112 4448 1152 4489 is
1171 4448 1253 4496 qui
1272 4456 1499 4497 equorum
1514 4457 1673 4489 curam
1695 4447 1871 4497 agebat.
