2993 4837
59 331 178 394 Not.
220 331 252 391 9.
666 349 739 392 οε
786 348 871 395 ss.
924 348 1233 396 Acixnm‘o
1279 351 1353 396 ET
1401 347 1602 399 Soclts
1651 352 1761 398 mu.
2314 337 2396 399 57

56 456 161 501 runi
187 433 408 501 sanctis
443 434 577 501 tuis
611 434 1017 523 martyribus
1054 457 1199 513 neS,
1238 435 1360 503 etsi
1398 436 1618 505 simus
1658 436 1948 527 indigni,
1987 459 2484 506 connumera.»

56 528 141 589 Deo
174 536 363 590 autem
415 521 673 593 invisus
718 535 782 591 et
829 522 1027 612 plane
1075 523 1363 592 daemon
1403 525 1751 614 Saporius‚
1793 548 1949 593 curn
1988 528 2212 595 statim
2256 528 2487 596 beatos

54 613 197 689 viros,
239 610 668 696 Acindynum‚
724 612 1027 699 inquam,
1081 626 1144 681 et
1193 614 1579 702 Pegasiurn,
1633 626 1697 682 et
1731 615 2289 704 Anempodistum
2337 615 2491 702 jus-

49 702 195 768 sisset
243 698 472 769 includi
541 700 604 768 in
671 722 983 779 carcere,
1050 702 1193 791 ipse
1242 702 1545 790 seipsum
1622 704 2026 791 gravissime
2089 703 2487 782 cruciabat,

48 788 229 858 anxius
268 802 516 878 propter
550 810 656 857 res
698 801 1106 880 praesenteS,
1145 804 1210 859 et
1251 791 1520 880 magnis
1551 793 1765 859 animi
1800 793 2127 861 fluctibus
2167 794 2488 882 agitatus,

48 892 91 944 et
124 899 212 945 nec
237 877 438 946 cibum
474 877 749 964 quidem
788 879 1068 949 omnino
1121 901 1392 948 sumere
1426 881 1796 950 sustinens.

108 968 295 1052 §111
342 967 423 1034 lis
466 988 650 1056 erge,
692 969 807 1054 qui
853 969 1108 1055 primas
1146 980 1368 1058 partes
1418 969 1601 1069 apud
1655 992 1810 1038 eum
1864 969 2286 1047 obtinebant,
2319 993 2485 1039 con-

48 1054 266 1121 vocatis:
312 1060 497 1123 «Cur
538 1078 643 1123 me
706 1057 925 1126 solum
958 1112 976 1136 ,
1037 1058 1296 1145 inquit,
1362 1056 1736 1143 reliquistis
1787 1058 1849 1125 in
1919 1059 2046 1135 his,
2102 1080 2275 1145 quae
2326 1072 2488 1127 sunt

48 1142 335 1231 proposita,
371 1143 704 1213 laborare:
747 1147 876 1234 ipsi
930 1160 1153 1215 autem
1209 1147 1502 1215 otiosum
1556 1146 1907 1237 delegistis
1946 1147 2322 1227 silentium,
2370 1170 2489 1215 nee

48 1234 212 1310 verbe,
257 1253 363 1300 nec
407 1231 579 1302 facto
625 1234 839 1302 ullam
878 1257 1074 1325 opem
1119 1235 1284 1304 mihi
1337 1235 1673 1304 ferentes?
1728 1236 1851 1305 Sed
1919 1237 1972 1303 si
2025 1235 2282 1322 aliquid
2337 1238 2490 1323 qui-

48 1322 156 1388 dem
185 1322 308 1388 novi
351 1335 410 1389 et
444 1320 695 1390 insoliti
747 1323 945 1391 velim
1000 1324 1263 1403 afferre,
1307 1346 1421 1392 vos
1456 1325 1679 1393 statim
1739 1325 1952 1393 babeo
2006 1326 2392 1393 resistentes
2427 1340 2490 1392 et

54 1408 387 1479 reluctantes.
439 1416 627 1480 Nunc
663 1424 887 1480 autern
941 1436 1100 1481 cum
1168 1413 1338 1482 nihil
1409 1413 1559 1481 novi
1628 1414 2142 1493 introducatur,
2202 1414 2314 1482 sed
2374 1437 2489 1503 pa—

51 1498 198 1565 trium
235 1514 507 1567 nostrum
553 1500 800 1590 dogma
847 1501 1292 1591 despiciatur,
1334 1515 1397 1570 et
1438 1525 1520 1570 ne
1555 1502 1774 1579 cadat,
1829 1505 2049 1571 veniat
2103 1504 2164 1569 in
2214 1505 2484 1593 perieu-

52 1584 172 1665 lum,
214 1599 263 1654 et
303 1587 460 1657 nulli
513 1605 812 1660 vestrum
858 1591 1080 1659 veniat
1131 1591 1196 1659 in
1236 1603 1550 1669 mentem,
1611 1613 1692 1659 ne
1744 1591 1935 1660 vultu
1983 1592 2259 1678 quidem
2297 1591 2487 1659 dolo-

51 1695 147 1741 rem
178 1696 306 1764 prae
347 1699 411 1747 se
458 1677 656 1760 ferre,
710 1679 793 1747 de
827 1701 1097 1748 summa
1131 1681 1221 1747 rei
1278 1680 1477 1769 plane
1514 1681 1707 1748 venio
1751 1681 1813 1748 in
1852 1680 2140 1749 dubium
2193 1694 2256 1749 et
2309 1702 2489 1750 moe-

53 1784 157 1831 rore
192 1785 413 1834 enecor.
448 1790 484 1833 »
535 1767 626 1836 Ad
671 1767 838 1836 haec
889 1769 1413 1859 ElpidephoruS,
1450 1770 1570 1855 qui
1604 1782 1766 1837 tune
1815 1784 1954 1837 erat
1995 1769 2258 1858 primus
2291 1791 2488 1837 sena-

52 1866 140 1929 tus,
175 1865 223 1920 et
250 1853 381 1922 fidei
415 1856 665 1925 Christi
715 1857 965 1925 ardens
1013 1870 1295 1935 amator,
1335 1872 1399 1926 et
1446 1858 1529 1925 ad
1577 1879 1920 1926 summam
1964 1858 2244 1943 quidam
2297 1858 2488 1925 Nico-

56 1937 248 2021 demus
279 1955 331 2010 et
362 1944 602 2015 Christi
653 1946 966 2015 occultus
1014 1945 1437 2034 discipulus:
1479 1969 1512 2009 «
1569 1951 1645 2013 Et
1692 1967 1896 2031 quam
1952 1946 2097 2026 tibi,
2153 1948 2396 2032 inquit,
2449 1968 2489 2013 o

58 2032 166 2107 Rex,
204 2029 307 2099 hae
350 2032 409 2099 in
449 2055 519 2102 re
570 2055 766 2123 opem
824 2034 993 2102 ferre
1044 2038 1462 2124 possumus?
1513 2039 1739 2120 Neque
1792 2034 1972 2101 enim
2029 2035 2326 2124 potentia
2378 2050 2484 2102 tua

60 2116 193 2186 nobis
226 2119 475 2211 indiget,
533 2145 708 2209 quae
750 2145 977 2192 rerum
1029 2123 1441 2213 experientia
1491 2122 1819 2191 omnibus
1854 2122 2215 2200 antecellit,
2269 2136 2332 2190 et
2368 2124 2484 2191 ha·

66 2203 508 2294 bespotestatem
558 2212 887 2281 voluntati
935 2227 1490 2299 consequentem.
1547 2213 1750 2301 Copia
1786 2224 2010 2280 autem
2074 2213 2488 2280 instrumen-

68 2306 236 2393 torum,
269 2319 423 2386 quae
470 2313 639 2369 sunt
685 2312 1077 2403 comparata
1126 2301 1207 2370 ad
1261 2300 1754 2388 torquendum,
1808 2321 2042 2368 eorum
2104 2321 2280 2386 quae
2332 2314 2493 2368 sunt.

64 2382 296 2468 facienda,
331 2411 361 2458 a
412 2402 556 2460 erte
583 2411 662 2459 su
841 2401 888 2460 tt
920 2391 1042 2461 tibi
1076 2390 1714 2460 deliberationem.»
1749 2395 2014 2459 Rursus
2042 2389 2206 2459 dicit
2237 2394 2491 2478 Tyran-

58 2478 348 2568 nus:«Qui
444 2482 649 2548 vero?
874 2503 956 2549 ne
1005 2480 1195 2549 solus
1234 2502 1509 2569 possum
1546 2480 1790 2548 latrare
1831 2479 2161 2549 adversus
2214 2478 2336 2547 hos
2366 2478 2490 2546 im-

60 2562 225 2657 most»
250 2570 514 2637 Sanctus
565 2589 722 2637 vero
755 2570 1147 2659 respondit:
1203 2592 1236 2634 «
1268 2570 1331 2637 Si
1368 2568 1495 2637 hoc
1548 2569 1667 2637 tibi
1706 2569 1971 2638 videtur
2013 2590 2374 2658 operosum
2413 2590 2490 2635 ae

60 2646 275 2732 difficile,
311 2656 465 2735 sine,
528 2657 791 2742 inquit,
846 2679 960 2726 eos
1022 2680 1147 2728 sua
1196 2657 1382 2726 abire
1436 2657 1801 2726 voluntate.
1845 2681 1879 2724 »
1933 2658 2492 2726 immanissimus

56 2756 158 2833 vero
195 2744 471 2831 Sapores:
537 2775 559 2806 ε
602 2745 726 2813 Sed
800 2759 1163 2833 quantum,
1208 2747 1474 2832 inquit·‚
1530 2745 1654 2815 das
1687 2769 1761 2813 ex
1807 2747 1945 2816 tuis
1996 2748 2218 2816 verbis
2263 2745 2486 2830 conji-

58 2826 303 2900 nendum.
354 2833 601 2902 videris
654 2833 789 2904 illis
840 2836 1089 2924 potius,
1144 2857 1350 2922 quam
1407 2835 1628 2914 nobiS‚
1678 2837 2069 2903 adhaerere.
2109 2841 2269 2904 Nam
2314 2835 2482 2902 mihi

64 2913 199 2984 verba
223 2924 654 2992 communiter
685 2922 766 2990 ad
800 2945 1042 2993 omnes
1078 2921 1374 3005 facienti,
1417 2924 1562 3014 ipse
1603 2923 1790 2992 solus
1831 2924 1955 2992 das
2010 2945 2371 3013 responsa:
2427 2936 2494 2991 et

64 3007 295 3091 suggeris,
343 3022 415 3079 ut
467 3011 719 3101 impios
771 3011 1150 3099 relinquam
1205 3013 1605 3102 impunitos.
1647 3036 1680 3078 »

117 3091 265 3176 §u
312 3101 425 3171 His
472 3101 575 3169 sic
634 3122 669 3168 a
723 3102 1003 3189 Saporio
1051 3101 1252 3169 dictis
1312 3123 1467 3171 cum
1536 3101 1961 3190 suspicione,
2022 3102 2258 3171 beatus
2309 3101 2490 3188 Elpi-

54 3177 344 3266 elephorus:
398 3213 431 3254 «
468 3190 806 3272 Quoniam
862 3212 1011 3259 sum
1048 3244 1063 3270 ‚
1138 3189 1393 3276 inquit,
1462 3190 1783 3279 princeps
1831 3204 2131 3271 senatus,
2189 3191 2254 3257 hi
2321 3189 2490 3256 mihi

50 3270 216 3340 merito
253 3278 625 3347 concedunt
657 3279 957 3367 primum
1011 3277 1283 3346 dicendi
1325 3278 1547 3347 locum
1633 3280 1754 3347 Sed
1813 3279 1852 3346 ii
1905 3300 2177 3364 quoque
2223 3278 2481 3355 dicant,

48 3359 169 3450 quod
213 3364 448 3434 videtur
480 3367 885 3454 unicuique,
924 3368 1247 3454 quoniam
1305 3369 1425 3446 vis,
1480 3390 1519 3434 o
1561 3373 1718 3446 Rex,
1759 3369 2041 3436 omnino
2094 3389 2322 3434 verum
2377 3387 2489 3433 au-

48 3442 164 3546 dire.
192 3452 448 3532 Quidam
503 3470 731 3524 autem
784 3478 968 3524 unus
995 3479 1069 3524 ex
1122 3457 1576 3535 senatoribus
1617 3457 1877 3525 habens
1908 3457 2210 3524 animam
2257 3453 2490 3553 divina

48 3539 200 3610 gratia
242 3540 729 3612 illuminatam:
786 3569 817 3608 «
850 3545 1022 3627 Quid
1066 3567 1289 3613 revera
1346 3547 1595 3615 mirum
1656 3561 1779 3626 est,
1830 3546 2071 3630 inquit,
2125 3567 2163 3611 o
2223 3548 2378 3618 Rex,
2433 3564 2486 3609 si

48 3619 429 3724 ElpidepltorQ
466 3635 713 3719 quiest
756 3634 1074 3723 princeps
1106 3648 1406 3713 senatuS,
1450 3649 1515 3702 et
1545 3634 1711 3702 nihil
1749 3634 2081 3722 insipiens
2126 3630 2492 3730 respondet

48 3725 121 3777 aut
161 3717 558 3798 indecorum,
616 3743 736 3790 nos
786 3722 1011 3791 dicere
1071 3723 1618 3793 concedimusi»
1683 3729 1816 3793 Rex
1874 3737 2098 3791 autem
2165 3744 2321 3789 eum
2379 3720 2482 3800 id,

48 3800 168 3880 quod
197 3818 341 3886 erat,
380 3831 445 3878 re
496 3832 647 3878 vera
689 3810 1281 3901 deprehendisset:
1327 3835 1361 3878 «
1400 3812 1623 3888 Video,
1684 3812 1927 3897 inquit,
1970 3825 2254 3880 vestram
2305 3831 2491 3876 men-

48 3899 134 3984 lssm
176 3914 285 3963 non
327 3911 495 3966 recte
528 3898 836 3968 affectam
877 3901 941 3968 in
996 3914 1293 3969 nostram
1338 3901 1781 3990 potentiam.»
1813 3901 2102 3983 Quidam
2160 3921 2335 3976 vero,
2375 3919 2491 3966 [¹0-

49 3994 173 4071 mine
198 3982 587 4077 PhilologuS,
640 3991 1143 4087 aetatejunior,
1187 3990 1461 4078 ingenio
1511 3990 1933 4066 acutissimo,
1986 3988 2125 4057 zelo
2156 3989 2490 4058 ardentis-

53 4084 241 4164 ⁵¹sstus=
277 4078 385 4143 «Ο
420 4079 576 4152 Rex.
619 4076 859 4162 inquit,
918 4079 1122 4156 mala,
1171 4101 1346 4165 quae
1397 4093 1588 4147 tuum
1636 4079 1945 4146 animum
2000 4077 2082 4143 de
2136 4078 2330 4145 nobis
2387 4077 2490 4143 in-

53 4169 165 4222 tasit
188 4164 590 4251 conjectura,
647 4187 774 4234 non
832 4167 1026 4238 nobis
1091 4168 1154 4234 in
1221 4168 1469 4236 bonum
1537 4166 1790 4234 exitum
1845 4165 2133 4234 desinet.
2189 4170 2272 4232 Es
2305 4165 2488 4232 enirn

61 4238 234 4321 plenus
287 4254 701 4339 suspicione,
764 4256 999 4342 utqui
1052 4256 1304 4343 cogites
1366 4255 1694 4324 omnibus
1753 4269 1866 4322 tua
1927 4253 2496 4322 condemnatione

60 4327 223 4427 θῶπτε
248 4340 535 4408 exitium.
573 4363 609 4406 »
641 4346 686 4409 Τ
715 4364 995 4413 'rannus
1030 4356 1253 4411 autem
1291 4344 1387 4412 irss
1429 4343 1728 4432 repletus
1765 4353 2037 4430 propter
2073 4345 2495 4429 repentinam

66 4414 309 4516 Philologi
337 4427 647 4516 loquendi
684 4364 1096 4501 libertatem:
1139 4432 1393 4512 «Quis,
1443 4431 1688 4517 inquit,
1750 4443 1810 4497 te
1851 4429 2123 4517 delegit,
2177 4441 2251 4493 ut
2302 4429 2500 4495 dares
