2993 4837
13 382 16 423 ἒ
63 376 206 442 XOV.
261 378 326 441 ⁴>ll
757 395 832 439 nr:
882 396 936 440 s.
991 394 1268 440 marino
1319 395 1415 439 izi».
1471 389 1821 440 TURONENSI
2341 374 2470 436 415

23 479 217 570 gravi
263 499 502 547 somno
552 477 892 567 sepultuS,
950 477 1203 567 Angelo
1255 478 1556 547 irruente
1605 476 2045 567 percellitur:
2081 499 2115 541 «
2155 481 2423 555 ServuS,
2463 476 2562 543 in-

59 567 222 655 quit,
286 567 392 634 Dei
444 565 529 634 ad
584 579 705 635 tua
755 566 993 634 limina
1033 568 1238 655 jacet,
1297 578 1361 635 et
1426 578 1493 636 tu
1544 567 1901 652 quiescis?
1955 592 1980 629 ι
2037 570 2182 647 Qua
2233 564 2345 633 ille
2407 586 2564 633 voce

59 668 359 747 percepta,
396 655 573 724 lecto
622 676 748 724 suo
801 655 1114 724 turbatus
1163 656 1538 735 excutitur;
1592 654 2116 741 convocatisque
2156 655 2392 732 serviS,
2435 666 2563 722 tre-

59 744 230 834 pidus
284 744 668 824 exclamat,
733 744 1101 813 Martinum
1169 765 1319 813 esse
1391 766 1513 834 pro
1584 743 1892 813 foribus:
1970 745 2143 812 irent
2220 743 2557 832 protinuS‚

57 832 316 902 claustra
366 846 833 913 reserassent,
896 854 977 900 ne
1027 831 1140 900 Dei
1192 854 1430 902 servus
1487 845 1833 921 pateretur
1871 832 2226 919 injuriam.
2283 831 2408 900 Sed
2463 830 2561 899 illi

53 923 137 1078 gut
164 936 255 991 est
283 922 602 990 omnium
657 933 904 989 natura
952 922 1340 1011 servorum)
1380 922 1486 990 vix
1529 922 1752 1010 prima
1805 921 2045 990 limina
2086 922 2367 1011 egressi,
2411 920 2562 988 irri-

93 1022 260 1081 entes
321 1009 689 1079 dominum
754 1031 1004 1086 suum,
1071 1009 1255 1096 quod
1334 1032 1577 1080 somno
1640 1009 1881 1079 fuisset
1952 1010 2242 1092 illusus,
2314 1022 2567 1098 negant

55 1120 429 1186 quemquam
486 1120 639 1168 esse
688 1119 808 1187 pro
856 1097 1143 1178 foribus,
1183 1120 1260 1166 ex
1316 1110 1583 1168 suomet
1623 1099 1901 1188 ingenio
1941 1100 2397 1187 conjectantes
2448 1119 2563 1165 ne-

57 1188 276 1255 minem
328 1200 524 1256 nocte
579 1209 775 1276 posse
829 1186 1134 1276 vigilare,
1177 1187 1428 1256 nedum
1484 1188 1585 1257 illi
1634 1187 1991 1256 crederent
2049 1188 2114 1255 in
2178 1187 2292 1255 illo
2344 1187 2562 1256 noctis

55 1274 297 1345 horrore
335 1276 571 1366 jacere
621 1275 703 1343 ad
746 1274 967 1344 aliena
1005 1274 1247 1344 limina
1288 1277 1733 1346 sacerdotem.
1776 1276 1990 1362 quue
2019 1275 2331 1344 Avitiano‘
2364 1274 2563 1347 saeue

56 1385 455 1452 persuasum3
498 1386 780 1433 rursum
815 1364 1102 1433 solvitur
1149 1365 1217 1432 in
1255 1386 1595 1453 soporem.
1637 1364 1759 1433 Sed
1804 1388 1957 1434 mox
2007 1366 2069 1431 vi
2108 1364 2364 1452 majore
2397 1386 2563 1433 con-

56 1474 290 1534 cussus,
333 1453 677 1523 exclamat
730 1453 1093 1521 Martinum
1149 1466 1327 1521 stare
1378 1475 1500 1541 pro
1557 1453 1867 1531 foribus;
1923 1452 2055 1523 sibi
2103 1453 2255 1522 ideo
2297 1453 2561 1521 nullam

54 1542 313 1626 quietem
350 1542 572 1611 animi
625 1542 1067 1629 corporisque
1115 1542 1442 1631 permitti.
1498 1541 1956 1612 Tardantibus
2001 1542 2235 1625 servis,
2286 1543 2428 1631 ipse
2477 1540 2560 1609 ad

57 1626 266 1698 limina
298 1632 636 1700 exteriora
687 1631 1142 1720 progreditur.
1199 1630 1298 1698 Ibi
1352 1631 1741 1711 Martinum,
1797 1645 1873 1700 ut
1924 1644 2271 1711 senserat,
2326 1629 2566 1719 depre-

55 1716 284 1787 hendit.
337 1719 709 1789 Perculsus
784 1719 990 1788 miser
1040 1730 1265 1787 tantae
1317 1718 1862 1788 manifestatione
1922 1720 2228 1789 virtutis:
2269 1742 2304 1785 «
2357 1718 2560 1801 Quid,

55 1806 269 1892 inquit,
331 1808 509 1888 hoc,
571 1807 888 1887 domine,
945 1807 1116 1875 milii
1167 1806 1443 1877 fecisti?
1496 1808 1676 1877 Nihil
1730 1822 1789 1876 te
1843 1808 2027 1895 loqui
2091 1829 2366 1880 necesse
2413 1822 2560 1877 est:

55 1895 171 1965 scio
210 1897 369 1981 quid
423 1895 817 1976 desideres3
857 1895 1050 1964 video
1083 1896 1249 1982 quid
1288 1896 1640 1983 requiras3
1687 1896 1962 1965 discede
1994 1911 2447 1983 quantocyuS,
2484 1919 2567 1964 ne

60 2004 147 2052 me
188 1986 267 2054 ob
307 1986 642 2075 injuriam
683 1985 780 2053 tui
828 1984 1141 2054 coelestis
1183 1986 1282 2053 ira
1321 1999 1718 2055 consumat:
1754 1986 1921 2056 satis
1952 1985 2269 2054 solverim
2308 1987 2567 2054 hucus-

58 2092 165 2156 que
203 2095 632 2163 poenarum;
684 2072 907 2153 crede,
968 2074 1133 2161 quia
1183 2095 1316 2142 non
1373 2074 1606 2143 leviter
1652 2074 1838 2163 apud
1885 2097 1992 2143 me
2039 2090 2269 2144 actum
2320 2085 2444 2152 est,
2493 2085 2568 2142 ut

61 2159 177 2247 ipse
210 2163 668 2251 procederem.
728 2185 762 2227 »
815 2167 966 2231 Post
1013 2162 1395 2232 discessum
1448 2175 1675 2232 autem
1728 2164 1957 2233 Sancti
1991 2164 2275 2232 advocat
2305 2162 2567 2231 officia·

64 2245 140 2317 les
166 2272 336 2321 suos:
363 2252 569 2341 jubet
599 2272 838 2320 omnes
872 2250 1223 2320 custodias
1259 2251 1571 2320 relaxari:
1608 2264 1673 2320 et
1710 2274 1862 2321 mox
1897 2252 2043 2341 ipse
2080 2252 2560 2341 proficiscitur.

62 2340 141 2404 Ita
179 2338 400 2431 fugato
451 2339 783 2418 AvitianO,
844 2339 1089 2408 laetata
1136 2353 1236 2408 est
1284 2341 1523 2410 civitas
1564 2353 1628 2408 et
1678 2340 1959 2410 liberata
1973 2392 2105 2411 .....
2163 2342 2287 2410 Sed
2341 2353 2415 2409 ut
2480 2340 2563 2410 ad

59 2427 404 2499 Avitianurn
460 2451 841 2508 recurram,
891 2430 1007 2514 qui
1068 2452 1224 2498 cum
1294 2430 1360 2499 in
1414 2431 1741 2500 omnibus
1794 2431 1981 2511 locis,
2040 2432 2445 2516 cunctisque
2496 2431 2565 2498 in

59 2515 315 2588 urbibus
362 2518 597 2588 ederet
643 2516 1068 2588 crudelitatis
1137 2540 1302 2587 suae
1374 2518 1656 2587 infanda
1730 2533 2221 2600 monumenta,
2277 2519 2569 2587 Turonis

59 2615 286 2701 tantum
340 2608 679 2675 innocens
727 2618 901 2674 erat:
956 2619 1020 2675 et
1061 2606 1174 2674 illa
1227 2608 1465 2689 bestia,
1506 2629 1681 2694 quae
1731 2607 2037 2678 liumano
2088 2608 2450 2698 sanguine,
2506 2621 2569 2676 et

59 2693 400 2790 infelicium
452 2695 793 2765 mortibus
841 2694 1173 2774 alebatur,
1214 2697 1444 2764 mitem
1499 2719 1569 2765 se
1603 2711 1804 2782 atque
1855 2697 2332 2783 tranquillum,
2373 2696 2567 2765 beato

27 2801 177 2866 'viro
221 2798 599 2873 praesente,
648 2784 1056 2872 praestabat.
1113 2785 1386 2853 Memini
1438 2785 1736 2871 quodam
1789 2786 1899 2854 die
1946 2785 2028 2854 ad
2081 2808 2237 2854 eum
2302 2785 2567 2854 venisse

59 2872 388 2942 Martinum
433 2897 446 2941 :
514 2872 634 2960 qui
712 2873 829 2941 ubi
903 2873 1344 2941 secretarium
1399 2873 1551 2960 ejus
1603 2876 1954 2973 ingressus
2002 2888 2148 2954 est,
2205 2874 2370 2943 vidit
2422 2888 2571 2964 post

61 2968 286 3048 tergum
344 2961 570 3050 ipsius
621 2960 1023 3029 daemonem
1072 2962 1284 3030 mirae
1324 2962 1825 3050 magnitudinis
1874 2963 2316 3031 assidentem.
2354 2968 2564 3045 Quem

60 3067 187 3116 euni
221 3051 497 3119 eminus
544 3049 650 3137 (ut
691 3049 916 3128 verbo,
952 3049 1116 3136 quia
1153 3050 1239 3118 ita
1279 3072 1553 3119 necesse
1601 3062 1723 3129 est,
1770 3072 2010 3139 parum
2067 3052 2300 3119 Latino
2337 3050 2570 3138 loqua-

63 3137 218 3231 fnur)
260 3139 672 3217 exufflasset,
731 3138 1082 3207 Avitianus
1132 3161 1203 3207 se
1251 3139 1560 3207 exufflari
1614 3139 2059 3207 existimans:
2116 3163 2149 3205 «
2204 3139 2379 3220 Quid
2434 3161 2563 3222 nie,

57 3227 274 3309 inquit,
312 3240 574 3307 sancte,
628 3227 727 3295 sic
775 3227 1122 3315 adspicis?
1173 3250 1207 3293 »
1258 3233 1425 3296 Tum
1480 3228 1863 3297 Martinus:
1920 3249 1955 3292 «
1998 3231 2140 3298 Non
2194 3240 2278 3305 te,
2321 3228 2565 3313 inquit,

59 3313 153 3380 sed
184 3335 335 3383 eum
393 3316 512 3402 qui
567 3315 814 3384 cervici
868 3330 1019 3384 tuae
1069 3316 1606 3386 teterincubuit.
1667 3338 1700 3381 »
1752 3321 1852 3384 Ita
1910 3316 2187 3386 recessit
2226 3316 2566 3392 diabolus,

59 3411 108 3466 et
149 3403 416 3490 reliquit
491 3403 829 3474 familiare
891 3403 1329 3475 subsellium.
1399 3406 1710 3492 Satisque
1789 3417 2075 3484 constat,
2145 3404 2398 3474 abillo
2462 3405 2571 3471 die

60 3489 416 3560 Avitianum
458 3493 793 3561 mitiorem
846 3492 1090 3563 fuisse:
1147 3514 1268 3562 seu
1316 3493 1496 3580 quod
1553 3492 1957 3562 intellexerit
2004 3494 2227 3582 egisse
2276 3515 2346 3562 se
2395 3513 2572 3560 sem-

60 3595 158 3674 per
184 3581 550 3650 assidentis
592 3581 721 3650 sibi
773 3582 1029 3651 diaboli
1083 3582 1544 3651 voluntatem:
1601 3604 1724 3652 seu
1764 3582 1946 3668 quod
1995 3581 2398 3650 immundus
2434 3581 2572 3670 spi-

57 3679 205 3735 ritus
248 3670 334 3737 ab
387 3668 576 3737 illius
609 3691 938 3739 consessu
975 3693 1094 3759 per
1143 3671 1509 3739 Martinum
1551 3670 1854 3760 fugatuS,
1905 3670 2207 3759 privatus
2241 3681 2341 3740 est
2383 3680 2570 3758 pote-

57 3764 200 3825 state
220 3757 606 3846 grassandi,
631 3781 789 3827 cum
814 3760 1244 3829 erubesceret
1280 3759 1594 3829 minister
1620 3773 1995 3840 auctorem,
2027 3781 2149 3828 nec
2174 3758 2567 3828 ministrum

59 3858 270 3913 auctor
307 3860 581 3935 urgeret
591 3896 725 3915 .....

128 3934 159 4017 ξ
201 3938 290 4004 3.
344 3936 625 4004 Veniam
671 3935 756 4004 ad
811 3935 1007 4016 illud,
1056 3937 1235 4023 quod
1280 3950 1555 4026 propter
1591 3949 1821 4006 notam
1872 3949 2002 4006 tem
2062 3958 2256 4006 orum
2302 3956 2575 4025 semper

60 4021 415 4094 occultavit:
457 4025 571 4093 sed
628 4046 751 4093 nos
800 4024 1019 4093 celare
1071 4047 1206 4094 non
1260 4028 1496 4115 potuit.
1542 4030 1618 4094 In
1670 4047 1807 4112 quo
1856 4026 1985 4095 illu
2082 4037 2183 4096 est
2224 4024 2568 4103 miraculi,

61 4109 214 4190 quod
265 4112 436 4183 facie
489 4114 572 4182 ad
624 4113 869 4182 faciem
917 4136 1076 4182 cum
1129 4136 1206 4182 eo
1253 4114 1554 4204 Angelus
1614 4128 1716 4184 est
1779 4114 2183 4184 collocutus.
2240 4114 2578 4184 Maximus

65 4194 442 4286 Imperator,
497 4202 669 4270 alias
717 4223 883 4271 sane
945 4203 1215 4282 bonuS,
1273 4202 1687 4292 depravatus
1735 4203 2046 4272 consiliis
2108 4203 2567 4282 sacerdotum,

65 4299 193 4366 post
253 4290 662 4359 Priscilliani
727 4311 1006 4367 necem,
1073 4291 1450 4360 Ithacium-
1495 4293 1908 4382 Episcopum
1978 4292 2389 4361 Priscilliani
2459 4315 2575 4362 ac-

70 4389 446 4458 cusatorem,
500 4392 934 4465 caeterosque
983 4380 1173 4449 illius
1221 4380 1465 4461 socios,
1506 4402 1680 4467 quos
1733 4381 2088 4450 nominare
2139 4402 2273 4449 non
2315 4391 2415 4448 est
2458 4403 2576 4449 ne-

74 4479 254 4544 cesse,
309 4481 382 4536 ut
430 4467 620 4555 regia
672 4467 1006 4550 tuebatur,
1063 4490 1147 4538 ne
1203 4469 1360 4556 quis
1414 4470 1477 4538 ei
1526 4468 1803 4539 crimini
1852 4468 2079 4551 daret,
2134 4491 2341 4560 opera
2388 4468 2580 4537 illius
