2993 4837
509 288 636 353 3112
1046 304 1124 350 nr.
1171 304 1226 350 s.
1280 300 1715 350 wamanonno
1762 302 1862 348 Er.
1916 300 2331 349 TRAJECTENsl
2681 282 2836 348 NOV.
2876 285 2907 349 7

420 390 758 468 animum,
810 388 931 474 qui
990 386 1348 457 violatores
1396 408 1750 457 sacrorum
1799 384 1991 455 illius
2040 384 2471 455 atrocissima
2521 399 2726 454 morte
2757 384 2912 454 dam·

425 499 586 546 nare
635 476 933 558 solebat,
983 490 1115 546 tres
1163 473 1477 546 homines
1534 476 1603 543 in
1659 496 1738 544 eo
1775 473 1959 544 fonte
2005 496 2167 544 cum
2216 474 2642 544 invocatione
2687 486 2913 544 sanctae

421 564 767 635 Trinitatis
815 564 1224 655 baptizavit:
1279 564 1394 632 sed
1445 575 1511 632 et
1556 561 1911 643 animalia,
1960 562 2028 631 in
2088 585 2165 633 ea
2207 575 2386 632 terra
2438 562 2817 652 pascentia,
2861 562 2913 630 in

418 654 675 723 cibaria
726 655 875 723 suis
925 665 1223 722 mactare
1271 653 1640 744 praecepit.
1693 651 1883 734 Quod
1927 652 2185 741 Pagani
2236 652 2623 727 intuentes,
2675 651 2916 720 arbitra·

420 743 672 812 bantur
716 764 831 812 eos
893 742 989 810 vel
1050 742 1121 809 in
1181 740 1479 811 furorem
1543 740 1732 821 verti,
1788 741 1888 809 vel
1938 741 2142 810 etiam
2195 740 2407 809 veloci
2452 753 2666 809 morte
2712 741 2916 830 perire.

418 835 601 913 Quos
648 853 805 899 oum
857 830 1030 899 nihil
1100 830 1262 898 mali
1311 830 1683 899 cernebant
1734 829 1917 918 pati,
1973 828 2202 899 surore
2250 829 2540 919 perciti,
2600 829 2766 918 Regi
2808 842 2922 896 tum

419 920 745 989 Radbodo
776 974 791 999 ,
844 918 1024 1006 quod
1078 918 1385 987 viderant
1430 918 1683 987 factum
1715 971 1735 995 ,
1794 915 2197 987 retulerunt.
2261 917 2392 1001 Qui
2459 918 2676 986 nimio
2734 916 2924 987 surore

420 1029 818 1087 succensus,
873 1008 942 1075 in
993 1006 1413 1076 sacerdotem
1468 1006 1581 1075 Dei
1632 1005 1808 1086 vivi,
1861 1028 2146 1077 suorum
2192 1006 2484 1092 inJ‘urias
2523 1006 2803 1075 deorum
2846 1006 2925 1073 ul-

236 1108 259 1138 ’
415 1097 581 1166 cisci
625 1097 1009 1187 cogitabat:
1061 1108 1125 1165 et
1159 1117 1278 1184 per
1321 1095 1470 1164 dies
1518 1115 1787 1183 semper
1835 1095 2054 1165 tribus
2102 1094 2368 1165 vicibus
2416 1116 2545 1164 suo
2580 1117 2765 1164 more
2798 1095 2921 1163 mit-

421 1186 600 1277 tebat
647 1200 883 1265 sortes,
939 1198 1004 1253 et
1043 1205 1397 1271 nunquam
1448 1183 1931 1253 damnatorum
1975 1204 2146 1264 sorS,
2193 1187 2326 1253 Deo
2366 1205 2524 1253 vero
2556 1182 2925 1252 defendente

420 1297 605 1355 suos,
644 1296 852 1363 super
901 1294 1171 1342 servum
1210 1272 1346 1353 Dei,
1402 1272 1503 1341 vel
1552 1270 1853 1358 aliquem
1903 1293 1981 1341 ex
2030 1273 2200 1353 suis,
2253 1271 2498 1342 cadere
2538 1273 2796 1361 potuit:
2833 1293 2925 1339 nec

418 1363 553 1432 nisi
604 1384 786 1432 unus
836 1373 1098 1431 tantum
1148 1383 1228 1430 ex
1275 1360 1479 1431 sociis
1527 1359 1695 1429 forte
1756 1373 2176 1430 monstratus
2207 1416 2222 1441 ‚
2276 1373 2340 1430 et
2389 1362 2722 1450 martyrio
2767 1382 2924 1430 coro·

418 1464 623 1521 natus
670 1463 792 1520 est.
846 1449 1227 1519 Vocabatur
1275 1471 1429 1519 vero
1477 1450 1579 1517 vir
1626 1461 1905 1520 sanctus
1954 1449 2038 1517 ad
2091 1455 2366 1538 Regem,
2418 1463 2483 1518 et
2535 1448 2825 1519 multum
2855 1450 2918 1517 ab

418 1562 496 1609 eo
529 1551 629 1610 est
666 1540 1077 1629 increpatus,
1129 1559 1342 1624 quare
1389 1559 1517 1607 sua
1570 1558 1761 1607 sacra
1801 1537 2141 1619 violasset,
2194 1550 2259 1607 et
2292 1538 2625 1627 injuriam
2662 1538 2786 1607 deo
2828 1559 2922 1605 suo

422 1628 713 1698 fecisset.
768 1629 889 1697 Cui
926 1648 1168 1717 praeco
1207 1626 1508 1696 veritatis
1554 1627 1895 1696 constanti
1942 1627 2175 1696 animo
2207 1626 2598 1716 respondit:
2638 1631 2828 1696 «Non
2851 1638 2922 1693 est

418 1717 612 1796 deus,
650 1738 854 1803 quem
908 1715 1099 1796 coliS,
1158 1714 1271 1783 sed
1317 1713 1659 1794 diabolus,
1715 1715 1837 1800 qui
1880 1728 1939 1784 te
1980 1716 2277 1805 pessimo
2315 1736 2545 1784 errore
2592 1715 2914 1804 deceptum

419 1805 643 1885 habet,
689 1827 728 1873 o
778 1810 935 1883 Rex,
990 1816 1066 1874 ut
1110 1805 1411 1872 animam
1469 1818 1653 1873 tuam
1695 1804 1988 1872 aeternis
2032 1803 2252 1873 tradat
2291 1804 2618 1873 flammis.
2674 1809 2806 1873 Non
2848 1816 2918 1871 est

418 1893 601 1962 enim
642 1899 836 1974 Deus,
876 1893 1007 1962 nisi
1041 1913 1247 1973 unuS,
1282 1892 1401 1979 qui
1433 1892 1683 1961 creavit
1716 1893 1985 1961 coelum
2021 1905 2086 1962 ot
2116 1905 2390 1972 terram,
2428 1905 2493 1962 et
2518 1895 2756 1961 omnia
2785 1912 2917 1978 quae

418 1983 487 2050 in
524 1983 623 2052 eis
656 1996 861 2051 sunt:
913 2002 1113 2067 quem
1146 1981 1266 2067 qui
1302 2002 1455 2049 vera
1488 1980 1622 2048 fide
1651 1979 1834 2060 colit,
1873 1981 2074 2050 vitam
2113 1980 2391 2051 habebit
2421 1982 2913 2070 sempiternam:

416 2072 617 2160 cujus
653 2092 779 2160 ego
814 2092 1053 2139 servus
1095 2069 1295 2138 hodie
1346 2069 1466 2139 tibi
1508 2068 1852 2149 testificor,
1900 2082 1976 2138 ut
2025 2070 2111 2138 ab
2150 2069 2418 2156 antiqui
2465 2071 2721 2139 erroris
2767 2069 2914 2138 vani·

419 2172 571 2235 tate,
625 2181 831 2246 quam
881 2159 1241 2227 coluerunt
1276 2170 1500 2247 patres
1537 2157 1657 2236 tui,
1699 2157 1971 2226 tandem
2009 2158 2381 2244 aliquando
2431 2158 2833 2248 resipiscas,
2873 2168 2915 2225 et

416 2249 656 2318 credas
707 2250 773 2317 in
825 2269 1047 2316 unum
1099 2252 1308 2316 Deum
1359 2246 1895 2334 omnipotentem
1953 2248 2315 2316 Dominum
2372 2261 2688 2318 nostrum
2722 2253 2916 2316 Jesum

419 2337 786 2415 Christum,
840 2348 905 2405 et
953 2335 1125 2403 vitae
1172 2333 1354 2403 fonte
1409 2335 1793 2425 baptizatus
1825 2388 1839 2416 ,
1893 2334 2137 2405 abluas
2183 2336 2420 2405 omnia
2461 2349 2739 2427 peccata
2790 2348 2912 2413 tua,

415 2439 478 2495 et
532 2426 831 2515 projecta
887 2426 1076 2494 omni
1130 2423 1487 2511 iniquitate
1541 2437 1606 2493 et
1660 2423 2045 2512 injustitia,
2102 2423 2429 2515 deinceps
2478 2444 2701 2495 novus
2750 2425 2913 2494 horno

417 2515 602 2584 vivas
649 2515 717 2583 in
762 2514 952 2583 omni
988 2512 1371 2591 sobrietate,
1419 2512 1687 2601 justitia
1735 2526 1800 2581 et
1848 2515 2227 2582 sanctitate.
2282 2518 2423 2582 Hoc
2471 2513 2756 2594 faciens,
2791 2532 2913 2583 cum

417 2607 548 2672 Deo
585 2615 650 2671 et
681 2602 935 2671 sanctis
982 2603 1128 2688 eius
1178 2600 1465 2759 gloriam
1524 2601 1903 2690 possidebis
1952 2602 2467 2691 sempiternam.
2526 2604 2595 2672 Si
2648 2625 2796 2671 vcro
2840 2620 2915 2668 me

416 2692 822 2770 contemnis,
878 2690 1054 2757 viam
1106 2713 1178 2759 sa
1214 2689 1349 2758 utis
1401 2690 1518 2758 tibi
1572 2690 2065 2771 ostendentem,
2121 2692 2288 2760 scito
2323 2691 2727 2770 certissime,
2769 2686 2911 2776 quod

415 2793 686 2848 aeterna
736 2778 1078 2867 supplicia
1128 2791 1191 2847 et
1232 2777 1600 2847 infernales
1640 2778 1959 2847 flammas
2010 2793 2080 2847 tu
2127 2801 2285 2849 cum
2338 2779 2640 2859 diabolo,
2691 2778 2914 2848 cuiob-

418 2880 778 2956 temperas,
821 2866 1214 2937 sustinebis.
1250 2889 1285 2933 »
1326 2866 1417 2934 Ad
1457 2866 1624 2935 haec
1674 2871 1810 2936 Rex
1852 2868 2143 2937 miratus
2169 2922 2184 2946 ,
2246 2867 2634 2957 respondit:
2675 2891 2710 2934 «
2752 2866 2914 2935 Video

414 2969 475 3025 te
511 2956 734 3027 minas
768 2968 1032 3025 nostras
1082 2977 1215 3024 non
1251 2955 1596 3033 metuisse,
1635 2967 1699 3023 et
1728 2955 1933 3024 verba
1969 2968 2081 3024 tua
2129 2977 2300 3037 esse,
2355 2956 2536 3025 sicut
2563 2972 2629 3026 et
2663 2974 2913 3046 opera-t

413 3046 548 3114 Etsi
592 3058 818 3114 autem
856 3044 1063 3114 nollet
1097 3044 1396 3112 veritatis
1429 3043 1881 3132 praedicatori
1912 3044 2209 3126 credere,
2251 3057 2477 3114 tamen
2510 3045 2596 3115 ad
2635 3045 2912 3136 Pipinum

414 3139 664 3203 Ducem
718 3139 1133 3202 Francorum
1169 3154 1326 3201 eum
1363 3153 1523 3201 cum
1565 3132 1823 3202 honore
1859 3133 2142 3202 remisit.

501 3231 537 3304 ἓ
586 3229 718 3295 11.
774 3223 903 3304 Qui
943 3223 1013 3290 in
1048 3220 1200 3309 ejus
1235 3220 1523 3290 laetatus
1557 3221 1878 3301 adventu,
1917 3222 2175 3310 rogavit
2204 3243 2363 3291 eum
2398 3222 2734 3292 destinato
2765 3216 2912 3288 verbi

414 3313 524 3381 Dei
551 3311 738 3401 operi
770 3311 1104 3391 insistere,
1136 3309 1635 3396 eradicatisque
1664 3309 2087 3379 idololatriae
2111 3310 2358 3400 spinis,
2389 3311 2675 3380 verbum
2706 3310 2809 3379 Dei
2835 3309 2912 3376 in-

412 3412 671 3470 stanter
713 3422 832 3490 per
863 3399 1012 3469 loca
1044 3397 1321 3488 singula
1354 3418 1601 3467 serere.
1646 3397 1836 3480 Quod
1870 3399 2072 3468 etiam
2116 3399 2275 3490 pius
2306 3398 2735 3500 praedicator
2763 3393 2908 3467 haud

411 3489 708 3580 segniter
757 3488 1042 3579 implere
1083 3487 1453 3577 satagebat,
1502 3486 1920 3558 circumiens
1960 3509 2197 3557 omnes
2229 3487 2420 3559 illius
2467 3500 2686 3557 terrae
2733 3485 2911 3575 regio·

411 3599 553 3658 nes,
589 3599 710 3667 per
739 3578 967 3657 urbes,
1005 3576 1209 3657 νῆσος,
1241 3574 1544 3654 castella,
1584 3575 1701 3644 ubi
1734 3576 1928 3664 prius
1955 3576 2558 3667 evangelizaverat,
2589 3576 2910 3646 exhortans

408 3688 669 3747 omneS,
706 3676 1046 3753 quatenus
1078 3665 1256 3735 bono
1306 3664 1523 3733 animi
1566 3664 1913 3764 proposito
1943 3664 2009 3732 in
2047 3686 2240 3734 verae
2280 3664 2440 3734 fidei
2474 3670 2909 3754 permanerent

407 3754 752 3824 firmitate.
797 3760 875 3823 Et
906 3753 1071 3822 dum
1116 3774 1235 3843 per
1286 3751 1601 3842 singulos
1635 3753 1782 3821 dies
1832 3774 2165 3823 numerus
2211 3753 2562 3824 crescebat
2593 3752 2901 3823 fidelium.

405 3858 468 3912 et
518 3844 738 3933 major
774 3842 1198 3912 credentium
1256 3841 1450 3911 turba
1504 3840 1588 3910 ad
1646 3841 1830 3912 verbi
1881 3842 1993 3910 Dei
2036 3843 2456 3931 agnitionem
2507 3841 2898 3932 confluebat,

405 3945 779 4022 coeperunt
832 3931 1141 4032 plurimi,
1182 3929 1343 3999 fidei
1382 3929 1642 3999 fervore
1691 3930 1977 4011 incitati,
2026 3931 2440 4018 patrimonia
2479 3953 2604 4001 sua
2644 3931 2772 3999 viro
2814 3931 2898 4023 Det

404 4021 665 4090 offerre.
721 4021 987 4103 Quibus
1019 4019 1133 4088 ille
1166 4020 1488 4109 acceptiS,
1537 4041 1692 4088 mox
1724 4018 2047 4088 ecclesias
2079 4020 2145 4088 in
2179 4020 2280 4090 eis
2317 4018 2677 4090 aedificare
2705 4019 2892 4105 jussit·

408 4110 788 4196 Statuitque
838 4131 958 4199 per
1004 4130 1119 4178 eas
1153 4107 1468 4197 singulos
1503 4108 1956 4198 presbyteros,
2010 4121 2074 4178 et
2123 4109 2311 4178 verbi
2362 4110 2476 4177 Dei
2526 4109 2653 4179 sibi
2697 4122 2896 4198 coope-

407 4211 683 4278 ratoreS‚
728 4211 1071 4284 quatenus
1105 4218 1321 4266 novus
1374 4196 1486 4265 Dei
1576 4197 1828 4286 opulus
1862 4197 2163 4278 haberet,
2204 4219 2342 4284 quo
2376 4219 2447 4268 se
2486 4196 2720 4267 diebus
2747 4192 2893 4284 sestis

405 4297 869 4372 congregaret,
909 4285 1008 4353 vel
1043 4285 1376 4354 salutares
1410 4220 1678 4354 audoiret
1710 4285 2236 4367 admonitioneS,
2270 4286 2371 4354 vel
2404 4308 2444 4355 a
2482 4286 2723 4383 quibus
2750 4297 2891 4350 sacri

408 4370 838 4459 baptismatis
896 4394 1184 4442 munera
1240 4374 1598 4462 acciperet,
1665 4387 1728 4443 et
1788 4374 2210 4444 Christianae
2265 4374 2615 4466 religionis
2667 4365 2888 4460 regulas
