2993 4837
65 286 159 352 DV.
212 290 288 353 t5
733 306 811 352 nn
857 307 914 352 s.
969 302 1287 353 LssoroLoo
1332 305 1731 354 coarssssoaa
2285 288 2413 352 505

66 391 553 477 extinctumque
606 404 873 471 manet,
928 405 995 459 et
1039 402 1393 464 aeternum
1462 403 1684 461 servat
1745 411 1863 481 per
1922 387 2153 458 secula
2219 409 2495 457 nomen.

63 481 106 546 ic
146 479 224 548 ab
271 479 558 550 infantia
600 501 733 548 nou
786 500 857 549 se
903 478 1172 548 deliciis
1203 491 1323 548 aut
1372 479 1835 569 voluptatibus
1878 478 2138 565 quibus
2168 489 2354 546 aetas
2385 476 2503 545 illa

63 568 381 638 irmaxime
429 568 681 638 irretiri
730 568 921 646 solet,
975 589 1195 653 neque
1242 567 1328 637 iis
1373 590 1553 655 quae
1598 590 1839 637 omnes
1886 565 2149 636 faciunt
2195 567 2392 655 pueri
2428 587 2501 635 se

64 656 524 734 commodavit,
578 669 700 726 aut
743 656 976 744 aliqua
1024 678 1104 726 ex
1156 671 1344 744 parte
1412 657 1723 745 corrupit
1783 657 1959 725 inter
2005 654 2229 742 regios
2296 653 2501 723 luxus

63 767 266 830 »esque
310 746 756 815 innumeras:
808 746 896 814 ab
941 746 1269 815 omnibus
1303 746 1490 815 enim
1543 744 1946 835 hujusmodi
1992 764 2066 813 se
2111 742 2497 821 abdicavit:

78 834 242 918 quod
281 836 425 923 jam
471 836 586 904 Dei
624 848 798 904 nutu
828 834 931 904 fas
963 848 1066 903 est
1109 834 1322 915 credi,
1378 836 1556 903 inter
1598 847 1692 903 tot
1740 854 1969 903 rerum
2018 832 2332 902 omnium
2383 831 2504 901 de-

63 923 190 1002 zias,
239 922 572 1003 sobrium,
617 924 1107 1005 continentem,
1159 923 1603 1004 abstemium,
1655 936 1720 991 at
1772 924 1839 990 in
1901 941 2108 991 carne
2161 920 2504 1007 quodam-

64 1011 176 1079 odo
221 1012 549 1081 viventem
584 1026 848 1100 praeter
885 1033 1162 1081 carnem
1194 1016 1534 1092 cerneres}
1586 1024 1651 1081 et
1680 1032 2007 1097 eousque,
2039 1022 2115 1078 ut
2151 1010 2271 1096 qui
2315 1009 2503 1079 illius

61 1102 291 1188 niporis
338 1123 446 1170 res
513 1116 738 1189 gestas
784 1116 850 1171 et
895 1101 1109 1185 hujus
1159 1099 1542 1190 incorrupti
1594 1101 1720 1169 viri
1787 1100 1992 1169 vitam
2052 1098 2504 1168 conscribunt

68 1190 126 1256 ui
148 1187 416 1274 quidem
446 1188 729 1279 plurimi
763 1205 924 1259 sunt
949 1190 1344 1279 dignissimi
1384 1188 1786 1279 scriptores)
1809 1209 2029 1258 unum
2082 1187 2269 1256 hunc
2302 1186 2503 1274 pleno

61 1279 449 1346 immendant
497 1300 637 1358 ore,
690 1278 1146 1358 admirantur,
1198 1278 1555 1359 extollunt,
1593 1279 1959 1363 solumque
1996 1275 2497 1345 adolescentem

62 1380 206 1435 cunt
245 1389 486 1437 earum
538 1389 765 1436 rerum
813 1379 1152 1457 expertem
1184 1389 1359 1454 quas
1400 1366 1527 1436 fert
1572 1363 2054 1436 adolescentia.

73 1457 224 1538 §3-
271 1456 450 1525 Huic
509 1477 643 1524 non
693 1457 876 1541 equi,
944 1478 1080 1525 non
1146 1478 1353 1525 canes
1403 1456 1856 1546 praecipuum
1904 1453 2094 1524 suere
2138 1452 2494 1523 studium:

62 1543 98 1608 d
130 1542 341 1640 divina
368 1544 672 1630 eloquia,
712 1565 1041 1631 veraeque
1070 1544 1229 1613 fidei
1268 1544 1501 1615 cultus
1536 1544 1862 1614 assiduus
1901 1543 2336 1644 cognitioque
2360 1553 2500 1609 stu·

62 1633 350 1701 ostssima
400 1633 747 1722 placuere.
807 1633 1095 1723 Saepius
1147 1632 1330 1702 enim
1383 1655 1616 1703 sacros
1661 1633 1932 1702 codices
1982 1645 2315 1700 intentum
2355 1642 2503 1698 erat

60 1717 228 1788 dere:
266 1743 455 1790 neca
494 1721 882 1790 divinarum
922 1744 1147 1791 rerum
1192 1722 1769 1810 contemplatione
1802 1744 1925 1791 seu
1962 1719 2354 1809 operatione
2389 1739 2499 1785 va-

59 1827 177 1877 tum
216 1810 523 1879 invenire
557 1810 753 1880 facile
786 1810 1050 1879 fuisset.
1104 1811 1418 1880 Genitore
1464 1811 1600 1880 vita
1650 1809 1906 1890 functo,
1970 1811 2160 1898 regni
2213 1806 2503 1878 habenis

59 1897 410 1994 nereditario
441 1899 604 1988 jure
635 1900 994 1985 susceptiS‚
1027 1898 1320 1989 populos
1361 1914 1605 1969 natura
1634 1899 1890 1969 feroces
1921 1920 1999 1968 ea
2039 1895 2503 1965 moderatione

59 1987 183 2054 timi
226 1988 660 2076 gubernavit.
722 2001 797 2057 ut
853 1988 952 2057 eis
1002 2010 1136 2056 non
1239 2009 1503 2059 raeesse
1550 1987 1666 2058 sed
1720 1987 2041 2077 prodesse
2086 1998 2381 2060 curaret,
2434 1996 2500 2053 et

59 2089 408 2145 zrectorem
461 2089 529 2144 et
574 2075 962 2166 exemplum
1033 2075 1118 2144 ad
1229 2099 1353 2146 ene
1411 2078 1740 2164 beateque
1790 2074 2151 2144 vivendum
2205 2072 2502 2148 subditis

59 2165 337 2234 meberet.
391 2164 663 2253 Quippe
701 2167 819 2251 qui
863 2186 994 2234 non
1045 2186 1283 2234 eorum
1336 2167 1586 2254 opibus
1628 2167 1738 2255 (ut
1802 2160 2155 2233 nonnullis
2205 2182 2500 2261 regnan-

59 2269 143 2318 um
199 2275 344 2323 mos
391 2253 587 2341 erat)
644 2254 975 2324 inhiaret:
1031 2254 1148 2322 sed
1199 2254 1536 2343 populum
1588 2253 1717 2323 sibi
1768 2275 1807 2322 a
1862 2258 1987 2321 Deo
2044 2271 2499 2319 commissum

57 2350 166 2416 tete,
212 2343 465 2429 quiete,
512 2355 767 2425 sancte,
812 2365 892 2412 ac
920 2364 1134 2430 aequa
1171 2343 1362 2413 lance
1408 2363 1808 2413 conservare
1846 2339 2180 2411 studeret:
2225 2337 2499 2407 horum·

57 2448 109 2496 ie
136 2433 394 2501 animas
423 2454 568 2503 una
598 2455 758 2501 cum
802 2455 923 2503 sua
960 2433 1300 2513 innoxias,
1344 2432 1642 2503 mundas
1674 2446 1739 2501 et
1766 2437 1894 2501 Deo
1927 2442 2157 2519 gratas
2189 2425 2493 2507 reddere,

57 2536 183 2586 snos
229 2521 598 2612 propositis
626 2523 951 2610 praemiis
983 2521 1300 2592 meliores
1333 2520 1622 2611 efficere,
1660 2520 2090 2605 summisque
2122 2515 2502 2586 honoribus

57 2600 227 2678 licere
253 2609 607 2700 gauderet.
647 2615 720 2678 ln
744 2612 903 2698 jure
928 2632 1096 2700 erga
1127 2623 1354 2680 sontes
1401 2608 1949 2678 administrando
1984 2608 2074 2676 ita
2116 2627 2187 2677 se
2228 2603 2492 2684 habuit,

57 2706 65 2758 1
119 2717 465 2783 nunquam
537 2698 1047 2769 misericordiae
1100 2699 1303 2768 fuerit
1360 2699 1765 2777 immemor,
1808 2699 2004 2787 Juxta
2058 2695 2269 2766 illud:
2336 2697 2502 2763 Nolo

57 2794 232 2853 ortem
262 2791 656 2875 peccatoris,
690 2790 805 2858 sed
818 2800 894 2857 ut
913 2790 1574 2877 maqisconvertatur
1589 2798 1652 2856 et
1671 2787 2129 2877 vivatOEzech.
2166 2783 2495 2872 xv111,33).

57 2889 83 2965 a
124 2885 211 2954 ut,
249 2898 408 2945 cum
462 2876 715 2946 scelera
750 2882 1109 2955 coerceret,
1166 2899 1204 2945 a
1254 2877 1608 2945 tormentis
1655 2889 1774 2945 aut
1819 2876 2025 2943 caede
2074 2895 2346 2963 semper
2382 2877 2501 2942 ab·

61 2974 282 3055 fueret:
322 2979 400 3034 ut
434 2985 636 3035 verus
671 2966 969 3034 imitator
993 2964 1358 3034 Salvatoris
1408 2966 1795 3034 haberetur.
1839 2969 2013 3033 Uxor
2057 2964 2115 3031 ei
2155 2963 2304 3051 pari
2340 2983 2501 3031 san-

58 3059 192 3118 itate
232 3074 311 3121 ac
362 3054 715 3125 moribus.
777 3059 1045 3140 Deoque
1084 3058 1251 3122 Max.
1315 3052 1403 3121 ita
1444 3052 1767 3142 jubente,
1833 3072 2015 3120 anno
2065 3074 2214 3120 ucvl
2271 3050 2501 3121 oblata

57 3156 185 3289 {nes
229 3142 670 3230 Imperatoris
714 3142 748 3176 '⁵
810 3142 974 3222 filia,
1032 3141 1359 3230 pudicitia
1395 3142 1713 3231 insignis,
1751 3152 1816 3209 et
1850 3161 2028 3226 quae
2075 3141 2219 3208 viro
2257 3151 2503 3228 sponte

110 3225 272 3299 bona
318 3250 359 3297 o
455 3252 528 3298 ra
565 3231 953 3319 properanti
999 3228 1290 3299 calcaria
1324 3230 1669 3300 subderet.
1714 3234 1791 3297 Et
1821 3227 2002 3314 quod
2097 3228 2499 3316 raecipuum

62 3333 221 3384 unus
249 3339 368 3388 mu
401 3319 619 3387 ierum
651 3320 815 3388 dicit
844 3318 1395 3388 ‹iurisconsultus›
1425 3317 1986 3396 foecundissima‚
2070 3317 2293 3386 iberos
2323 3315 2500 3384 duo-

57 3402 288 3493 eviginti
336 3407 535 3476 enixa
585 3421 707 3488 est,
748 3408 834 3477 ita
871 3406 1050 3493 quod
1094 3430 1174 3477 ex
1225 3408 1370 3497 ipsa
1409 3405 1866 3476 foecunditate
1913 3404 2201 3495 intelligi
2251 3414 2494 3495 potest,

57 3508 202 3560 erum
237 3495 349 3563 Dei
396 3494 688 3577 cultum,
724 3518 863 3582 quo
913 3496 1015 3565 vir
1059 3510 1125 3565 et
1168 3517 1341 3567 uxor
1395 3495 1849 3571 ducebantur,
1895 3495 2066 3583 ipsis
2116 3491 2501 3561 viventibus

57 3596 153 3678 tec·
194 3581 638 3653 beatitudinis
688 3586 973 3675 pignora
1034 3607 1166 3654 non
1240 3584 1640 3675 denegasse:
1692 3599 1769 3654 ut
1823 3583 1993 3653 illud
2057 3604 2209 3651 vere
2269 3580 2500 3651 testari

58 3682 223 3766 §8112
263 3676 446 3742 Umor
488 3695 641 3742 mea
668 3676 839 3743 sicut
896 3676 1054 3743 vitis
1099 3675 1447 3744 abundans
1494 3676 1566 3743 in
1617 3674 1937 3745 lateribus
1993 3673 2223 3741 domus
2265 3691 2496 3740 meae:

57 3755 111 3821 lu
139 3761 264 3826 mei
303 3763 475 3829 sicut
521 3766 826 3832 novellae
855 3765 1192 3831 olivarum
1241 3764 1313 3831 in
1343 3764 1633 3832 circuitu
1668 3784 1936 3832 mensae
1962 3783 2173 3830 meac.
2206 3765 2368 3829 Ecce
2405 3759 2501 3827 sic

57 3846 383 3916 medicetur
415 3850 605 3918 homo
643 3853 763 3942 qvi
805 3853 992 3920 timet
1044 3853 1395 3920 Dominum
1433 3852 1589 3940 (Ps.
1655 3857 1845 3929 ⁴27).
1899 3854 2127 3919 Inerat
2162 3849 2345 3917 enim
2398 3846 2500 3915 illi

58 3935 405 4025 ecunditati
435 3939 679 4028 juncta
710 3939 1130 4008 continentia
1173 3939 1561 4026 quaedam:
1612 3953 1678 4009 et
1724 3941 1815 4007 ita
1860 3937 2071 4025 quod,
2123 3950 2199 4008 ut
2244 3936 2503 4004 diceret

61 4038 443 4110 teronyrnus,
499 4048 633 4096 non
695 4028 1060 4115 voluptatis
1108 4029 1392 4118 impetu,
1448 4050 1573 4096 nec
1624 4048 1948 4116 praeceps
1993 4027 2078 4096 ad
2133 4026 2353 4116 ipsius
2405 4022 2502 4092 fe-

57 4106 249 4202 }batur
279 4114 620 4184 affectum.
674 4121 820 4199 Quo
854 4117 950 4195 fit,
989 4129 1066 4186 ut
1111 4139 1268 4185 cum
1321 4115 1435 4183 hic
1468 4114 1849 4203 Leopoldus
1897 4137 2100 4186 suum
2145 4136 2282 4193 vas,
2304 4112 2502 4201 juxta

58 4208 233 4267 ictum
282 4204 599 4290 Apostoli,
643 4227 802 4273 cum
843 4204 1030 4275 omni
1081 4204 1439 4273 sanctitate
1486 4203 1884 4282 custodiret,
1950 4225 2087 4273 non
2129 4201 2500 4290 voluptatis

57 4282 106 4347 :d
152 4292 593 4373 procreandae
623 4291 879 4362 sobolis
919 4293 1136 4382 gratia
1185 4304 1250 4360 et
1284 4312 1416 4360 non
1441 4292 1639 4361 aliter
1668 4290 2242 4380 congrediebatur
2274 4290 2494 4357 uxori.

61 4408 78 4430 ⁰
102 4408 269 4455 scillcet
288 4416 472 4459 Bennoi
495 4419 573 4459 IV.
595 4420 746 4470 Agnes
768 4419 927 4459 autem
946 4419 1087 4459 vidua
1103 4420 1203 4457 erat
1223 4418 1449 4460 friderici
1472 4420 1509 4465 1,
1527 4414 1724 4459 svevioe
1743 4417 1900 4457 Ducis.

296 4566 303 4571 ’
394 4568 471 4661 0
