2993 4837
92 294 219 357 NOV.
271 296 294 357 l
835 314 909 359 ns
957 314 1010 359 s,
1070 313 1292 359 vicoass
1338 315 1436 359 ΕΡ.
1491 310 1826 360 BAJOCENSI
2435 298 2518 363 37

91 420 179 466 suo
206 418 381 466 more
414 398 725 467 verbum
780 399 888 465 Dei
932 397 1068 466 illis
1112 399 1556 486 praedicaret,
1596 421 1837 467 omnes
1871 400 2110 467 rustici
2145 400 2242 468 illi
2286 402 2603 489 indigna-

94 486 258 553 nundi
301 507 463 555 cum
510 486 740 555 multa
776 487 1028 573 injuria
1064 508 1220 555 eum
1264 487 1639 573 ejecerunt,
1681 488 2031 555 diceutes:
2089 512 2123 554 «
2159 494 2288 557 Nos
2325 504 2594 575 patrum

98 590 430 644 nostrorum
491 597 761 644 morem
828 574 1272 644 retinebimus
1307 631 1321 651 ,
1375 592 1439 644 et
1476 597 1696 661 neque
1745 599 1780 644 a
1817 576 2107 645 ‘cultura
2140 578 2425 645 deorum
2483 600 2602 647 no-

97 678 335 732 <trorum
370 686 699 750 unquam
750 664 1167 742 recedemus,
1216 686 1433 750 neque
1469 666 1608 733 tuis
1638 666 1842 733 dictis
1875 665 2528 754 obtemperabimus
2565 691 2599 733 »

58 754 500 834 'Quamobrem
570 767 962 821 commotus
1034 754 1142 820 Vir
1203 753 1363 831 Dei,
1423 754 1702 822 recessit
1752 753 1933 821 inde.
2002 760 2236 823 Postea
2303 776 2456 824 vero
2514 757 2598 823 ad

104 847 300 930 Regem
363 841 880 910 childebertum
950 863 1020 908 se
1075 840 1432 910 conserens
1467 896 1481 919 ,
1541 844 1842 911 narravit
1902 843 1962 910 ei
2012 844 2598 929 quemadmodum

102 931 247 1016 regio
288 930 684 1016 Bajocensis
732 929 814 997 ad
870 929 1071 998 fidem
1129 930 1439 1000 traducta
1487 931 1597 1007 sit,
1653 931 1953 1020 demptis
2001 933 2152 1018 ejus
2198 933 2453 1001 montis
2505 933 2602 1001 in-

97 1018 273 1093 colis,
320 1019 434 1105 qui
485 1020 871 1087 etiamnum
944 1018 1223 1106 profana
1291 1018 1776 1107 superstitione
1825 1020 2184 1089 diabolicis
2250 1023 2603 1091 erroribus

99 1107 383 1194 implicati
434 1121 858 1176 tenerentur.
914 1111 1048 1175 Rex
1084 1123 1310 1176 autem
1362 1108 1719 1177 admirans
1754 1112 2179 1178 sanctitatem
2234 1125 2297 1177 et
2346 1108 2598 1178 famam

100 1196 239 1263 beati
284 1197 439 1276 Viri,
493 1198 589 1264 ait
638 1196 722 1264 ad
762 1218 969 1264 eum:
1027 1220 1061 1261 «
1096 1198 1286 1266 Novit
1336 1199 1663 1266 sanctitas
1716 1213 1825 1265 tua
1882 1211 2178 1267 montem
2218 1197 2414 1266 illum
2452 1220 2602 1268 esse

104 1285 285 1372 regiae
329 1284 631 1362 ditionis,
672 1299 737 1353 et
790 1286 1033 1373 priscis
1083 1285 1509 1373 temporibus
1559 1287 1801 1355 fiscum
1841 1287 2132 1376 regalem
2179 1285 2416 1356 fuisse.
2465 1292 2600 1377 Ego

102 1394 226 1440 vero
266 1372 451 1441 illum
487 1396 650 1442 cum
694 1373 1023 1442 omnibus
1073 1373 1389 1461 quae-ad
1441 1396 1598 1444 cum
1653 1389 1983 1464 spectant,
2028 1375 2147 1445 tibi
2201 1375 2392 1444 trado
2445 1399 2597 1464 per-

96 1474 267 1545 petuo
312 1462 831 1551 possidendum,
887 1476 959 1530 ut
1006 1485 1279 1531 ornnem
1336 1462 1475 1530 illic
1527 1463 1982 1532 idololatriam
2040 1465 2377 1539 destruas,
2417 1479 2481 1532 et
2531 1466 2597 1532 in

96 1550 312 1619 christi
369 1552 643 1619 nomine
714 1549 1074 1619 ecclesiam
1140 1551 1483 1620 aedifices.
1534 1575 1568 1618 »
1633 1557 1867 1638 Itaque
1931 1554 2311 1641 Episcopus
2375 1553 2599 1621 locum

94 1639 262 1706 illum
324 1639 761 1729 repurgavit,
835 1639 1374 1726 Bajocensesque
1431 1662 1673 1709 omnes
1737 1656 2086 1711 strenuam
2142 1641 2236 1709 illi
2312 1644 2603 1710 incon-

93 1727 381 1795 struenda
425 1718 719 1797 ecclesia
768 1750 1045 1817 operam
1101 1743 1483 1797 naverunt:
1540 1729 1809 1815 locique
1871 1730 2283 1799 habitatores
2319 1786 2333 1807 ,
2393 1731 2485 1815 pii
2538 1744 2602 1798 et

94 1815 359 1904 religiosi
405 1817 619 1886 effecti
674 1830 883 1895 sunt,
940 1831 1003 1885 et
1053 1838 1250 1886 mons
1300 1818 1661 1886 chrismati
1715 1838 1961 1886 nomen
2006 1820 2312 1907 accepit:
2368 1820 2601 1887 decre—

97 1918 346 1989 tumque
389 1920 509 1984 est,
564 1921 641 1973 ut
690 1905 780 1973 ab
832 1904 946 1973 illo
994 1905 1105 1974 die
1154 1907 1537 1995 Episcopus
1600 1906 1986 1994 Baj0censis
2050 1909 2117 1974 in
2175 1907 2603 1976 solemnitate

106 1993 376 2060 Paschali
424 2009 557 2063 tres
609 1994 703 2061 ibi
750 1994 1044 2063 infantes
1079 1994 1393 2082 baptizet,
1447 2008 1653 2080 atque
1703 1996 1795 2062 ita
1842 2015 1999 2063 cum
2055 1997 2387 2080 reliquiis,
2440 2019 2600 2065 cum

110 2083 472 2169 umbyteris
520 2097 589 2151 et
635 2083 970 2157 diaconis,
1025 2084 1241 2152 sacris
1284 2084 1588 2151 vestibus
1621 2083 1904 2162 indutis,
1961 2105 2118 2150 cum
2171 2084 2380 2152 choro
2422 2084 2602 2172 psal-

118 2166 352 2238 lentium
419 2172 707 2240 domum
780 2186 1171 2241 revertatur.
1250 2170 1712 2241 Adveniebant
1775 2172 1979 2241 etiam
2040 2172 2122 2239 ad
2194 2173 2425 2241 Virum
2494 2175 2602 2241 Dei

118 2254 283 2325 multi
318 2260 509 2327 vicini
578 2260 943 2348 Episcopi,
996 2274 1060 2329 et
1112 2260 1387 2348 praedia
1446 2273 1652 2346 atque
1716 2260 2180 2349 possessiones
2237 2261 2298 2328 ei
2363 2261 2601 2349 largie-

116 2342 341 2414 bantur.
386 2348 789 2437 Complures
837 2348 1038 2416 etiam
1092 2349 1330 2417 Clerici
1380 2372 1459 2416 eo
1509 2350 1577 2416 in
1631 2349 1779 2418 loco
1844 2349 2115 2417 divinae
2172 2372 2245 2418 se
2294 2351 2600 2418 servituti

106 2431 458 2505 subdebant.

107 2608 117 2616 ·
176 2524 213 2608 ξ
251 2531 335 2594 0.
380 2532 584 2595 Porro
616 2525 1033 2614 Bertulphus
1068 2531 1303 2595 Comes
1355 2528 1655 2614 regionis
1699 2527 1906 2604 illius,
1963 2528 2287 2595 avaritiae
2339 2527 2602 2597 facibus

104 2630 405 2692 incensus
460 2637 709 2703 agrum
761 2615 1132 2700 quemdam
1190 2616 1363 2683 beati
1420 2616 1550 2684 Viri
1590 2615 1908 2684 invadere
1956 2632 2267 2694 conatus,
2303 2638 2461 2685 cum
2499 2638 2598 2684 ar-

102 2700 275 2768 matis
328 2703 717 2772 bominibus
777 2724 934 2771 eum
999 2705 1381 2793 occupavit.
1438 2710 1512 2772 At
1574 2704 1686 2771 Vir
1748 2707 1856 2773 Dei
1925 2704 2136 2773 multa
2178 2706 2321 2790 jam
2388 2719 2602 2773 aetate

103 2785 311 2868 fessus
358 2806 417 2859 et
452 2813 627 2879 pene
680 2791 941 2860 lumine
972 2791 1361 2872 destitutus.
1424 2815 1543 2881 per
1593 2794 1925 2860 nuncium
1983 2795 2242 2882 rogavit
2288 2816 2472 2870 eum,
2527 2809 2602 2863 ut

106 2874 279 2945 exiret
315 2880 394 2948 ab
440 2879 883 2958 haereditate,
939 2903 977 2948 a
1024 2882 1308 2949 Domino
1349 2882 1514 2950 lesu
1567 2882 1830 2950 Christo
1890 2883 2016 2968 ipsi
2069 2903 2188 2969 per
2242 2883 2597 2950 hominum

106 2959 531 3055 religiosorum
573 2990 824 3037 manus
874 2969 1237 3040 attributa;
1291 2969 1716 3056 addiditque,
1772 2971 1904 3037 nisi
1958 2970 2019 3037 id
2074 2969 2343 3049 faceret,
2383 2992 2455 3038 se
2491 2992 2596 3040 ro-

95 3063 373 3137 gaturum
418 3057 826 3136 Dominum,
891 3072 964 3127 ut
1011 3079 1207 3126 suam
1262 3057 1743 3128 haereditatem
1791 3073 2084 3128 tueatur.
2152 3059 2276 3128 Sed
2342 3060 2438 3126 vir
2490 3059 2601 3127 ille

90 3146 375 3230 superbia
420 3145 758 3225 tumiduS‚
802 3147 1131 3214 nuncium
1172 3148 1386 3216 saneti
1440 3148 1755 3236 Episcopi
1787 3170 1945 3216 cuin
2001 3147 2256 3235 injuria
2305 3148 2594 3235 abiecit,

86 3230 270 3300 etiam
310 3235 530 3302 minas
590 3235 937 3304 intentans
968 3290 982 3313 ‚
1045 3235 1109 3301 ui
1152 3235 1346 3304 ocius
1394 3235 1830 3315 abscederet;
1885 3237 2313 3325 perrexitque
2353 3258 2597 3325 agrum

87 3340 308 3409 inagna
352 3324 788 3392 contentione
835 3323 1079 3392 colere.
1122 3325 1246 3393 Ubi
1285 3323 1347 3391 id
1404 3325 1878 3392 renunciatum
1916 3340 2016 3392 est
2054 3325 2205 3391 Viro
2251 3326 2385 3401 Dei,
2431 3344 2596 3391 coii-

82 3428 300 3477 scenso
333 3411 645 3481 vehiculo
681 3434 831 3489 suc,
880 3412 1059 3480 venit
1092 3413 1173 3479 ad
1222 3426 1518 3480 montem
1552 3437 1565 3489 ;
1597 3415 2090 3502 ingressusque
2126 3414 2191 3479 in
2234 3412 2590 3499 templum,

81 3500 277 3566 oravit
317 3502 706 3578 Dominum,
750 3514 823 3569 ut
860 3500 1251 3569 defenderet
1298 3500 1782 3569 haereditatem
1822 3524 2042 3569 suam.
2091 3501 2390 3570 Necdum
2448 3520 2601 3569 vero

84 3607 291 3668 preces
340 3589 630 3668 finierat,
686 3611 845 3658 cum
896 3610 1051 3656 ecce
1089 3601 1360 3678 repente
1398 3590 1486 3656 ab
1519 3611 1695 3677 equo
1730 3590 2009 3669 corruit,
2058 3603 2122 3658 et
2169 3588 2401 3657 fractis
2450 3611 2597 3657 cer-

84 3674 323 3746 vicibus
350 3678 708 3766 expiravit,
741 3692 1051 3746 aeternas
1079 3679 1263 3767 apud
1294 3678 1548 3748 inferos
1580 3678 1870 3747 daturus
1903 3700 2178 3767 poenas.
2210 3678 2339 3759 Qui
2372 3691 2595 3746 autem

84 3784 219 3830 cum
262 3787 340 3834 eo
389 3778 738 3845 venerant,
777 3788 855 3833 ea
892 3787 961 3835 re
994 3781 1380 3856 conspecta,
1438 3767 1795 3835 celerrime
1827 3767 2109 3836 domum
2148 3765 2419 3844 abiere;
2476 3789 2593 3835 nec

82 3852 419 3940 quisquam
448 3854 781 3944 deinceps
811 3876 1025 3923 ausus
1063 3868 1166 3924 est
1200 3856 1335 3923 Viri
1368 3856 1476 3923 Dei
1519 3856 2016 3945 possessionem
2048 3856 2181 3924 sibi
2224 3854 2593 3924 vindicare.

88 3940 264 4011 Multa
309 3943 441 4012 alia
494 3965 615 4033 per
659 3966 816 4013 eum
864 3943 1194 4013 Dominus
1233 3957 1555 4034 operatus
1604 3957 1726 4023 est,
1764 3966 1940 4030 quae
1984 3967 2064 4012 ne
2105 3942 2459 4013 fastidioso
2507 3944 2598 4014 le-

80 4031 223 4098 ctori
273 4032 653 4101 molestiam
716 4032 1138 4112 afferamus,
1209 4034 1617 4103 omittimus.
1675 4037 1722 4100 E
1773 4032 2094 4120 plurimis
2142 4046 2368 4101 autem
2433 4033 2597 4101 baec

85 4138 271 4202 pauca
317 4122 831 4201 annotavimuS,
888 4133 960 4189 ut
1003 4120 1306 4209 prudens
1352 4126 1586 4191 Lector
1633 4143 1712 4189 ex
1763 4121 1846 4189 iis
1896 4122 2096 4209 plura
2150 4123 2361 4208 possit
2408 4120 2566 4190 colli

84 4229 234 4294 gere.
274 4210 449 4280 Obiit
492 4211 608 4279 Vir
662 4210 927 4289 beatus,
990 4231 1195 4278 senex
1240 4222 1305 4277 et
1355 4210 1603 4309 plenus
1649 4210 1918 4277 dierum
1971 4210 2284 4278 Calendis
2319 4214 2599 4279 Novem-

84 4289 217 4376 bris,
256 4299 598 4388 perfectus
629 4299 875 4368 timore
911 4311 977 4366 et
1016 4297 1152 4366 fide
1190 4300 1451 4366 Domini
1491 4298 1704 4366 nostri
1737 4302 1903 4367 Jesu
1944 4298 2190 4368 Christi
2228 4324 2241 4378 3
2300 4297 2601 4385 permul-

86 4399 277 4477 tosque
334 4387 741 4479 discipulos
802 4386 868 4453 in
935 4386 1069 4455 fide
1129 4399 1405 4455 sanctae
1468 4387 1817 4455 Trinitatis
1865 4388 2242 4466 educatos,
2317 4402 2465 4473 post
2530 4405 2600 4450 se
