2993 4837
516 262 643 325 662
1287 279 1363 324 nn
1413 277 1465 323 s.
1513 279 1820 326 eoanffio
1868 278 2108 325 Annua
2623 262 2762 326 xot'.
2797 265 2854 326 et

428 361 915 432 monasterium
986 361 1426 453 confugeret,
1482 375 1556 432 ut
1616 384 1773 432 eum
1833 363 2116 433 domino
2182 387 2310 434 suo
2373 365 2580 433 Abbas
2637 364 2866 434 redderet

425 464 846 529 excusatum,
901 451 982 518 ad
1035 464 1410 520 extremum
1464 451 1839 541 fugientem
1891 452 2264 539 aliquando
2313 453 2625 521 dominus
2650 474 2776 521 eum
2809 452 2872 520 de

428 541 708 628 vestigio
755 541 1086 626 sequitur.
1139 552 1202 608 et
1251 539 1572 610 Abbatem
1625 540 2036 609 calumniari
2075 543 2322 631 coepit,
2382 543 2704 630 imputans
2737 531 2874 626 quod

429 631 572 718 ipse
603 651 757 697 eum
812 628 1183 707 seduceret,
1243 648 1325 697 ne
1374 629 1503 697 sibi
1542 651 1711 697 suus
1759 628 2065 698 famulus
2097 629 2487 700 deserviret.
2538 635 2800 716 Cumque
2819 629 2880 697 de

424 717 943 795 consuetudine,
997 730 1074 785 ut
1119 737 1276 785 eum
1318 717 1650 796 redderet,
1697 718 2194 788 calumniando
2227 720 2544 788 Abbatem
2585 719 2878 786 insisteret.

425 806 592 874 dicit
642 808 860 875 Abbas
910 807 1270 874 Portiano:
1327 829 1361 871 «
1391 805 1564 888 Quid
1611 807 1734 887 vis,
1774 820 1849 875 ut
1884 806 2186 875 faciam?
2217 831 2254 872 »
2305 813 2383 876 Et
2416 807 2568 876 ille:
2618 833 2651 872 a
2692 806 2881 875 Redde.

427 894 672 980 inquit,
733 914 838 962 me
888 906 1314 964 excusatum.
1354 917 1388 959 »
1438 899 1744 981 Cumque
1792 908 2158 965 excusatus
2210 896 2516 966 redditus
2564 895 2808 968 fuisset,
2845 909 2888 961 et

424 983 749 1051 «lominus
796 983 948 1070 ejus
995 982 1319 1051 reducere
1366 1005 1522 1051 eum
1576 984 1856 1052 domum
1903 983 2139 1053 vellet.
2199 987 2290 1053 ita
2346 998 2652 1053 caecatus
2699 996 2801 1061 est,
2839 997 2890 1050 ut

426 1071 595 1138 nihil
653 1072 923 1159 penitus
975 1084 1197 1161 posset
1245 1093 1678 1161 cognoscere.
1734 1076 2029 1141 Cernens
2077 1086 2304 1142 autem
2356 1095 2428 1143 se
2467 1073 2767 1162 gravibus
2803 1072 2890 1139 do·

425 1160 686 1230 loribus
736 1159 938 1239 affici,
992 1160 1311 1228 Abbatem
1367 1173 1579 1238 vocat,
1636 1161 1913 1229 dicens:
1967 1185 2002 1226 «
2047 1162 2370 1251 Supplica
2407 1218 2421 1243 ,
2478 1183 2752 1248 quaeso,
2805 1182 2890 1249 pro

426 1270 534 1316 ine
581 1249 985 1328 Dominum,
1039 1261 1104 1316 et
1160 1250 1298 1317 acci
1357 1271 1391 1316 e
1443 1249 1627 1317 hunc
1674 1271 1943 1318 servum
1996 1250 2077 1318 ad
2117 1255 2266 1334 eius
2313 1251 2621 1329 cultum;
2670 1248 2888 1317 forsitan

475 1339 864 1405 romei-ebor
935 1339 1236 1426 recipere
1337 1358 1540 1405 umen
1615 1337 1975 1407 amissum.
2035 1363 2069 1404 ι»
2135 1345 2324 1408 Tunc
2389 1340 2655 1418 Abbas,
2719 1350 2891 1405 vocato

423 1361 663 1503 iieato.
721 1426 857 1492 ait:
914 1431 1289 1512 «Impone,
1343 1447 1623 1511 quaeso,
1682 1448 1928 1495 manus
1981 1438 2133 1496 tuas
2182 1449 2395 1516 super
2440 1427 2670 1497 oculos
2702 1427 2843 1512 ejus.
2873 1455 2888 1478 ⁶

425 1518 729 1600 Cumque
779 1512 892 1582 ille
935 1513 1256 1583 refutaret
1293 1568 1306 1594 ,
1369 1514 1643 1582 tandem
1700 1515 1974 1584 Abbatis
2022 1515 2331 1587 devictus
2376 1517 2708 1606 precibus,
2743 1534 2892 1602 super

424 1601 659 1672 oculos
708 1601 967 1670 domini
1021 1603 1126 1670 sui
1190 1603 1465 1690 signum
1530 1603 1762 1671 beatae
1812 1605 2045 1672 Crucis
2110 1606 2481 1695 imposuit;
2544 1605 2886 1689 statimque.

423 1690 735 1779 disrupta
785 1690 1102 1780 caligine,
1156 1704 1215 1758 et
1255 1690 1484 1760 sedato
1520 1690 1775 1768 dolore,
1820 1693 2144 1780 pristinae
2180 1694 2491 1762 redditus
2527 1707 2625 1763 est
2656 1691 2886 1762 sanitati.

510 1782 546 1864 ἓ
579 1784 669 1850 8.
725 1785 798 1847 At
834 1801 990 1848 vero
1022 1780 1172 1848 exin
1210 1779 1449 1848 beatus
1484 1781 1848 1850 Portianus
1871 1781 2166 1851 clericus
2193 1781 2438 1862 factus,
2481 1796 2659 1852 tanto
2690 1781 2889 1848 virtutis

422 1867 704 1936 cumulo
737 1880 836 1936 est
890 1866 1253 1956 praelatus,
1309 1882 1383 1936 ut
1422 1868 1788 1937 decedente
1825 1869 2118 1950 Abbate,
2181 1872 2326 1959 ipse
2368 1870 2764 1941 succederet.
2805 1869 2887 1949 Qui
2945 1935 2946 1950 ¹

424 1957 657 2035 fertur,
716 1957 967 2025 aestivo
1001 1970 1325 2054 tempore.
1373 1980 1530 2025 cum
1569 1957 1776 2026 ardor
1810 1958 1972 2026 solis
2009 1959 2066 2026 vi
2103 1959 2353 2028 caloris
2386 1961 2494 2028 sui
2528 1973 2757 2028 cuncta
2781 1978 2888 2026 con·

422 2058 745 2124 sumeret,
811 2059 875 2113 et
926 2046 1127 2114 etiam
1187 2066 1498 2134 corpora,
1542 2046 2150 2133 quae·robustiora
2200 2063 2358 2137 potu
2412 2049 2694 2134 ciboque
2733 2059 2885 2115 erant.

422 2147 610 2203 aestu
657 2134 1077 2223 defatigaret,
1136 2135 1202 2200 in
1256 2135 1545 2224 jejuniis
1607 2150 1752 2222 post
1806 2136 2143 2223 perditum
2197 2158 2470 2204 omnem
2533 2138 2618 2206 ab
2662 2156 2761 2205 ore
2807 2134 2885 2200 hu·

422 2244 729 2300 morem,
787 2222 995 2291 salem
1049 2236 1368 2291 aestuans
1420 2225 1830 2292 ruminasse.
1887 2229 1974 2292 Ex
2016 2246 2151 2310 quo
2203 2227 2447 2293 iterum
2501 2235 2816 2313 assumpto
2841 2221 2886 2286 li·

420 2332 654 2397 quore,
704 2323 970 2379 arentes
1020 2311 1331 2400 gingivas
1385 2333 1757 2402 parumper
1805 2311 2077 2381 reficere
2119 2336 2484 2399 quaerens,
2546 2331 2884 2401 quamquam

426 2398 725 2487 palatum
792 2399 1063 2469 aridum
1130 2400 1594 2479 humectaret,
1667 2414 1888 2470 tamen
1960 2401 2184 2487 majus
2251 2416 2667 2472 tormentum
2723 2397 2885 2469 addita

420 2490 684 2578 corpori
738 2490 847 2557 siti
904 2489 1307 2578 praestabat.
1365 2491 1470 2557 Sal
1524 2491 1754 2559 enim.
1811 2503 1884 2557 ut
1936 2474 2105 2559 nulli
2158 2492 2525 2569 occulitur,
2591 2490 2783 2579 magis
2816 2508 2884 2553 ar·

418 2577 647 2645 dorem
690 2580 837 2646 sitis
867 2578 1182 2648 concitat.
1226 2600 1430 2663 quam
1481 2579 1858 2667 extinguat.
1899 2578 2024 2647 Sed
2065 2581 2196 2659 hic,
2238 2580 2581 2650 tribuente
2623 2578 2872 2648 Domino.

421 2667 781 2735 arcebatur
822 2666 908 2735 ab
940 2688 1041 2735 eo.

508 2761 542 2840 ξ
609 2759 693 2826 4.
766 2755 885 2823 His
955 2755 1200 2824 diebus
1260 2753 1723 2823 Tlieodoricus
1786 2756 1817 2788 '⁶
1885 2757 2237 2844 ingressus
2299 2762 2669 2825 Arvernum
2726 2752 2885 2822 termi-

425 2865 614 2917 num,
668 2844 897 2910 omnia
948 2844 1487 2917 exterminabat,
1543 2857 1787 2912 cuncta
1841 2844 2257 2913 devastabat.
2316 2851 2621 2931 Cumque
2661 2846 2718 2912 in
2765 2849 2886 2910 ¹trto·

421 2932 653 2999 nensis
705 2934 829 2999 vici
886 2934 1095 3020 pratis
1130 2945 1722 3009 castrametasset,
1782 2932 2168 3002 antedictus
2218 2955 2422 3003 senex
2463 2934 2547 3001 ad
2603 2948 2885 3002 occursum

417 3020 568 3105 ejus
621 3035 971 3109 properat,
1027 3022 1221 3107 quasi
1278 3042 1398 3110 pro
1450 3019 1703 3110 populo
1755 3034 2146 3109 rogaturus.
2206 3027 2698 3111 Ingressusque
2730 3034 2885 3088 castra

420 3129 642 3185 mane,
702 3114 876 3197 Rege
924 3108 1153 3178 adhuc
1203 3110 1269 3175 in
1315 3109 1621 3177 tentoriis
1655 3107 2059 3189 dormiente,
2118 3110 2457 3199 Siginaldi
2514 3111 2880 3199 papilionem.

417 3198 534 3282 qui
589 3210 749 3266 tunc
802 3199 1068 3286 primus
1116 3219 1273 3266 cum
1325 3219 1401 3265 eo
1466 3197 1878 3269 habebatur.
1934 3221 2306 3289 aggressus
2355 3212 2502 3267 est:
2557 3213 2620 3267 et
2663 3198 2801 3266 dum
2837 3189 2886 3255 de
2939 3198 2940 3265 3

419 3287 544 3353 hac
578 3288 963 3375 captivitate
994 3288 1459 3372 conqueritur,
1510 3285 1928 3374 Siginaldus,
1966 3300 2059 3358 ut.
2106 3288 2361 3356 ablutis
2397 3309 2573 3373 aqua
2614 3284 2882 3377 manibus

422 3395 683 3442 merum
730 3376 1130 3444 dicrum-etur
1168 3376 1475 3463 accipere
1517 3375 1944 3463 deprecatur,
1997 3375 2236 3445 dicens
2276 3401 2289 3442 :
2346 3402 2378 3441 «
2419 3382 2727 3464 Magnum
2772 3369 2882 3438 nubi

420 3462 620 3530 hodie
671 3432 999 3550 gauiiium
1073 3463 1652 3549 commodumque
1720 3463 1948 3531 divina
2004 3466 2216 3552 pietas
2268 3478 2608 3553 praestat,
2675 3464 2722 3530 si
2767 3460 2884 3527 intra

421 3553 686 3619 tentorii
742 3553 867 3621 mei
931 3565 1168 3640 septa,
1240 3551 1410 3619 facta
1473 3552 1824 3625 oratione,
1885 3567 2114 3640 potum
2180 3552 2493 3643 dignaris
2544 3553 2829 3639 accipere.
2867 3568 2883 3595 ·-

419 3640 737 3708 Audierat
784 3642 966 3709 enim
1022 3641 1272 3709 samam
1310 3642 1690 3709 sanctitatis
1723 3642 1916 3727 ejus:
1974 3641 2231 3709 idcirco
2271 3655 2334 3709 et
2384 3642 2698 3710 honorem
2730 3639 2774 3705 ei
2807 3652 2886 3722 pro

422 3730 529 3795 nei
588 3730 955 3799 reverentia
1008 3728 1469 3818 impendebat.
1527 3730 1656 3811 Qui
1706 3751 1776 3797 se
1825 3728 2115 3797 diversis
2170 3729 2393 3798 modis
2441 3742 2882 3812 excusans.asj
2937 3786 2938 3793 ,

418 3819 681 3885 serebat
730 3819 856 3887 hoc
908 3840 1038 3887 non
1094 3839 1291 3908 posse
1344 3816 1513 3895 fieri,
1570 3817 1729 3904 quia
1768 3839 1889 3886 nec
1928 3818 2092 3887 liora
2128 3817 2355 3887 debita
2393 3833 2590 3897 esset,
2638 3838 2742 3883 nec
2770 3818 2878 3893 Regt
2936 3806 2938 3921 Α

420 3906 707 3993 dignum
755 3908 1180 3996 praebuisset
1218 3927 1611 3987 occursum,
1666 3920 1732 3975 et
1779 3906 1958 3993 quod
2018 3907 2124 3974 his
2172 3908 2498 3976 omnibus
2537 3906 2736 4007 potius
2764 3910 2875 3965 erat.

420 3995 714 4062 necdum
777 3997 797 4062 i
853 4017 924 4065 se
974 3996 1257 4065 Domino
1322 3995 1745 4084 psalmorum
1798 3996 2347 4064 decantationem
2403 3996 2684 4064 debitam
2725 3982 2876 4056 exsol-

423 4084 645 4151 visset.
703 4019 847 4152 Sedp
880 4085 989 4154 his
1039 4084 1376 4173 sepositis,
1418 4083 1476 4150 vi
1511 4104 1667 4152 eum
1713 4083 2074 4173 compulit,
2117 4082 2539 4171 allatumque
2576 4076 2865 4149 vasculum·

419 4193 556 4255 quo
593 4174 773 4261 potio
816 4174 1195 4254 tenebatur,
1239 4195 1310 4243 ro
1362 4187 1427 4241 at
1462 4183 1536 4241 ut
1577 4186 1883 4251 sanctuS,
1926 4173 2248 4261 imposita
2303 4173 2495 4261 prius
2535 4189 2737 4263 manu,
2769 4178 2870 4229 san·

419 4261 770 4330 ctificaret.
819 4262 943 4344 Qui
996 4261 1252 4330 elevata
1350 4275 1572 4330 extera
1628 4283 1785 4329 cum
1850 4262 2130 4349 signum
2200 4263 2434 4330 Crucis
2483 4260 2863 4349 imposuisset.

475 4383 498 4407 ⁸·
530 4385 659 4424 Anno
691 4389 780 4426 525.
