2993 4837
549 260 674 323 732
1166 276 1244 320 m:
1291 275 1346 321 s.
1401 272 1723 321 srarnANo
1771 274 2035 322 sumone
2084 275 2274 322 nar.
2629 257 2770 323 NOV.
2807 260 2876 325 28

458 361 575 447 qui
643 381 801 427 cum
871 357 1225 427 haereticis
1289 357 1659 445 quicquam
1734 380 2102 427 commune
2177 358 2422 428 habere
2477 371 2750 428 vetuerat.
2785 364 2884 429 tte·

458 471 590 535 que
636 448 819 515 enim
873 446 1268 516 meminisse
1300 468 1369 514 se
1400 468 1560 515 cum
1594 446 1986 535 Imaginum
2040 447 2355 516 hostibus
2400 447 2601 516 ullum
2644 469 2884 534 unquam

456 534 945 606 commercium
997 534 1321 603 habuisse
1352 589 1366 614 ,
1421 547 1540 603 aut
1588 534 1848 622 aliquid
1907 536 2194 605 omnino
2241 536 2328 604 ab
2375 558 2591 604 eorum
2637 537 2889 606 manibus

455 624 819 712 accepisse.
876 627 1055 691 Haec
1111 636 1186 692 ut
1237 622 1352 690 illa
1409 622 1653 702 audiit,
1715 623 1907 692 humi
1964 645 2111 693 sese
2164 624 2573 713 provolvens,
2612 624 2754 710 quid
2789 646 2888 693 non

454 712 743 791 dicebat,
797 710 960 798 quid
1010 732 1143 780 non
1195 711 1507 791 faciebat,
1545 723 1616 779 ut
1663 711 2047 781 ostenderet
2092 734 2303 798 quam
2351 714 2437 781 ab
2483 713 2892 781 haereticorum

456 802 773 871 societate
805 811 1007 886 atque
1032 800 1444 869 commercio
1476 820 1748 889 semper
1779 799 2298 871 abhorruisset?
2325 824 2361 867 «
2390 802 2565 870 Absit
2591 800 2702 869 hoc
2734 824 2763 869 a
2789 822 2890 877 me.

456 889 831 976 inquiebat,
896 887 1276 958 venerande
1322 893 1559 969 Pater,
1613 902 1689 958 ut
1737 888 2034 969 Christi,
2085 902 2205 958 aut
2263 890 2491 959 Matris
2541 889 2770 978 ipsiuS,
2807 900 2898 956 aut

454 977 670 1048 ullius
729 978 957 1046 Sancti
1005 978 1375 1077 imaginem
1426 977 1982 1067 contempserim.
2046 978 2197 1047 Scio
2266 979 2448 1047 enim
2507 1000 2604 1046 me
2653 1000 2692 1045 a
2754 982 2894 1045 Pam

458 1079 686 1138 nostro
725 1072 1061 1135 Germano
1109 1064 1456 1147 didicisse,
1494 1087 1670 1152 quas
1721 1086 1974 1154 poenas
2022 1065 2250 1135 daturi
2285 1066 2444 1147 sint,
2479 1067 2591 1153 qui
2630 1087 2702 1135 eo
2739 1063 2890 1134 annin-

455 1155 601 1225 ciae
652 1154 1112 1243 proruperint.
1175 1158 1523 1224 Caeterum
1576 1153 1716 1233 fac,
1767 1176 2044 1241 quaeso,
2100 1169 2178 1224 ut
2240 1177 2362 1224 nec
2419 1156 2516 1224 vir
2559 1176 2770 1233 meus,
2803 1172 2888 1221 ιω

456 1243 819 1315 custodum
868 1243 1232 1329 quisquam
1272 1243 1615 1323 resciscat,
1668 1264 1806 1330 quo
1864 1242 2096 1332 pietati
2153 1257 2309 1312 tuae
2363 1243 2646 1312 indicare
2702 1240 2886 1329 cupio:

456 1346 659 1419 atque
690 1354 725 1399 e
776 1352 814 1399 o
848 1332 1073 1420 reipsa
1103 1330 1600 1401 dubitationem
1634 1353 1909 1400 omnem
1942 1332 2062 1401 tibi
2093 1332 2413 1401 eximam.
2445 1357 2479 1398 »
2512 1336 2670 1400 Haec
2705 1330 2886 1399 locun

458 1421 682 1490 statim
767 1441 1002 1488 omum
1039 1420 1366 1500 cucurrit,
1397 1430 1623 1505 atque.
1662 1424 1896 1519 aperta
1930 1420 2112 1499 arca,
2153 1434 2289 1491 tres
2322 1442 2599 1490 arcanas
2625 1419 2894 1508 Imagines

456 1508 710 1588 eduxit,
749 1530 960 1577 unam
1015 1508 1128 1576 Dei
1177 1508 1562 1586 GenitriciS,
1598 1508 1843 1579 Filium
1889 1508 2143 1578 seculis
2173 1509 2495 1578 omnibus
2523 1509 2894 1594 antiquiore-

455 1596 1004 1686 complectentis‚
1050 1596 1226 1666 duas
1272 1595 1444 1665 alias
1493 1597 1667 1666 Petri
1715 1610 1780 1665 et
1841 1596 2036 1666 Pauli
2084 1597 2576 1686 Apostolorum.
2628 1602 2791 1678 Quas
2827 1606 2898 1671 Εἰ.

457 1686 605 1775 ipso
654 1685 1101 1775 inspectante,
1141 1683 1455 1774 religiose
1487 1685 1818 1763 adoravit,
1855 1686 1989 1843 ipsi
2039 1699 2268 1775 postea
2309 1686 2622 1774 porrexit:
2654 1709 2683 1750 ε(
2719 1684 2904 1782 Accipe

458 1775 609 1854 ista,
651 1774 1006 1860 inquiens:
1066 1786 1268 1860 atque
1308 1774 1468 1842 hinc
1518 1774 1641 1842 tibi
1692 1774 1849 1853 mei,
1934 1796 2012 1843 oc
2057 1786 2157 1843 est
2203 1774 2510 1844 mulieris
2554 1773 2900 1864 peccatricis.

458 1863 785 1931 memoria
822 1861 1194 1931 refricetur.
1232 1885 1265 1928 »
1300 1862 1394 1931 Ad
1438 1862 1625 1931 hunc
1661 1863 1940 1931 modum
2041 1864 2125 1932 iis
2173 1864 2395 1953 ipsius
2446 1863 2731 1932 moribus
2770 1882 2906 1929 eom-

459 1951 762 2041 probatis
798 1951 1104 2041 petitioni
1137 1949 1357 2031 cedit;
1400 1973 1479 2019 ac
1527 1950 1855 2039 deinceps
1904 1885 2198 2020 Sassbato
2246 1975 2325 2021 ac
2378 1951 2702 2020 Dominico
2731 1946 2904 2018 dicad
2957 1976 2958 1979 ¹

455 2063 610 2109 eum
648 2040 664 2107 i
722 2062 795 2109 sa
831 2039 1030 2130 panis
1061 2039 1305 2108 uncias
1333 2061 1467 2120 sex,
1495 2061 1714 2125 aquae
1739 2060 1873 2108 non
1908 2040 2065 2129 plus
2093 2041 2316 2110 tribus
2343 2040 2600 2129 poculis
2625 2037 2900 2107 afferebat

456 2134 674 2197 Tantu
707 2150 824 2197 um
869 2128 1051 2196 enim
1095 2126 1392 2217 singulis
1430 2127 1884 2198 hebdomadis
1933 2128 2066 2218 ipsi
2104 2130 2238 2198 cibi
2281 2152 2362 2198 ac
2397 2141 2586 2219 potus
2630 2128 2741 2196 fuit
2781 2139 2902 2195 totos

459 2216 780 2287 undecim
820 2237 1110 2297 menseS,
1149 2238 1321 2302 quos
1360 2217 1428 2284 in
1466 2217 1807 2286 Praetorio
1842 2218 2190 2307 transegit.

542 2308 577 2393 ξ
622 2309 769 2376 82.
824 2304 1131 2387 Quadam
1183 2318 1407 2373 autem
1472 2304 1584 2373 die
1631 2327 1771 2375 una
1829 2326 1986 2374 cum
2045 2306 2331 2375 caeteris
2377 2306 2654 2394 captivis
2690 2300 2908 2370 sedente

457 2395 599 2464 viro
654 2393 908 2476 divino,
962 2393 1045 2462 de
1093 2392 1454 2484 suppliciis
1510 2392 1672 2474 illis,
1716 2414 1893 2482 quae
1929 2394 2139 2484 justis
2189 2395 2354 2463 viris
2404 2395 2490 2464 ab
2537 2392 2751 2481 iniquis
2793 2389 2910 2456 ini·

453 2483 771 2570 quissimi
822 2483 1259 2572 Imperatoris
1310 2483 1666 2572 praefectis
1708 2483 1913 2552 variis
1969 2483 2134 2553 locis
2184 2483 2370 2552 illata
2421 2484 2695 2560 fuerant,
2730 2499 2908 2550 sermo

454 2584 645 2642 ortus
696 2583 818 2640 est.
864 2571 1209 2658 Siquidem
1279 2571 1345 2640 in
1406 2570 1711 2641 medium
1780 2593 2182 2661 progressus
2231 2574 2560 2643 Antonius
2614 2569 2906 2664 quidam-e

455 2665 642 2729 Creta
692 2659 1054 2738 oriundus,
1122 2660 1220 2727 vir
1268 2659 1482 2740 fortis,
1534 2672 1601 2728 et
1655 2661 1771 2747 qui
1831 2660 2123 2730 fortibus
2172 2661 2658 2730 certaminibus
2702 2674 2906 2752 egregit

455 2749 822 2818 defunctus
890 2747 1154 2816 fuerat:
1216 2771 1251 2812 «
1314 2752 1622 2830 Quonam
1687 2748 1914 2828 modo,
1977 2748 2223 2836 inquit,
2272 2749 2617 2837 praeclara
2660 2743 2905 2816 monaehi

455 2836 1043 2914 Paulicertamina
1062 2836 1254 2906 vobis
1272 2836 1360 2904 ob
1378 2835 1614 2906 oculos
1634 2849 2011 2926 proponere
2031 2859 2204 2924 quea
2217 2841 2317 2905 m?
2337 2851 2455 2907 aut
2475 2857 2751 2924 quonam
2766 2845 2902 2923 pacta

455 2946 532 2993 ea
568 2925 713 2995 sine
744 2923 1070 3013 lacrymis
1102 2929 1667 2995 commemorem?
1700 2926 2024 3015 Princeps
2055 2926 2340 3013 quidam
2373 2927 2573 3016 Cypri
2602 2923 2900 3016 praefectus

455 3026 621 3093 erat,
665 3014 939 3083 nomine
973 3014 1441 3103 TheophaneS‚
1479 3025 1932 3102 cognomento
1982 3015 2420 3104 Lardotyrus.
2465 3015 2586 3083 Hic
2630 3036 2772 3082 cum
2803 3030 2904 3081 snu-
2953 3087 2954 3094 χ

455 3114 640 3171 ctum
684 3102 931 3183 virum,
985 3115 1062 3171 ut
1109 3103 1177 3169 in
1226 3124 1384 3172 eum
1422 3103 1820 3188 inquireret,
1862 3104 2257 3193 accepisset,
2298 3103 2381 3171 ad
2426 3103 2735 3173 Heracliti
2775 3117 2904 3191 prae·
2953 3119 2954 3142 ¹

456 3191 704 3261 torium
763 3212 923 3260 eum
973 3190 1186 3261 duxit.
1223 3191 1575 3280 Proposita
1617 3203 1844 3260 autem
1904 3206 2048 3261 erat
2094 3192 2292 3260 humi
2358 3192 2600 3261 Christi
2663 3192 2726 3258 in
2767 3205 2906 3258 cruoe

453 3280 754 3370 protensi
811 3281 1061 3368 imago,
1109 3301 1384 3366 unaque
1433 3280 1592 3348 item
1633 3280 1983 3349 cruciatus
2032 3281 2590 3360 instrumentum,
2640 3278 2801 3367 quod
2836 3297 2906 3343 ca·

457 3368 790 3458 tapultam
827 3381 1088 3437 vocant.
1123 3368 1360 3454 Aitque
1408 3368 1493 3437 ad
1537 3389 1693 3437 eum
1731 3368 2141 3449 Praefectus,
2175 3368 2481 3449 scelesta,
2528 3364 2906 3456 inquam,illa

452 3457 714 3558 lingua,
755 3470 956 3544 atque
1013 3457 1441 3542 iniquitatem
1493 3456 1564 3524 in
1613 3456 1955 3526 excelsum
2010 3457 2344 3544 loquens:
2400 3463 2589 3527 Unus
2634 3478 2670 3526 e
2704 3454 2904 3524 duobus

456 3546 576 3615 tib1
628 3546 829 3615 Paule
881 3546 1328 3635 proponitur:
1398 3545 1727 3614 nimirum
1787 3559 1863 3614 ut
1913 3561 2032 3615 aut
2096 3546 2355 3615 calcata
2420 3546 2712 3635 imagine
2759 3544 2903 3636 vitain

453 3635 784 3714 obtineas,
822 3646 943 3703 aut
990 3647 1066 3703 ut
1113 3633 1240 3702 hoc
1293 3634 1611 3703 tormenti
1658 3655 1905 3722 genere
1940 3634 2402 3705 discrucieris.
2443 3639 2581 3703 Hoc
2613 3647 2808 3702 autem
2833 3628 2903 3696 ἀι-

453 3745 639 3803 cens,
687 3743 1055 3811 puerorum
1091 3721 1297 3791 larvis
1348 3722 1611 3790 leonem
1650 3722 2173 3810 perterrefacere
2213 3722 2381 3792 velle
2419 3722 2771 3791 videbatur.
2806 3724 2902 3787 Sta·
2951 3741 2952 3752 ¹

455 3813 574 3879 tim
617 3812 800 3880 enim
850 3832 1222 3900 generosus
1273 3809 1388 3878 ille
1434 3810 1537 3878 vir
1588 3833 1838 3900 magna
1879 3833 2038 3880 voce
2068 3812 2494 3881 exclamans:
2535 3811 2706 3879 Absit
2745 3832 2777 3877 a
2808 3825 2896 3876 me.

455 3900 701 3987 inquit,
750 3900 1027 3968 Domine
1072 3905 1238 3968 Jesu
1292 3899 1574 3979 Christe,
1634 3900 1990 3989 Unigenite
2039 3900 2138 3968 fili
2189 3900 2337 3981 Dei,
2393 3913 2468 3969 ut
2516 3896 2897 3988 theandricam

453 3989 632 4057 hanc
664 3987 1035 4076 imaginem
1083 3987 1376 4074 pedibus
1429 3998 1666 4056 teram.
1706 3993 1918 4075 Atque
1958 3988 2124 4058 haec
2166 3989 2461 4066 locutus,
2503 3988 2712 4058 statim
2759 3985 2896 4082 ¹¹¹3&

455 4099 525 4146 se
572 4098 890 4155 curvam,
941 4076 1258 4146 osculum
1299 4076 1359 4144 ei
1410 4076 1578 4154 fixit,
1619 4076 1844 4166 reipsa
1894 4076 2177 4166 planum
2230 4077 2509 4154 faciens,
2552 4098 2739 4163 quam
2775 4067 2891 4139 nlhtl

444 4166 705 4255 judicis
769 4166 994 4234 minas
1055 4177 1457 4234 moraretur.
1506 4163 1628 4233 Ille
1679 4166 1906 4252 itaque
1961 4166 2321 4236 confestim
2386 4164 2720 4235 iracundia
2769 4172 2892 4229 totus

454 4268 798 4332 aestuans,
834 4253 1080 4323 nudari
1114 4265 1425 4324 sanctum
1465 4254 1711 4334 virum,
1738 4268 1941 4342 atque
1974 4254 2039 4321 in
2077 4254 2424 4344 catapulta
2452 4253 2700 4323 extendi
2718 4249 2884 4349 jubet:
2949 4287 2950 4306 ι

456 4343 575 4409 ubi
606 4363 761 4408 cum
796 4354 1074 4410 tortores
1103 4342 1376 4411 duabus
1405 4342 1657 4410 tabulis
1692 4341 1920 4432 ipsum
1955 4343 2352 4413 firmissime
2386 4347 2878 4432 compreSSissent
