2993 4837
31 281 169 352 flov.
218 281 293 344 ⁴5
740 298 818 343 m:
867 297 923 345 s.
975 296 1292 345 Lzorotno
1340 293 1738 345 conrnssonn
2298 283 2424 347 507

32 387 188 454 ileum
236 382 656 452 benemerita
705 381 773 449 in
848 404 1213 451 numerum
1285 387 1687 452 Sanctorum
1747 383 2198 466 decrevisset,
2262 397 2326 453 et
2364 386 2511 473 jam

34 489 186 562 §aper
228 493 304 540 ea
351 492 421 538 re
471 470 733 560 legatos
782 470 850 538 in
904 470 1340 540 Germaniam
1394 471 1716 552 misisset,
1772 471 2315 541 increscentibus
2373 474 2513 542 bel-

38 561 99 640 is,
141 559 394 629 efficere
426 559 615 645 quod
659 559 1092 628 vehementer
1123 559 1402 650 optabat
1444 581 1578 628 non
1633 561 1886 649 potuit:
1950 560 2090 642 vel,
2144 573 2220 630 ut
2274 561 2514 630 verisi-

38 649 141 720 nile
184 648 278 729 fit,
333 647 724 736 pullulante
768 648 971 717 etiam
1024 650 1337 718 Bo'e‘mica
1380 649 1644 718 haeresi
1684 649 1741 727 ²⁶,
1786 662 2062 718 coactus
2109 652 2197 720 ab
2246 650 2515 738 incepto

40 733 250 810 lestitit.
301 742 369 805 Is
415 737 606 806 enim
638 737 852 826 patria
894 738 1330 807 Levionensis
1359 739 1535 807 inter
1575 738 1909 807 maximos
1934 738 2295 825 utriusque
2325 744 2363 808 J
2373 739 2515 808 uris

43 826 316 895 onsultos
365 825 741 895 advocatus
783 825 1275 895 celeberrimus
1326 827 1474 904 suit,
1528 840 1593 895 et
1639 827 1842 915 cujus
1884 827 2128 897 virtute
2174 827 2516 897 Ecclesiae

42 915 471 985 »atrimonium
527 928 1004 1004 recuperatum
1056 928 1157 986 est
1205 915 1433 984 medio
1462 915 1741 1006 Aegidio
1788 915 2131 985 Cardinali
2179 918 2510 1007 Hispano:

44 1005 178 1092 ujus
222 1005 427 1093 opera
488 1016 556 1072 et
619 1004 896 1093 ingenio
971 1003 1391 1093 quamplura
1441 1003 1792 1093 praeclara
1858 1003 2161 1074 facinora
2213 1019 2516 1096 tempore

44 1114 114 1161 uo
147 1107 407 1181 peracta
448 1091 751 1162 suerunt.
808 1091 932 1161 Sed
985 1092 1069 1161 ad
1120 1114 1262 1161 rem
1302 1093 1528 1162 redeo,

78 1183 229 1267 δῦ.
268 1180 571 1250 Alterum
614 1181 1102 1251 monasterium
1160 1180 1425 1252 ordinis
1471 1182 1689 1251 sancti
1751 1182 2079 1251 Bernardi
2128 1180 2518 1252 aedificavit

44 1269 117 1340 ub
162 1269 343 1339 titulo
393 1269 789 1339 salutiferae
851 1270 1085 1339 Crucis
1116 1270 1185 1306 ³⁶*
1229 1270 1293 1338 in
1351 1270 1525 1340 valle
1574 1293 1956 1352 nemorosa,
2014 1271 2426 1341 duodecimo
2474 1293 2514 1338 a

46 1357 224 1427 'ienna
266 1358 543 1446 lapide:
584 1360 652 1426 in
693 1378 829 1445 quo
876 1358 1377 1447 quamplurimi
1422 1361 1739 1429 monachi
1779 1373 1844 1430 et
1893 1361 2192 1431 ministri
2237 1357 2515 1429 abunde

50 1443 275 1517 luntur.
326 1449 747 1517 Instauravit
794 1471 833 1517 a
884 1448 1261 1536 majoribus
1329 1448 1474 1518 suis
1522 1461 1678 1518 ante
1737 1448 2088 1518 conditum
2120 1503 2135 1530 ‚
2190 1448 2303 1519 sed
2360 1446 2515 1515 reli*

46 1545 185 1616 tum,
236 1537 295 1604 vi
342 1551 554 1623 atque
603 1535 831 1605 hostili
905 1550 1088 1605 metu
1164 1537 1398 1626 procul
1472 1538 1733 1622 abactis
1792 1552 1857 1607 et
1895 1537 2135 1607 deletis
2214 1538 2514 1607 hostium

48 1622 235 1696 itibus
278 1638 485 1712 atque
526 1626 1066 1705 incursionibus,
1115 1625 1434 1713 ampliori
1489 1627 1693 1696 etiam
1744 1626 1973 1695 fructu
2005 1626 2278 1695 dotavit.
2335 1630 2516 1693 Haec

46 1714 353 1801 eopoldus
388 1768 404 1794 ,
470 1714 869 1785 beatissime
926 1718 1165 1794 Pater,
1224 1717 1401 1783 inter
1476 1727 1570 1784 tot
1634 1717 1821 1805 regni
1895 1715 2381 1804 occupationes
2429 1713 2512 1782 ad

46 1804 274 1871 hesauri
321 1802 641 1872 coelestis
692 1802 1142 1872 reconditoria
1194 1804 1425 1872 vivens
1475 1804 1734 1893 posuit,
1791 1804 1967 1872 banc
2022 1804 2153 1873 sibi
2197 1803 2515 1873 volunta-

46 1909 120 1958 {m
156 1891 419 1982 delegit,
463 1891 575 1961 his
618 1893 791 1960 veris
823 1890 1089 1960 deliciis
1122 1914 1294 1961 usus
1340 1905 1462 1971 est,
1508 1892 1633 1962 boc
1661 1893 1790 1961 sibi
1842 1893 1922 1961 ad
1961 1891 2262 1962 suturam
2305 1892 2512 1959 vitam

43 1991 115 2048 ter
153 1983 451 2070 aperuit:
506 1993 572 2048 et
606 1980 672 2049 in
726 1993 860 2049 tam
907 1980 1238 2049 laudabili
1290 1980 1733 2050 benevivendi
1766 1996 2016 2059 tenore,
2046 1996 2109 2050 et
2148 1995 2283 2049 tam
2318 2001 2517 2068 prae-

48 2063 182 2137 laris
226 2069 734 2150 monumentis,
788 2091 1053 2138 mcxxxv1
1116 2068 1358 2140 salutis
1418 2091 1603 2138 anno
1658 2070 1821 2139 orbe
1884 2070 2088 2139 cessit
2154 2067 2516 2154 coelosque

44 2155 313 2254 nigravit.
367 2164 530 2228 Post
586 2157 790 2246 cujus
836 2158 1098 2227 obitum
1156 2157 1335 2226 idem
1388 2159 1832 2228 Innocentius
1896 2163 1957 2227 11
2017 2158 2318 2227 Pontifex
2370 2178 2516 2224 ma-

42 2263 238 2327 num,
301 2269 438 2316 non
511 2248 671 2317 unis
744 2246 1024 2327 litteriS,
1096 2260 1375 2335 paterna
1423 2260 1502 2316 ut
1546 2247 2116 2316 decet.charitate
2168 2246 2335 2315 tanti
2385 2244 2516 2312 viri

41 2351 246 2403 uorem
286 2352 353 2405 et
403 2335 589 2406 filios
624 2336 1039 2405 honestavit:
1074 2348 1138 2404 et
1171 2335 1417 2405 collato
1449 2335 1669 2405 eidem
1709 2336 2046 2427 Leopoldo
2095 2333 2516 2403 benedictio-

41 2420 103 2491 u's
140 2446 207 2495 ac
246 2424 707 2498 absolutionis
757 2447 1063 2504 munere,
1114 2447 1247 2494 non
1297 2425 1564 2515 exiguis
1620 2425 1944 2495 laudibus
1995 2426 2214 2514 ipsius
2264 2422 2518 2493 sancti-

41 2522 179 2582 utem
240 2527 648 2603 prosecutus
701 2528 825 2583 est.
882 2514 1178 2584 Accessit
1228 2514 1354 2583 hoc
1409 2514 1719 2604 amplum
1779 2514 2246 2584 testimonium
2312 2525 2518 2599 atque

40 2616 114 2669 tro
153 2602 481 2694 dignitate
526 2603 770 2672 vicarii
810 2602 1298 2693 omnipotentis
1349 2603 1460 2671 Dei
1525 2603 2064 2692 praedecessoris
2105 2603 2204 2671 tui
2254 2601 2339 2670 ad
2391 2622 2516 2669 au-

36 2690 270 2774 gendum
325 2690 651 2781 Leopoldi
702 2690 989 2780 gloriam
1044 2708 1110 2759 et
1156 2691 1609 2762 sanctitatem.
1666 2693 2041 2762 Poscebant
2096 2691 2160 2761 id
2217 2690 2516 2779 insignia

36 2774 133 2865 gius
164 2781 420 2860 merita,
486 2780 856 2870 poscebant
911 2778 976 2848 id
1026 2801 1256 2860 curae,
1314 2780 1582 2849 labores
1629 2793 1694 2850 et
1743 2781 2035 2881 vigiliae,
2089 2780 2278 2849 omni
2355 2794 2521 2847 tem-

34 2882 145 2936 )orc
177 2891 290 2957 pro
342 2870 785 2956 incorruptae
835 2868 1184 2958 religionis
1251 2882 1460 2937 metu.
1514 2875 1654 2940 Non
1722 2892 1902 2938 emm
1955 2870 2151 2938 aliter
2197 2890 2346 2937 esse
2397 2888 2517 2954 po-

33 2955 213 3025 misset
241 2959 323 3028 de
364 2974 503 3028 tam
536 2959 797 3047 integro
829 2970 894 3025 et
925 2971 1405 3026 consummato
1434 2979 1597 3047 erga
1624 2963 1829 3027 Deum
1878 2959 2043 3027 viro.
2084 2963 2222 3026 Non
2260 2956 2521 3046 indiget

31 3044 271 3127 profecto
313 3046 668 3117 laudatore
714 3060 918 3133 atque
951 3059 1339 3115 enarratore
1387 3062 1736 3136 gestarum
1775 3068 2001 3114 rerum
2046 3046 2103 3114 is
2150 3047 2267 3132 qui
2322 3046 2412 3114 ita
2446 3065 2515 3114 se

31 3134 211 3217 gessit,
261 3149 336 3205 ut
369 3157 577 3225 opera
613 3137 701 3206 ab
748 3158 818 3205 se
879 3135 1101 3224 palam
1157 3135 1337 3204 edita
1389 3135 1627 3204 multis
1682 3134 1847 3203 locis
1890 3134 2277 3204 testimonio
2327 3145 2513 3212 sunt,

31 3223 270 3308 ttcujus
305 3226 480 3294 vitae
532 3246 767 3293 rumor
808 3225 872 3292 in
909 3223 1258 3312 exemplar
1307 3224 1587 3293 venerit.
1641 3223 1878 3292 Refero
1914 3245 2092 3303 vera,
2133 3227 2324 3291 Pater
2364 3243 2521 3290 san-

31 3318 117 3385 tte,
157 3333 279 3380 non
335 3336 507 3382 vana
555 3313 815 3400 loquor,
852 3334 987 3382 non
1032 3326 1182 3381 utor
1230 3314 1538 3381 carmine
1564 3313 1759 3381 ficto:
1797 3312 2051 3381 adsunt
2099 3312 2280 3379 enim
2329 3329 2515 3398 prae·

31 3391 169 3466 tlara
197 3413 255 3469 et
293 3424 428 3471 non
474 3401 782 3490 vulgaria
835 3415 1321 3481 monumenta,
1375 3417 1439 3470 et
1501 3403 1599 3471 sic
1660 3423 1764 3471 res
1829 3400 1975 3489 ipsa
2024 3398 2228 3467 fidem
2299 3397 2521 3465 verbis

31 3501 297 3566 praestat.
368 3489 731 3579 Singulare
802 3506 1326 3559 monumentum
1394 3490 1834 3579 Regumberti
1888 3489 1972 3558 de
2035 3486 2522 3585 probatissima

31 3572 296 3661 Leopoldi
333 3581 491 3657 vita,
545 3578 628 3646 de
662 3579 1116 3649 sanctissimis
1154 3577 1461 3647 moribus
1501 3591 1714 3648 extat:
1765 3599 2025 3647 necnon
2072 3577 2139 3644 in
2191 3573 2520 3644 coenobio

31 3658 642 3756 [Llaustriburgensis
693 3680 995 3736 vetustus
1036 3668 1401 3755 inspicitur
1446 3668 1679 3743 codex,
1723 3667 1790 3735 in
1843 3689 1979 3754 quo
2023 3662 2517 3754 Leopoldorum

31 3744 243 3822 familia
273 3779 549 3825 summa
595 3778 751 3824 cum
809 3755 1236 3824 veneratione
1274 3769 1339 3823 et
1381 3757 1747 3844 praecipue
1784 3754 2161 3845 praesentis
2203 3748 2523 3838 Leopoldi

31 3841 230 3911 [letalis
261 3845 407 3914 dies
457 3859 781 3932 tenorque
832 3846 1002 3912 vitae
1053 3843 1322 3933 legitur.
1364 3848 1440 3912 Et
1491 3844 1904 3914 monasterio
1953 3835 2526 3937 Novimontislal-

31 3935 134 4025 tero
176 3935 437 4002 Martini
486 3933 719 4003 codice
766 3933 1317 4002 Praedicatorum
1370 3932 1661 4012 ordinis,
1718 3955 1836 4022 per
1892 3946 2276 4020 temporum
2335 3926 2526 4014 dige-

31 4026 271 4088 stionem
322 4022 667 4101 consectO,
725 4022 1024 4111 plurima
1087 4020 1171 4088 de
1222 4018 1559 4108 Leopoldo
1614 4032 2272 4107 commemorantur.
2332 4014 2524 4112 Idem

32 4114 267 4178 testatur
312 4110 609 4179 Andreas
658 4108 1017 4179 annalium
1069 4108 1611 4178 Christianorum
1651 4108 1988 4177 conditor.
2046 4109 2153 4178 Sic
2187 4118 2252 4174 et
2288 4104 2354 4171 in
2389 4100 2528 4201 alio

32 4191 223 4264 codice
261 4199 648 4268 monasterii
697 4198 1232 4287 Noviburgensis
1296 4197 1583 4267 Heroico
1654 4197 2045 4267 hexametro
2092 4207 2158 4263 et
2221 4209 2531 4261 carmine

71 4350 310 4447 :·Hss⁹‘⁰⁸³⁸
333 4359 566 4427 videlicet.
584 4372 702 4410 quae
727 4373 752 4401 a
771 4362 955 4402 Joanne
976 4361 1077 4401 Hu-
1098 4358 1191 4401 luit
1211 4358 1427 4400 excitata.

178 4420 282 4452 erm.
312 4416 668 4466 Haliaenkreutt.
