2993 4837
528 327 657 390 208
1288 340 1381 412 nn,
1418 346 1473 387 s.
1529 342 1768 389 canoto
1819 342 2148 389 nonnoni-:o
2696 324 2849 390 ΜΝ.
2891 326 2918 388 t

436 428 758 497 societate
790 433 956 496 Jesu
987 447 1067 495 eo
1114 426 1494 507 accersivit,
1540 427 1657 513 qui
1711 448 1846 496 non
1897 425 2032 495 fide
2081 427 2331 506 solum,
2366 438 2430 496 et
2471 425 2758 495 moribus
2784 425 2926 494 chri·

446 517 692 586 stianis
741 536 1007 595 omneS,
1043 515 1157 583 sed
1212 536 1463 606 pueros
1516 516 1719 584 etiam
1779 516 2022 585 litteris
2068 514 2453 584 erudirent:
2502 537 2656 584 cum
2705 514 2952 595 Rhaeting

442 605 583 675 fere
616 618 753 674 tota
787 604 1137 693 magistris
1189 603 1393 693 paulo
1428 603 1668 673 saltem
1705 604 2200 675 eruditioribus
2245 618 2526 681 careret,
2576 603 2673 672 eis
2714 602 2950 692 amplasl

439 694 644 764 aedes
688 706 1023 763 rectorum
1076 714 1418 763 consensu
1465 692 1796 774 tradidit,
1865 713 2042 782 quas
2111 693 2421 762 Trivultii
2467 692 2627 762 olim
2690 676 2950 767 Mesaual

442 782 870 852 Marchiones
920 777 1305 851 obtinuisse
1352 782 1727 862 dicuntur,
1783 795 1859 851 ut
1905 804 2141 850 eorum
2183 781 2548 872 collegium
2587 802 2838 850 summa
2863 782 2938 849 in·

444 872 753 942 colarum
814 870 1160 939 voluntate
1206 872 1689 950 constitueret;
1746 869 2083 961 plurimos
2132 884 2476 961 praeterea
2505 925 2525 951 ,
2588 869 2703 957 qui
2751 868 2839 938 vel
2888 901 2941 932 ·-.-

440 960 925 1040 clandestina,
984 959 1341 1049 graduque
1403 959 1747 1050 prohibito
1804 972 2151 1028 contracta
2201 960 2683 1037 matrimonia,
2735 980 2925 1046 μεενι·

439 1049 766 1120 sordibus
818 1048 1237 1127 haerebant,
1289 1047 1391 1116 vel
1442 1048 1530 1117 ob
1582 1070 1787 1137 prava
1838 1048 2054 1129 lucra,
2105 1062 2169 1117 et
2218 1048 2460 1136 iniqua
2499 1047 2766 1116 foenora

440 1159 729 1208 monum
805 1136 1067 1223 laqueis
1133 1137 1483 1206 constricti
1558 1136 2009 1216 tenebantur,
2084 1137 2290 1205 variis
2364 1137 2588 1207 modis
2634 1136 2939 1205 excitavit

442 1240 650 1314 atque
699 1226 785 1295 ab
834 1225 1177 1314 ejusmodi
1229 1226 1530 1305 miseria,
1591 1227 2001 1312 animaeque
2049 1225 2367 1305 vinculis,
2423 1248 2546 1317 pro
2601 1247 2723 1294 sua
2766 1246 2943 1293 auc

439 1317 644 1386 ritate
703 1314 1053 1394 liberavit,
1110 1328 1250 1383 tum
1304 1336 1339 1382 a
1391 1314 1724 1404 peccandi
1776 1313 2046 1384 licentia
2096 1315 2164 1383 in
2218 1329 2568 1404 posterum
2623 1312 2894 1383 revocavi

439 1405 726 1474 omnino
785 1403 1057 1472 circiter
1116 1403 1354 1492 viginti
1406 1403 1677 1472 dierum
1743 1408 2001 1492 opera,
2063 1404 2342 1473 Carolus
2401 1404 2494 1473 ita
2551 1425 2662 1473 res
2710 1402 2788 1471 iis
2824 1400 2943 1470 l··--·

442 1492 882 1571 immutavit,
951 1504 1023 1560 ut
1087 1490 1220 1559 alia
1286 1513 1495 1581 prope
1548 1514 1717 1582 gens
1780 1491 2169 1571 videretur,
2235 1514 2618 1579 omnesque
2680 1489 2761 1561 ad
2817 1486 2917 1579 οβ’

442 1605 632 1652 mum
716 1580 985 1670 pietatis
1059 1579 1323 1649 cultum
1390 1602 1470 1649 ex
1539 1581 1899 1671 praeterita
1972 1582 2411 1670 corruptione
2472 1603 2625 1650 sese
2681 1578 2925 1649 excita··-

440 1669 897 1740 ostenderent.

529 1762 565 1845 ξ
611 1762 759 1831 58.
814 1756 1253 1827 Pervenimus
1300 1754 1384 1824 ad
1441 1771 1820 1846 postremas
1868 1756 2085 1825 Caroli
2134 1757 2478 1826 actiones:
2535 1777 2716 1845 quas
2770 1770 2909 1824 tam

444 1862 825 1939 postremas
875 1845 1015 1915 fore
1062 1845 1380 1914 credebat
1435 1867 1657 1914 nemo.
1735 1845 2059 1915 Nonnulli
2115 1846 2394 1932 quidem
2454 1846 2523 1915 in
2583 1868 2688 1926 e0,
2743 1844 2933 1942 ultim·

373 2002 382 2010 ,
445 1936 843 2028 praesertim
898 1934 1275 2012 mensibus,
1328 1935 1786 2031 observabant
1832 1933 2095 2024 aliquid
2151 1935 2459 2004 insuetae
2510 1934 2919 2004 imbecillita

439 2039 505 2096 et
541 2025 806 2104 maciei,
862 2022 976 2093 sed
1017 2034 1279 2104 tamen,
1325 2038 1401 2093 ut
1448 2046 1652 2111 saepe
1701 2023 1953 2093 accidit
1998 2024 2068 2092 in
2117 2022 2617 2093 excellentibus
2675 2023 2848 2101 viris,
2903 2051 2913 2076 2

443 2115 752 2204 longiore
781 2114 910 2181 vita
953 2112 1093 2181 fore
1132 2111 1442 2202 plerique
1475 2112 1982 2193 existimabant,
2013 2134 2150 2199 quo
2180 2112 2582 2181 christianis
2619 2112 2818 2181 rebus

446 2203 767 2273 videbant
813 2200 1189 2271 utiliorem.
1243 2199 1748 2270 Imbecillitatis
1795 2223 2042 2270 caussa
2088 2202 2481 2290 putabatur,
2536 2199 2839 2290 corporis
2910 2225 2915 2248 =·

445 2292 782 2362 tractandi
838 2291 1029 2370 rati0,
1085 2309 1291 2379 quam
1338 2291 1405 2359 in
1443 2290 1764 2369 summis,
1807 2289 2245 2376 assiduisque
2292 2289 2653 2359 laboribus
2701 2288 2904 2359 teneba

446 2404 604 2452 cum
658 2382 839 2450 enim
887 2380 954 2448 in
1008 2380 1386 2468 superioris
1434 2378 1598 2448 anni
1644 2378 2184 2470 Quadragesima
2239 2392 2413 2460 tota,
2475 2400 2658 2468 pane
2711 2390 2775 2448 et
2823 2397 2921 2461 aq·

450 2469 930 2541 tantummodo
980 2490 1050 2536 se
1103 2468 1377 2537 reficere
1427 2467 1636 2537 semel
1675 2470 1741 2537 in
1794 2468 1904 2536 die
1936 2469 2292 2555 coepisset,
2335 2468 2719 2537 Dominicis
2764 2465 2925 2535 dieb

442 2560 770 2647 exceptis,
825 2557 1081 2644 quibus
1135 2571 1355 2627 tamen
1411 2557 1635 2645 pisces
1685 2579 1817 2626 non
1870 2558 2227 2648 gustabat,
2282 2558 2349 2625 in
2401 2578 2479 2626 eo
2527 2578 2783 2646 genere
2831 2551 2911 2622 ad

454 2668 860 2749 progressus
889 2658 1013 2726 est,
1054 2658 1128 2714 ut
1165 2646 1310 2734 jam
1349 2644 1594 2732 reliqui
1627 2647 1829 2714 etiam
1869 2646 2198 2734 temporis
2242 2645 2484 2735 majori
2523 2659 2721 2732 parte
2766 2642 2918 2713 ead

451 2758 520 2804 in
559 2757 811 2825 corpus
863 2756 1067 2802 suum
1128 2734 1381 2803 duritia
1433 2747 1778 2804 uteretur:
1831 2755 2130 2821 cumque
2185 2734 2265 2803 ad
2320 2749 2725 2821 sequentem
2778 2754 2847 2833 pe
2888 2759 2919 2783 ···-

452 2825 669 2893 nisset
717 2820 1331 2913 Quadragesimam
1412 2824 1622 2912 hujus
1675 2824 1838 2892 anni
1899 2846 2239 2905 uanxxiv,
2293 2823 2521 2891 adhuc
2568 2835 2855 2912 asperita
2888 2846 2907 2878 2-

454 2935 744 3003 augenS,
799 2912 1001 2979 certis
1048 2911 1294 2980 diebus
1329 2912 1477 3000 ipso
1528 2931 1801 2999 quoque
1837 2934 2011 3000 pane
2069 2912 2326 2993 relict0,
2381 2912 2556 2981 licus
2591 2911 2821 2980 aridas
2854 2926 2919 2977 ta

455 3015 627 3080 tum,
681 3014 745 3069 et
778 3022 1026 3086 aquam
1079 2999 1415 3081 sumebat,
1451 3012 1657 3087 atque
1704 2999 1944 3074 ultima
1978 3000 2431 3081 hebdomada,
2472 3020 2657 3089 quae
2705 2997 2927 3070 sancti

454 3089 729 3167 colitur,
784 3090 933 3158 ficis
991 3089 1293 3168 omissis,
1359 3089 1623 3177 lupinis
1684 3089 1781 3157 uti
1832 3090 2300 3159 constituerat.
2366 3090 2588 3158 Cruda
2660 3085 2923 3177 legumi

457 3193 621 3269 puto
673 3178 1051 3246 imitatione
1086 3183 1359 3246 Patrum
1405 3177 1702 3246 voluisse
1760 3178 2109 3259 adhibere,
2177 3180 2352 3247 inter
2398 3200 2576 3264 quae
2628 3197 2839 3248 unum
2881 3172 2939 3240 lu

452 3269 693 3358 pinum
747 3267 981 3357 egenis
1031 3267 1190 3335 usui
1240 3288 1389 3337 esse
1448 3289 1622 3353 aqua
1682 3282 2099 3336 maceratum
2134 3320 2153 3347 ,
2210 3267 2339 3336 hoc
2396 3280 2729 3356 tempore,
2782 3261 2937 3330 vid

454 3358 698 3447 potuit.
754 3362 999 3424 Verum
1052 3355 1140 3423 ob
1186 3377 1335 3423 eam
1388 3378 1706 3425 caussam
1742 3356 2098 3437 abstinuit,
2143 3355 2228 3424 de
2276 3377 2410 3442 qua
2465 3376 2652 3424 nunc
2690 3353 2919 3425 resera

452 3452 593 3516 Non
674 3445 925 3513 multos
990 3459 1146 3513 ante
1194 3443 1341 3513 dies
1417 3444 1798 3532 erysipelas
1871 3444 1937 3512 in
1989 3467 2190 3514 crure
2240 3466 2484 3514 rursus
2538 3449 2944 3533 apparuerat

451 3536 791 3621 ulcusque
832 3533 1117 3601 fecerat:
1170 3534 1372 3623 cujus
1396 3532 1687 3602 curandi
1740 3535 2012 3614 caussa
2055 3532 2339 3603 medicis
2373 3554 2650 3622 parens,
2694 3534 2879 3622 jacue
2928 3574 2937 3587 «

453 3623 851 3713 complures
909 3621 1083 3690 dies,
1152 3625 1319 3690 Cum
1373 3622 1658 3690 minime
1711 3634 2112 3702 sanaretur,
2165 3644 2564 3692 concessere
2600 3618 2935 3713 mediciq·

453 3725 790 3804 surgeret,
832 3723 1197 3798 motusque
1229 3710 1567 3780 beneficio
1611 3710 1995 3780 frueretur:
2036 3712 2125 3780 ita
2179 3723 2324 3781 tum
2359 3732 2591 3780 sacras
2634 3709 2920 3780 ordinati

454 3823 575 3871 nes
622 3802 821 3870 initio
870 3798 1453 3890 Quadragesimae
1488 3798 1843 3878 habuerat,
1900 3814 2043 3870 tum
2081 3800 2216 3869 alia
2264 3813 2588 3890 gesserat,
2628 3819 2796 3887 quae
2821 3816 2890 3950 op
2938 3820 2941 3823 ·

452 3903 673 3959 erant.
727 3894 954 3976 Neque
988 3910 1190 3957 crure
1238 3888 1542 3978 amplius
1582 3887 1954 3969 laboravit;
2009 3911 2087 3958 ac
2121 3889 2287 3959 dum
2342 3911 2465 3958 sur
2513 3888 2674 3958 endi
2725 3887 2932 3955 facuta

455 3991 586 4047 tem
642 3990 916 4069 peteret,
971 3976 1478 4065 affirmaretque
1526 4000 1607 4047 ex
1659 3990 1904 4047 natura
1951 3979 2259 4067 corporis
2322 3978 2431 4047 sui
2531 3999 2655 4047 ene
2703 3971 2944 4060 cognito.

457 4088 607 4136 sese
652 4090 731 4135 ex
779 4090 855 4136 ea
908 4089 978 4136 re
1037 4065 1512 4135 convalescere
1563 4087 1801 4156 posse,
1858 4067 2106 4135 medici
2167 4079 2393 4136 autem
2459 4067 2677 4156 primo
2722 4060 2945 4150 quidem

459 4176 595 4223 non
658 4155 1155 4236 concederent,
1216 4155 1499 4243 quidam
1562 4178 1642 4224 ex
1698 4154 2185 4235 familiaribus,
2238 4155 2639 4225 existimans
2686 4147 2945 4246 Carolunt

456 4265 615 4312 cum
672 4245 845 4313 vitae
893 4242 1296 4313 discrimine
1346 4243 1635 4313 medicis
1697 4245 1984 4314 minime
2035 4245 2465 4336 pariturum,
2520 4244 2721 4330 idque
2764 4249 2945 4410 amma}

458 4352 585 4402 suo
634 4331 917 4411 dolens,
973 4332 1213 4402 litteris
1281 4338 1565 4402 Romam
1637 4333 1719 4402 ad
1785 4333 2003 4403 Caroli
2070 4333 2494 4404 necessarios
2563 4331 2766 4408 datis;
2823 4343 2944 4422 eux

459 4419 755 4509 graviter
814 4433 1161 4508 aegrotare
1224 4422 1524 4511 scripsit;
1587 4444 1806 4509 neque
1862 4422 2029 4492 velle
2094 4422 2521 4493 medicorum
2581 4418 2944 4491 curationem*
