2993 4837
548 372 672 437 564
1192 386 1270 432 nn
1319 386 1374 432 S.
1428 384 1742 432 oasscomo
1789 384 2259 432 Tmuunuaeo
2669 365 2813 431 ttov.
2848 368 2900 431 tt
2939 382 2940 439 ς

457 475 515 543 ei
570 472 772 561 plena
827 470 1161 540 sententia
1209 470 1427 538 oratio
1461 524 1477 549 ,
1534 471 1765 538 minus
1829 482 2070 539 ornata
2118 469 2443 538 dictionis
2489 470 2771 539 floribus.
2808 474 2940 550 Quot

458 562 711 631 factum
763 574 886 640 est,
940 573 1017 628 ut
1062 559 1345 646 quidam
1387 558 1610 627 elatus
1659 558 2084 638 adolescenS,
2139 560 2369 645 quiex
2413 561 2613 627 Attica
2660 558 2940 647 apudeos3

456 650 540 718 de
591 651 766 730 ebat,
821 649 1204 717 inornatam
1263 648 1549 715 irriserit
1581 647 1977 728 dictionem,
2016 647 2199 734 quod
2244 669 2377 716 non
2414 662 2588 717 esset
2619 650 2905 716 Atticisex-

455 762 543 808 cu
582 756 638 807 ta
674 738 1115 806 ornamentis.
1148 743 1360 819 Quem
1396 736 1637 805 dicunt
1669 736 1880 805 fuisse
1909 748 2289 805 correctum
2321 760 2358 805 a
2385 736 2674 823 quadam
2704 736 2904 807 visione.

455 851 614 897 cum
656 828 930 895 vidisset
961 826 1441 895 columbarum
1478 847 1778 915 gregem,
1806 825 2103 912 quadam
2129 825 2524 895 admirabili
2555 825 2908 919 refulgentem

456 916 957 1007 pulcritudine,
1010 929 1073 983 et
1112 914 1481 1000 quemdam
1528 915 2232 994 audissetdicentem,
2281 915 2406 985 has
2454 937 2602 985 esse
2639 913 2912 983 Alexandri

454 1005 836 1085 columbas,
875 1027 1049 1091 quas
1087 1003 1199 1071 ille
1241 1004 1529 1071 irriserit
1559 1002 1616 1072 *.

542 1096 577 1181 ἓ
627 1099 774 1165 16.
826 1095 983 1161 Jam
1027 1093 1209 1160 enim
1265 1093 1331 1159 in
1384 1113 1659 1160 omnem
1707 1103 1973 1181 partem
2027 1106 2416 1182 pervaserat
2448 1092 2679 1160 divina
2722 1089 2930 1180 praediy

455 1185 654 1263 catio,
700 1196 763 1251 et
810 1203 1050 1251 omnes
1102 1196 1235 1249 tam
1302 1181 1367 1247 in
1429 1181 1724 1261 civitate,
1788 1203 1995 1267 quam
2048 1182 2117 1248 in
2178 1202 2279 1261 ea,
2331 1204 2513 1268 quae
2550 1181 2909 1251 circumcira

458 1272 585 1342 sita
633 1283 757 1351 est,
819 1272 1093 1359 regione
1140 1269 1224 1338 ad
1287 1270 1468 1358 piam
1525 1285 1916 1354 rectamque
1972 1268 2316 1358 dogmatis
2369 1270 2576 1338 fidem
2626 1282 2802 1337 erant
2835 1282 2908 1334 tra·

455 1360 689 1440 ducti,
750 1359 1126 1446 altariaque
1170 1371 1234 1425 et
1285 1357 1534 1446 templa
1569 1413 1583 1438 ,
1637 1370 1700 1426 et
1746 1380 1925 1444 quae
1987 1358 2258 1427 fuerant
2308 1358 2373 1425 in
2425 1360 2526 1428 eis
2575 1358 2906 1433 simulacra,

453 1462 646 1517 erant
675 1470 905 1517 eversa
942 1472 954 1515 :
1008 1461 1378 1535 expurgata
1416 1460 1645 1515 autem
1689 1461 1832 1515 erat
1872 1448 2178 1515 humana
2219 1447 2349 1516 vita
2391 1448 2479 1516 ab
2515 1448 2829 1516 idolorum
2854 1446 2907 1511 in·

453 1538 944 1623 quinamentiS,
983 1537 1457 1622 extinctusque
1494 1548 1639 1603 erat
1669 1536 2042 1605 sceleratus
2083 1536 2283 1604 nidor
2314 1537 2821 1614 sacrificiorum,
2846 1536 2908 1601 ab

452 1626 776 1712 lutusque
824 1648 1029 1694 cruor
1074 1648 1152 1693 ex
1209 1624 1589 1704 altaribuS,
1654 1639 1719 1692 et
1775 1625 2011 1695 sordes
2070 1647 2427 1693 caesorum
2487 1626 2910 1694 animantium:

450 1736 690 1782 omnes
737 1728 960 1782 autem
1017 1714 1083 1782 in
1142 1714 1329 1782 omni
1396 1713 1544 1781 loco
1595 1714 1660 1781 in
1705 1713 1953 1781 Christi
2006 1715 2285 1783 nomine
2333 1715 2592 1803 templa
2642 1716 2912 1805 erigebant

450 1805 788 1872 oratoria:
843 1826 998 1871 cum
1056 1808 1520 1871 Romanorum
1556 1858 1570 1882 ,
1615 1802 1733 1889 qni
1785 1815 1948 1870 tunc
1996 1816 2187 1883 erat,
2247 1808 2732 1892 Imperatorem
2779 1802 2912 1893 subiit

452 1892 551 1959 ira
592 1907 654 1960 et
691 1892 971 1971 invidia,
1024 1908 1375 1980 propterea
1425 1891 1606 1977 quod
1662 1890 1828 1960 salsa
1866 1891 2145 1978 quidem
2190 1893 2339 1979 ejus
2392 1894 2612 1981 patria
2658 1891 2911 1981 neglectui

449 1994 626 2050 esset
674 1981 1108 2070 superstitio:
1161 1980 1547 2068 augebatur
1592 1993 1819 2049 autem
1877 1981 2275 2066 mysterium
2317 1981 2911 2061 Christianorum&

452 2091 574 2158 per
624 2083 838 2138 totum
901 2069 1132 2138 orbem
1188 2082 1404 2137 terrae
1455 2068 2051 2158 multiplicabatur
2100 2068 2400 2138 Ecclesia
2432 2124 2448 2145 ‚
2513 2093 2635 2159 per
2686 2092 2808 2145 eos,
2846 2064 2910 2152 qui

449 2180 721 2246 semper
770 2159 969 2227 verbo
1018 2158 1543 2246 adjiciebantur,
1591 2180 1909 2227 crescens
1959 2158 2025 2225 in
2081 2159 2665 2247 magnitudinem.
2711 2165 2909 2227 Etcum

449 2249 905 2316 existimasset
957 2248 1098 2316 fieri
1154 2268 1394 2335 posse,
1466 2258 1542 2315 ut
1608 2247 1879 2313 divinae
1931 2247 2163 2316 virtuti
2229 2269 2351 2315 sua
2415 2250 2753 2318 resisteret
2794 2264 2909 2314 acer·

449 2336 651 2413 hitas‚
708 2349 771 2405 et
819 2337 1216 2426 reprimeret
1262 2335 1541 2423 quidem
1597 2335 1904 2425 mysterii
1942 2335 2546 2424 praedicationem,
2594 2334 2911 2405 dissolveret

449 2440 674 2494 autem
710 2441 943 2495 coctus
984 2425 1466 2498 Ecclesiarum.
1511 2447 1752 2494 rursus
1801 2439 2027 2493 autem
2085 2425 2467 2494 traduceret
2500 2426 2584 2495 ad
2621 2425 2912 2517 simulacta

450 2534 609 2594 eoS,
661 2516 777 2600 qui
828 2515 909 2582 ad
967 2515 1245 2582 verbum
1302 2526 1815 2602 processerant,
1869 2513 1952 2581 ad
2009 2515 2313 2602 gentium
2385 2517 2736 2584 Praesides
2781 2514 2912 2581 mittit

449 2603 710 2680 edicta,
779 2603 1113 2672 terribiles
1170 2602 1494 2692 supplicii
1551 2603 1774 2669 minas
1822 2603 1889 2670 in
1943 2624 2058 2670 eos
2110 2616 2441 2682 statuenS,
2488 2605 2621 2672 nisi
2669 2603 2912 2672 omnibus

450 2692 766 2779 probriS,
845 2692 1282 2760 contumeliis
1348 2705 1412 2759 et
1470 2690 1896 2759 cruciatibus
1954 2691 2302 2760 allicerent
2365 2715 2481 2761 eos
2552 2693 2674 2780 qui
2740 2705 2911 2759 nomen

450 2780 696 2847 Christi
747 2779 1165 2856 adorabant,
1217 2796 1281 2848 et
1332 2793 1584 2849 terrore
1630 2792 1693 2848 et
1742 2780 2166 2850 cruciatibus
2222 2803 2338 2850 eos
2388 2804 2632 2851 rursus
2687 2780 2912 2849 adduce·

451 2882 600 2936 rent
647 2868 730 2936 ad
788 2870 1083 2958 patrium
1134 2868 1396 2937 cultum
1449 2869 1868 2950 daemonum
1918 2868 2010 2937 *⁴2
2064 2874 2427 2955 Postquam
2483 2883 2707 2939 autem
2768 2865 2913 2952 magi·

451 2957 779 3025 stratibus
826 2971 927 3027 est
975 2959 1476 3027 annunciatum
1534 2958 1659 3025 hoc
1724 2956 2126 3026 sceleratum
2182 2970 2246 3026 et
2298 2958 2591 3047 impium
2641 2958 2912 3048 edictum..

449 3067 606 3113 cum
663 3068 783 3135 per
829 3060 1042 3115 totum
1098 3048 1554 3136 pervasissent
1588 3047 1994 3135 Imperium,
2046 3047 2166 3132 qui
2216 3046 2296 3114 ad
2338 3046 2468 3115 boc
2498 3060 2689 3116 erant
2731 3055 2912 3112 constt-

452 3135 576 3202 tuti
627 3158 665 3203 a
702 3136 1057 3223 tyrannica
1108 3136 1556 3204 crudelitate:
1610 3147 1673 3203 et
1722 3136 1788 3202 in
1827 3149 2093 3224 gentem
2141 3136 2487 3205 Ponticam
2537 3139 2595 3205 is
2640 3133 2914 3205 obtinebat

447 3222 874 3293 dominatum
911 3280 926 3307 ,
984 3224 1093 3293 cui
1147 3225 1227 3292 ad
1296 3225 1699 3293 sceleratum
1751 3223 2170 3292 desiderium
2241 3247 2371 3293 non
2436 3225 2662 3294 deerat
2708 3238 2914 3291 summa

447 3328 767 3399 potestaS‚
825 3326 897 3382 ut
935 3313 1051 3399 qui
1090 3313 1418 3382 feritatem
1472 3325 1536 3381 et
1582 3312 2018 3381 acerbitatem
2077 3312 2351 3382 haberet
2394 3314 2916 3404 ingeneratani,et

446 3402 680 3470 odium
727 3403 793 3469 in
844 3424 959 3470 eos
1013 3404 1130 3488 qui
1176 3401 1377 3470 verbo
1412 3401 1866 3480 crediderant,
1922 3402 2006 3470 ab
2055 3424 2132 3469 eo
2185 3401 2458 3491 publice
2511 3399 2911 3490 proscribitur..

444 3509 754 3578 oportere
804 3491 902 3559 vel
958 3490 1156 3558 tidem
1210 3491 1557 3577 abjurare,
1617 3490 1716 3558 vel
1766 3512 1970 3558 omne
2017 3512 2237 3580 genus
2286 3491 2648 3580 suppliciis
2680 3503 2742 3558 et
2786 3503 2915 3554 rnor-

446 3579 629 3647 tibus
678 3579 884 3649 affici.
938 3585 1165 3666 Neque
1213 3579 1400 3648 aliud
1458 3593 1621 3648 tunc
1673 3579 2025 3668 publicum
2080 3593 2199 3649 aut
2234 3581 2576 3670 privatum
2609 3580 2911 3666 quicquam

443 3669 818 3751 agebatur,
871 3682 990 3737 aut
1054 3669 1273 3737 ullum
1346 3668 1725 3754 ponebatur
1787 3668 2093 3736 studium
2148 3670 2233 3737 ab
2291 3669 2378 3737 iis
2432 3671 2550 3757 qui
2607 3665 2911 3737 tractabant

444 3757 747 3844 publica,
781 3779 991 3843 quam
1028 3771 1099 3825 ut
1131 3757 1522 3826 obsiderent
1552 3769 1616 3825 et
1660 3758 1983 3844 punirent
2014 3779 2130 3825 eos
2185 3759 2303 3844 qui
2353 3758 2559 3826 fidem
2604 3754 2910 3841 sequeban-

444 3857 577 3913 tur.
632 3851 837 3915 Erant
886 3860 1108 3915 autem
1167 3868 1296 3915 non
1337 3846 1557 3915 solum
1600 3846 1823 3914 minae
1858 3846 2218 3916 verborum
2265 3847 2618 3925 terribiles,
2654 3843 2755 3912 sed
2792 3855 2904 3905 cum

445 3934 530 4002 iis
581 3936 810 4004 varius
872 3948 1247 4024 apparatus
1308 3935 1809 4023 suppliciorum
1850 3990 1864 4015 ,
1940 3934 2206 4002 nullum
2261 3958 2394 4004 non
2459 3936 2751 4004 afferebat
2803 3940 2904 3995 stu·

443 4045 702 4179 florem,
757 4035 822 4091 et
871 4039 1236 4109 antequam
1292 4025 1636 4091 veniretur
1681 4023 1765 4091 ad
1821 4023 2229 4113 periculum,
2269 4037 2523 4093 metum
2556 4017 2899 4092 incutiebant

495 4112 846 4180 ominibus
896 4135 1117 4191 enseS,
1171 4125 1234 4181 et
1284 4113 1489 4202 igniS‚
1546 4124 1608 4181 et
1660 4112 1937 4192 bestiae,
2003 4125 2066 4181 et
2120 4112 2379 4193 fossae,
2425 4127 2489 4182 et
2527 4113 2898 4180 instrumenta

443 4200 526 4267 ad
584 4201 1037 4287 torquendum
1094 4203 1399 4269 membra
1452 4201 1989 4281 accommodata,
2046 4215 2111 4268 et
2149 4201 2404 4271 ferreae
2446 4203 2509 4271 in
2544 4203 2681 4288 igne
2719 4193 2894 4261 rathe-

447 4288 632 4366 drae,
687 4304 750 4357 et
792 4289 979 4380 ligna
1026 4304 1270 4370 erecta,
1308 4291 1375 4358 in
1415 4291 1671 4376 quibus
1717 4312 1955 4359 eorum
2010 4303 2307 4372 extensa,
2344 4292 2463 4379 qui
2500 4285 2888 4381 persistebant-

494 4445 521 4470 *
552 4446 797 4486 Alexandri
818 4450 1034 4498 Episcopi
1055 4452 1281 4490 comanae
1301 4451 1347 4488 in
1374 4452 1523 4490 Ponto
1548 4451 1593 4490 et
1612 4451 1836 4499 Martyris
1857 4452 2031 4492 festum
2052 4453 2125 4492 die
2145 4450 2393 4493 undecima.
2413 4449 2582 4503 augusti
2599 4444 2824 4489 celebratur-

495 4496 545 4523 *·
572 4499 694 4538 Haec
715 4498 1083 4543 christianorum
1102 4507 1369 4552 persecuto
1390 4516 1416 4544 a
1439 4505 1577 4545 Decio
1596 4507 1892 4554 imperatore,
1912 4516 2031 4545 anuo
2052 4507 2143 4552 250.
2162 4506 2352 4547 decretu
2369 4507 2469 4547 tuit.
