<?xml version="1.0" encoding="UTF-8"?>
<!DOCTYPE html PUBLIC "-//W3C//DTD XHTML 1.0 Transitional//EN"
    "http://www.w3.org/TR/xhtml1/DTD/xhtml1-transitional.dtd">
<html xmlns="http://www.w3.org/1999/xhtml" xml:lang="en" lang="en">
 <head>
  <title>
</title>
<meta http-equiv="Content-Type" content="text/html;charset=utf-8" />
  <meta name='ocr-system' content='tesseract 3.04.00' />
  <meta name='ocr-capabilities' content='ocr_page ocr_carea ocr_par ocr_line ocrx_word'/>
</head>
<body>
  <div class='ocr_page' id='page_1' title='image "./historiaeseuvit05lippgoog_0709.png"; bbox 0 0 2993 4837; ppageno 0'>
   <div class='ocr_carea' id='block_1_1' title="bbox 35 285 2439 355">
    <p class='ocr_par' dir='ltr' id='par_1_1' title="bbox 35 285 2439 355">
     <span class='ocr_line' id='line_1_1' title="bbox 35 285 2439 355; baseline 0.001 -3"><span class='ocrx_word' id='word_1_1' title='bbox 35 285 175 352; x_wconf 57' lang='lat' dir='ltr'><strong>Nox.</strong></span> <span class='ocrx_word' id='word_1_2' title='bbox 227 287 305 350; x_wconf 67' lang='lat'><strong>24</strong></span> <span class='ocrx_word' id='word_1_3' title='bbox 850 307 926 350; x_wconf 72' lang='lat' dir='ltr'><strong>ns</strong></span> <span class='ocrx_word' id='word_1_4' title='bbox 975 305 1030 351; x_wconf 90' lang='lat' dir='ltr'><strong>s.</strong></span> <span class='ocrx_word' id='word_1_5' title='bbox 1079 304 1387 353; x_wconf 65' lang='lat' dir='ltr'><strong>ronrlfflo</strong></span> <span class='ocrx_word' id='word_1_6' title='bbox 1434 307 1672 353; x_wconf 70' lang='lat' dir='ltr'><strong>Anime</strong></span> <span class='ocrx_word' id='word_1_7' title='bbox 2312 292 2439 355; x_wconf 73' lang='lat'><strong>1563</strong></span> 
     </span>
    </p>
   </div>
   <div class='ocr_carea' id='block_1_2' title="bbox 28 388 2551 3310">
    <p class='ocr_par' dir='ltr' id='par_1_2' title="bbox 28 388 2532 1453">
     <span class='ocr_line' id='line_1_2' title="bbox 32 388 2517 477; baseline 0.002 -22"><span class='ocrx_word' id='word_1_8' title='bbox 32 388 340 457; x_wconf 78' lang='lat' dir='ltr'><strong>vasculum</strong></span> <span class='ocrx_word' id='word_1_9' title='bbox 396 388 737 457; x_wconf 86' lang='lat' dir='ltr'><strong>scinditur</strong></span> <span class='ocrx_word' id='word_1_10' title='bbox 778 388 1133 470; x_wconf 87' lang='lat' dir='ltr'><strong>medium,</strong></span> <span class='ocrx_word' id='word_1_11' title='bbox 1191 412 1269 458; x_wconf 88' lang='lat' dir='ltr'><strong>ac</strong></span> <span class='ocrx_word' id='word_1_12' title='bbox 1320 390 1551 458; x_wconf 89' lang='lat' dir='ltr'><strong>vinum</strong></span> <span class='ocrx_word' id='word_1_13' title='bbox 1588 447 1602 470; x_wconf 90' lang='lat'>‚</span> <span class='ocrx_word' id='word_1_14' title='bbox 1655 391 1834 477; x_wconf 83' lang='lat' dir='ltr'><strong>quod</strong></span> <span class='ocrx_word' id='word_1_15' title='bbox 1893 392 2064 460; x_wconf 87' lang='lat' dir='ltr'><strong>intra</strong></span> <span class='ocrx_word' id='word_1_16' title='bbox 2119 392 2517 470; x_wconf 88' lang='lat' dir='ltr'><strong>tenebatur,</strong></span> 
     </span>
     <span class='ocr_line' id='line_1_3' title="bbox 32 477 2527 567; baseline 0.002 -25"><span class='ocrx_word' id='word_1_17' title='bbox 32 500 150 547; x_wconf 71' lang='lat' dir='ltr'><strong>rum</strong></span> <span class='ocrx_word' id='word_1_18' title='bbox 215 477 553 548; x_wconf 88' lang='lat' dir='ltr'><strong>immenso</strong></span> <span class='ocrx_word' id='word_1_19' title='bbox 613 491 925 567; x_wconf 78' lang='lat' dir='ltr'><strong>serpente</strong></span> <span class='ocrx_word' id='word_1_20' title='bbox 992 491 1206 547; x_wconf 89' lang='lat' dir='ltr'><strong>terrae</strong></span> <span class='ocrx_word' id='word_1_21' title='bbox 1268 477 1702 547; x_wconf 83' lang='lat' dir='ltr'><strong>diffunditur.</strong></span> <span class='ocrx_word' id='word_1_22' title='bbox 1760 479 1950 561; x_wconf 87' lang='lat' dir='ltr'><strong>Quod</strong></span> <span class='ocrx_word' id='word_1_23' title='bbox 2001 492 2356 549; x_wconf 77' lang='lat' dir='ltr'>cernentes</span> <span class='ocrx_word' id='word_1_24' title='bbox 2409 483 2527 567; x_wconf 92' lang='lat' dir='ltr'><strong>qui</strong></span> 
     </span>
     <span class='ocr_line' id='line_1_4' title="bbox 33 566 2531 656; baseline 0.002 -24"><span class='ocrx_word' id='word_1_25' title='bbox 33 568 536 644; x_wconf 76' lang='lat' dir='ltr'><strong>aderant‚·tnetu</strong></span> <span class='ocrx_word' id='word_1_26' title='bbox 589 566 926 644; x_wconf 83' lang='lat' dir='ltr'><strong>exterriti,</strong></span> <span class='ocrx_word' id='word_1_27' title='bbox 981 567 1065 635; x_wconf 87' lang='lat' dir='ltr'><strong>ad</strong></span> <span class='ocrx_word' id='word_1_28' title='bbox 1120 567 1323 656; x_wconf 90' lang='lat' dir='ltr'><strong>pedes</strong></span> <span class='ocrx_word' id='word_1_29' title='bbox 1374 567 1546 635; x_wconf 90' lang='lat' dir='ltr'><strong>beati</strong></span> <span class='ocrx_word' id='word_1_30' title='bbox 1599 568 1732 635; x_wconf 86' lang='lat' dir='ltr'><strong>Viri</strong></span> <span class='ocrx_word' id='word_1_31' title='bbox 1787 567 2156 648; x_wconf 89' lang='lat' dir='ltr'><strong>decidunt,</strong></span> <span class='ocrx_word' id='word_1_32' title='bbox 2215 568 2531 638; x_wconf 88' lang='lat' dir='ltr'><strong>lambunt</strong></span> 
     </span>
     <span class='ocr_line' id='line_1_5' title="bbox 34 654 2524 743; baseline 0.003 -27"><span class='ocrx_word' id='word_1_33' title='bbox 34 655 292 743; x_wconf 81' lang='lat' dir='ltr'><strong>vestigia,</strong></span> <span class='ocrx_word' id='word_1_34' title='bbox 346 654 752 723; x_wconf 85' lang='lat' dir='ltr'><strong>osculantur</strong></span> <span class='ocrx_word' id='word_1_35' title='bbox 796 667 860 724; x_wconf 90' lang='lat' dir='ltr'><strong>et</strong></span> <span class='ocrx_word' id='word_1_36' title='bbox 896 655 1208 742; x_wconf 88' lang='lat' dir='ltr'><strong>plantas:</strong></span> <span class='ocrx_word' id='word_1_37' title='bbox 1267 657 1607 724; x_wconf 88' lang='lat' dir='ltr'><strong>mirantur</strong></span> <span class='ocrx_word' id='word_1_38' title='bbox 1654 678 1893 724; x_wconf 88' lang='lat' dir='ltr'><strong>omnes</strong></span> <span class='ocrx_word' id='word_1_39' title='bbox 1934 658 2247 725; x_wconf 83' lang='lat' dir='ltr'><strong>virtutem</strong></span> <span class='ocrx_word' id='word_1_40' title='bbox 2292 658 2478 726; x_wconf 88' lang='lat' dir='ltr'><strong>senis</strong></span> <span class='ocrx_word' id='word_1_41' title='bbox 2509 712 2524 734; x_wconf 83' lang='lat'><em>,</em></span> 
     </span>
     <span class='ocr_line' id='line_1_6' title="bbox 32 743 2526 833; baseline 0.002 -24"><span class='ocrx_word' id='word_1_42' title='bbox 32 744 327 811; x_wconf 84' lang='lat' dir='ltr'><strong>mirantur</strong></span> <span class='ocrx_word' id='word_1_43' title='bbox 359 756 426 811; x_wconf 91' lang='lat' dir='ltr'><strong>et</strong></span> <span class='ocrx_word' id='word_1_44' title='bbox 465 765 536 812; x_wconf 90' lang='lat' dir='ltr'><strong>se</strong></span> <span class='ocrx_word' id='word_1_45' title='bbox 574 743 661 812; x_wconf 89' lang='lat' dir='ltr'><strong>ab</strong></span> <span class='ocrx_word' id='word_1_46' title='bbox 696 744 911 829; x_wconf 88' lang='lat' dir='ltr'><strong>iniqui</strong></span> <span class='ocrx_word' id='word_1_47' title='bbox 964 745 1214 833; x_wconf 79' lang='lat' dir='ltr'>anguis</span> <span class='ocrx_word' id='word_1_48' title='bbox 1264 745 1414 813; x_wconf 88' lang='lat' dir='ltr'><strong>viru</strong></span> <span class='ocrx_word' id='word_1_49' title='bbox 1447 744 1781 813; x_wconf 89' lang='lat' dir='ltr'><strong>divinitus</strong></span> <span class='ocrx_word' id='word_1_50' title='bbox 1827 745 2038 814; x_wconf 83' lang='lat' dir='ltr'><strong>fuisse</strong></span> <span class='ocrx_word' id='word_1_51' title='bbox 2082 745 2396 814; x_wconf 83' lang='lat' dir='ltr'><strong>salvatos.</strong></span> <span class='ocrx_word' id='word_1_52' title='bbox 2436 747 2526 815; x_wconf 75' lang='lat' dir='ltr'><strong>Ad</strong></span> 
     </span>
     <span class='ocr_line' id='line_1_7' title="bbox 28 831 2532 912; baseline 0.002 -15"><span class='ocrx_word' id='word_1_53' title='bbox 28 831 172 899; x_wconf 84' lang='lat' dir='ltr'><strong>istud</strong></span> <span class='ocrx_word' id='word_1_54' title='bbox 213 831 623 900; x_wconf 82' lang='lat' dir='ltr'><strong>miraculum</strong></span> <span class='ocrx_word' id='word_1_55' title='bbox 656 834 1004 901; x_wconf 75' lang='lat' dir='ltr'><strong>concurrit</strong></span> <span class='ocrx_word' id='word_1_56' title='bbox 1031 833 1259 902; x_wconf 87' lang='lat' dir='ltr'><strong>omnis</strong></span> <span class='ocrx_word' id='word_1_57' title='bbox 1285 834 1644 912; x_wconf 86' lang='lat' dir='ltr'><strong>exercitus,</strong></span> <span class='ocrx_word' id='word_1_58' title='bbox 1675 831 1877 900; x_wconf 82' lang='lat' dir='ltr'><strong>vallat</strong></span> <span class='ocrx_word' id='word_1_59' title='bbox 1907 833 2273 902; x_wconf 90' lang='lat' dir='ltr'><strong>multitudo</strong></span> <span class='ocrx_word' id='word_1_60' title='bbox 2303 835 2532 903; x_wconf 86' lang='lat' dir='ltr'><strong>omnis</strong></span> 
     </span>
     <span class='ocr_line' id='line_1_8' title="bbox 28 921 2532 1010; baseline 0.002 -22"><span class='ocrx_word' id='word_1_61' title='bbox 28 922 261 988; x_wconf 86' lang='lat' dir='ltr'><strong>beatum</strong></span> <span class='ocrx_word' id='word_1_62' title='bbox 322 921 554 988; x_wconf 82' lang='lat' dir='ltr'><strong>Virum</strong></span> <span class='ocrx_word' id='word_1_63' title='bbox 594 975 608 1000; x_wconf 95' lang='lat'><strong><em>‚</em></strong></span> <span class='ocrx_word' id='word_1_64' title='bbox 662 922 950 1009; x_wconf 87' lang='lat' dir='ltr'><strong>cupiens</strong></span> <span class='ocrx_word' id='word_1_65' title='bbox 995 922 1149 1007; x_wconf 68' lang='lat' dir='ltr'><strong>ejns&#39;</strong></span> <span class='ocrx_word' id='word_1_66' title='bbox 1197 921 1508 990; x_wconf 90' lang='lat' dir='ltr'><strong>fimbrias</strong></span> <span class='ocrx_word' id='word_1_67' title='bbox 1559 943 1772 990; x_wconf 91' lang='lat' dir='ltr'><strong>manu</strong></span> <span class='ocrx_word' id='word_1_68' title='bbox 1820 933 2132 1010; x_wconf 83' lang='lat' dir='ltr'><strong>tangere,</strong></span> <span class='ocrx_word' id='word_1_69' title='bbox 2171 923 2244 990; x_wconf 80' lang='lat' dir='ltr'><strong>si</strong></span> <span class='ocrx_word' id='word_1_70' title='bbox 2295 922 2532 993; x_wconf 90' lang='lat' dir='ltr'><strong>osculo</strong></span> 
     </span>
     <span class='ocr_line' id='line_1_9' title="bbox 28 1006 2529 1097; baseline 0.002 -23"><span class='ocrx_word' id='word_1_71' title='bbox 28 1006 320 1076; x_wconf 86' lang='lat' dir='ltr'><strong>bonorare</strong></span> <span class='ocrx_word' id='word_1_72' title='bbox 369 1030 505 1076; x_wconf 93' lang='lat' dir='ltr'><strong>non</strong></span> <span class='ocrx_word' id='word_1_73' title='bbox 564 1021 842 1097; x_wconf 87' lang='lat' dir='ltr'><strong>poterat.</strong></span> <span class='ocrx_word' id='word_1_74' title='bbox 898 1014 972 1078; x_wconf 89' lang='lat' dir='ltr'><strong>Et</strong></span> <span class='ocrx_word' id='word_1_75' title='bbox 1006 1015 1141 1078; x_wconf 84' lang='lat' dir='ltr'><strong>Rex</strong></span> <span class='ocrx_word' id='word_1_76' title='bbox 1190 1009 1378 1078; x_wconf 80' lang='lat' dir='ltr'><strong>exilit</strong></span> <span class='ocrx_word' id='word_1_77' title='bbox 1410 1009 1492 1078; x_wconf 94' lang='lat' dir='ltr'><strong>de</strong></span> <span class='ocrx_word' id='word_1_78' title='bbox 1533 1022 1752 1079; x_wconf 85' lang='lat' dir='ltr'><strong>stratu</strong></span> <span class='ocrx_word' id='word_1_79' title='bbox 1783 1031 1930 1087; x_wconf 89' lang='lat' dir='ltr'><strong>suo,</strong></span> <span class='ocrx_word' id='word_1_80' title='bbox 1972 1011 2409 1096; x_wconf 87' lang='lat' dir='ltr'><strong>accurritque</strong></span> <span class='ocrx_word' id='word_1_81' title='bbox 2443 1011 2529 1081; x_wconf 87' lang='lat' dir='ltr'><strong>ad</strong></span> 
     </span>
     <span class='ocr_line' id='line_1_10' title="bbox 28 1095 2531 1188; baseline 0.002 -26"><span class='ocrx_word' id='word_1_82' title='bbox 28 1095 173 1164; x_wconf 87' lang='lat' dir='ltr'><strong>beati</strong></span> <span class='ocrx_word' id='word_1_83' title='bbox 220 1097 636 1166; x_wconf 71' lang='lat' dir='ltr'><strong>confessoris</strong></span> <span class='ocrx_word' id='word_1_84' title='bbox 685 1097 1091 1175; x_wconf 84' lang='lat' dir='ltr'><strong>adventum,·</strong></span> <span class='ocrx_word' id='word_1_85' title='bbox 1136 1097 1390 1184; x_wconf 89' lang='lat' dir='ltr'><strong>illoque</strong></span> <span class='ocrx_word' id='word_1_86' title='bbox 1431 1111 1713 1178; x_wconf 88' lang='lat' dir='ltr'><strong>tacente,</strong></span> <span class='ocrx_word' id='word_1_87' title='bbox 1760 1110 2067 1179; x_wconf 87' lang='lat' dir='ltr'><strong>cunctos,</strong></span> <span class='ocrx_word' id='word_1_88' title='bbox 2114 1120 2287 1185; x_wconf 91' lang='lat' dir='ltr'><strong>quos</strong></span> <span class='ocrx_word' id='word_1_89' title='bbox 2338 1122 2531 1188; x_wconf 89' lang='lat' dir='ltr'><strong>repe-</strong></span> 
     </span>
     <span class='ocr_line' id='line_1_11' title="bbox 32 1183 2531 1275; baseline 0.003 -25"><span class='ocrx_word' id='word_1_90' title='bbox 32 1183 208 1263; x_wconf 86' lang='lat' dir='ltr'><strong>tebat,</strong></span> <span class='ocrx_word' id='word_1_91' title='bbox 266 1186 571 1275; x_wconf 89' lang='lat' dir='ltr'><strong>captivos</strong></span> <span class='ocrx_word' id='word_1_92' title='bbox 620 1187 931 1264; x_wconf 84' lang='lat' dir='ltr'><strong>absolvit,</strong></span> <span class='ocrx_word' id='word_1_93' title='bbox 985 1199 1050 1255; x_wconf 87' lang='lat' dir='ltr'><strong>et</strong></span> <span class='ocrx_word' id='word_1_94' title='bbox 1098 1186 1397 1273; x_wconf 88' lang='lat' dir='ltr'><strong>reliquos</strong></span> <span class='ocrx_word' id='word_1_95' title='bbox 1444 1184 1792 1275; x_wconf 78' lang='lat' dir='ltr'><strong>deincepS,</strong></span> <span class='ocrx_word' id='word_1_96' title='bbox 1847 1199 1923 1255; x_wconf 91' lang='lat' dir='ltr'><strong>ut</strong></span> <span class='ocrx_word' id='word_1_97' title='bbox 1970 1186 2206 1268; x_wconf 84' lang='lat' dir='ltr'><strong>voluit,</strong></span> <span class='ocrx_word' id='word_1_98' title='bbox 2248 1188 2346 1256; x_wconf 87' lang='lat' dir='ltr'><strong>sic</strong></span> <span class='ocrx_word' id='word_1_99' title='bbox 2398 1201 2531 1257; x_wconf 90' lang='lat' dir='ltr'><strong>tra-</strong></span> 
     </span>
     <span class='ocr_line' id='line_1_12' title="bbox 32 1273 2526 1366; baseline 0.002 -28"><span class='ocrx_word' id='word_1_100' title='bbox 32 1273 216 1342; x_wconf 82' lang='lat' dir='ltr'><strong>ctavit.</strong></span> <span class='ocrx_word' id='word_1_101' title='bbox 269 1273 529 1362; x_wconf 82' lang='lat' dir='ltr'>Duplex</span> <span class='ocrx_word' id='word_1_102' title='bbox 564 1274 655 1343; x_wconf 90' lang='lat' dir='ltr'><strong>ibi</strong></span> <span class='ocrx_word' id='word_1_103' title='bbox 696 1274 1133 1352; x_wconf 81' lang='lat' dir='ltr'><strong>beneficium,</strong></span> <span class='ocrx_word' id='word_1_104' title='bbox 1196 1276 1482 1344; x_wconf 88' lang='lat' dir='ltr'><strong>Domino</strong></span> <span class='ocrx_word' id='word_1_105' title='bbox 1529 1288 1957 1364; x_wconf 80' lang='lat' dir='ltr'><strong>cooperante,</strong></span> <span class='ocrx_word' id='word_1_106' title='bbox 2005 1275 2327 1366; x_wconf 87' lang='lat' dir='ltr'><strong>largitum</strong></span> <span class='ocrx_word' id='word_1_107' title='bbox 2380 1291 2526 1345; x_wconf 89' lang='lat' dir='ltr'><strong>est:</strong></span> 
     </span>
     <span class='ocr_line' id='line_1_13' title="bbox 34 1361 2313 1453; baseline 0.002 -27"><span class='ocrx_word' id='word_1_108' title='bbox 34 1382 157 1428; x_wconf 86' lang='lat' dir='ltr'><strong>nam</strong></span> <span class='ocrx_word' id='word_1_109' title='bbox 204 1375 263 1429; x_wconf 83' lang='lat' dir='ltr'><strong>et</strong></span> <span class='ocrx_word' id='word_1_110' title='bbox 300 1361 453 1432; x_wconf 89' lang='lat' dir='ltr'><strong>illos</strong></span> <span class='ocrx_word' id='word_1_111' title='bbox 489 1386 527 1430; x_wconf 89' lang='lat' dir='ltr'><strong>a</strong></span> <span class='ocrx_word' id='word_1_112' title='bbox 568 1376 781 1433; x_wconf 88' lang='lat' dir='ltr'><strong>morte</strong></span> <span class='ocrx_word' id='word_1_113' title='bbox 811 1365 1012 1438; x_wconf 83' lang='lat' dir='ltr'><strong>eruit,</strong></span> <span class='ocrx_word' id='word_1_114' title='bbox 1051 1375 1116 1432; x_wconf 93' lang='lat' dir='ltr'><strong>et</strong></span> <span class='ocrx_word' id='word_1_115' title='bbox 1157 1366 1280 1433; x_wconf 76' lang='lat' dir='ltr'><strong>lios</strong></span> <span class='ocrx_word' id='word_1_116' title='bbox 1327 1387 1364 1432; x_wconf 90' lang='lat' dir='ltr'><strong>a</strong></span> <span class='ocrx_word' id='word_1_117' title='bbox 1392 1364 1567 1453; x_wconf 82' lang='lat' dir='ltr'><strong>jugo</strong></span> <span class='ocrx_word' id='word_1_118' title='bbox 1599 1364 2012 1452; x_wconf 87' lang='lat' dir='ltr'><strong>captivitatis</strong></span> <span class='ocrx_word' id='word_1_119' title='bbox 2046 1365 2313 1433; x_wconf 83' lang='lat' dir='ltr'><strong>exemit.</strong></span> 
     </span>
    </p>

    <p class='ocr_par' dir='ltr' id='par_1_3' title="bbox 36 1451 2546 2872">
     <span class='ocr_line' id='line_1_14' title="bbox 102 1451 2534 1548; baseline 0 -27"><span class='ocrx_word' id='word_1_120' title='bbox 102 1451 246 1548; x_wconf 53' lang='lat'><strong>§⁵</strong></span> <span class='ocrx_word' id='word_1_121' title='bbox 302 1457 430 1520; x_wconf 91' lang='lat' dir='ltr'><strong>Nec</strong></span> <span class='ocrx_word' id='word_1_122' title='bbox 484 1453 851 1540; x_wconf 86' lang='lat' dir='ltr'><strong>praeterire</strong></span> <span class='ocrx_word' id='word_1_123' title='bbox 913 1452 1145 1532; x_wconf 88' lang='lat' dir='ltr'><strong>volui,</strong></span> <span class='ocrx_word' id='word_1_124' title='bbox 1217 1452 1399 1539; x_wconf 89' lang='lat' dir='ltr'><strong>quod</strong></span> <span class='ocrx_word' id='word_1_125' title='bbox 1450 1474 1606 1522; x_wconf 90' lang='lat' dir='ltr'><strong>eum</strong></span> <span class='ocrx_word' id='word_1_126' title='bbox 1671 1452 1988 1522; x_wconf 87' lang='lat' dir='ltr'><strong>diabolus</strong></span> <span class='ocrx_word' id='word_1_127' title='bbox 2048 1452 2337 1522; x_wconf 87' lang='lat' dir='ltr'><strong>diversis</strong></span> <span class='ocrx_word' id='word_1_128' title='bbox 2387 1476 2534 1522; x_wconf 87' lang='lat' dir='ltr'><strong>ma-</strong></span> 
     </span>
     <span class='ocr_line' id='line_1_15' title="bbox 36 1536 2530 1631; baseline 0.004 -28"><span class='ocrx_word' id='word_1_129' title='bbox 36 1536 222 1607; x_wconf 81' lang='lat' dir='ltr'><strong>chinis</strong></span> <span class='ocrx_word' id='word_1_130' title='bbox 266 1552 555 1609; x_wconf 89' lang='lat' dir='ltr'><strong>conatus</strong></span> <span class='ocrx_word' id='word_1_131' title='bbox 606 1540 937 1618; x_wconf 82' lang='lat' dir='ltr'><strong>illudere,</strong></span> <span class='ocrx_word' id='word_1_132' title='bbox 994 1562 1152 1610; x_wconf 90' lang='lat' dir='ltr'><strong>cum</strong></span> <span class='ocrx_word' id='word_1_133' title='bbox 1215 1541 1463 1610; x_wconf 89' lang='lat' dir='ltr'><strong>videret</strong></span> <span class='ocrx_word' id='word_1_134' title='bbox 1531 1563 1600 1610; x_wconf 89' lang='lat' dir='ltr'><strong>se</strong></span> <span class='ocrx_word' id='word_1_135' title='bbox 1655 1541 1828 1610; x_wconf 89' lang='lat' dir='ltr'><strong>nihil</strong></span> <span class='ocrx_word' id='word_1_136' title='bbox 1877 1543 1935 1610; x_wconf 90' lang='lat' dir='ltr'><strong>ei</strong></span> <span class='ocrx_word' id='word_1_137' title='bbox 1991 1563 2189 1631; x_wconf 90' lang='lat' dir='ltr'><strong>posse</strong></span> <span class='ocrx_word' id='word_1_138' title='bbox 2240 1563 2478 1612; x_wconf 90' lang='lat' dir='ltr'><strong>nocere</strong></span> <span class='ocrx_word' id='word_1_139' title='bbox 2514 1596 2530 1627; x_wconf 85' lang='lat'><strong>,</strong></span> 
     </span>
     <span class='ocr_line' id='line_1_16' title="bbox 38 1626 2530 1721; baseline 0.003 -31"><span class='ocrx_word' id='word_1_140' title='bbox 38 1626 382 1697; x_wconf 77' lang='lat' dir='ltr'><strong>visibilibus</strong></span> <span class='ocrx_word' id='word_1_141' title='bbox 427 1650 588 1697; x_wconf 90' lang='lat' dir='ltr'><strong>eum</strong></span> <span class='ocrx_word' id='word_1_142' title='bbox 638 1630 913 1719; x_wconf 89' lang='lat' dir='ltr'><strong>proeliis</strong></span> <span class='ocrx_word' id='word_1_143' title='bbox 959 1642 1061 1698; x_wconf 89' lang='lat' dir='ltr'><strong>est</strong></span> <span class='ocrx_word' id='word_1_144' title='bbox 1107 1651 1496 1721; x_wconf 82' lang='lat' dir='ltr'><strong>aggressus.</strong></span> <span class='ocrx_word' id='word_1_145' title='bbox 1556 1634 1719 1699; x_wconf 88' lang='lat' dir='ltr'><strong>Nam</strong></span> <span class='ocrx_word' id='word_1_146' title='bbox 1773 1644 1968 1700; x_wconf 88' lang='lat' dir='ltr'><strong>nocte</strong></span> <span class='ocrx_word' id='word_1_147' title='bbox 2016 1629 2311 1717; x_wconf 84' lang='lat' dir='ltr'><strong>quadam</strong></span> <span class='ocrx_word' id='word_1_148' title='bbox 2363 1631 2530 1699; x_wconf 89' lang='lat' dir='ltr'><strong>dum</strong></span> 
     </span>
     <span class='ocr_line' id='line_1_17' title="bbox 38 1716 2539 1808; baseline 0.002 -28"><span class='ocrx_word' id='word_1_149' title='bbox 38 1735 92 1808; x_wconf 72' lang='lat' dir='ltr'><strong>se</strong></span> <span class='ocrx_word' id='word_1_150' title='bbox 124 1718 328 1804; x_wconf 87' lang='lat' dir='ltr'><strong>sopori</strong></span> <span class='ocrx_word' id='word_1_151' title='bbox 357 1716 684 1798; x_wconf 80' lang='lat' dir='ltr'>dedisset,</span> <span class='ocrx_word' id='word_1_152' title='bbox 719 1719 948 1787; x_wconf 88' lang='lat' dir='ltr'><strong>subito</strong></span> <span class='ocrx_word' id='word_1_153' title='bbox 979 1719 1516 1808; x_wconf 82' lang='lat' dir='ltr'><strong>expergefactus,</strong></span> <span class='ocrx_word' id='word_1_154' title='bbox 1552 1719 1716 1787; x_wconf 90' lang='lat' dir='ltr'><strong>vidit</strong></span> <span class='ocrx_word' id='word_1_155' title='bbox 1745 1718 2062 1788; x_wconf 89' lang='lat' dir='ltr'><strong>cellulam</strong></span> <span class='ocrx_word' id='word_1_156' title='bbox 2110 1741 2306 1788; x_wconf 88' lang='lat' dir='ltr'><strong>suam</strong></span> <span class='ocrx_word' id='word_1_157' title='bbox 2338 1720 2539 1807; x_wconf 81' lang='lat' dir='ltr'><strong>quasi</strong></span> 
     </span>
     <span class='ocr_line' id='line_1_18' title="bbox 37 1804 2533 1897; baseline 0.004 -30"><span class='ocrx_word' id='word_1_158' title='bbox 37 1804 310 1873; x_wconf 77' lang='lat' dir='ltr'><strong>incendio</strong></span> <span class='ocrx_word' id='word_1_159' title='bbox 342 1828 807 1887; x_wconf 88' lang='lat' dir='ltr'><strong>concremare,</strong></span> <span class='ocrx_word' id='word_1_160' title='bbox 846 1828 1356 1896; x_wconf 82' lang='lat' dir='ltr'><strong>exsurgensque</strong></span> <span class='ocrx_word' id='word_1_161' title='bbox 1391 1808 1788 1896; x_wconf 91' lang='lat' dir='ltr'><strong>perterritus</strong></span> <span class='ocrx_word' id='word_1_162' title='bbox 1816 1809 2064 1877; x_wconf 87' lang='lat' dir='ltr'><strong>ostium</strong></span> <span class='ocrx_word' id='word_1_163' title='bbox 2100 1809 2309 1897; x_wconf 90' lang='lat' dir='ltr'><strong>petiit.</strong></span> <span class='ocrx_word' id='word_1_164' title='bbox 2343 1807 2533 1892; x_wconf 86' lang='lat' dir='ltr'><strong>Quod</strong></span> 
     </span>
     <span class='ocr_line' id='line_1_19' title="bbox 42 1897 2539 1986; baseline 0.003 -29"><span class='ocrx_word' id='word_1_165' title='bbox 42 1910 164 1958; x_wconf 83' lang='lat' dir='ltr'><strong>cum</strong></span> <span class='ocrx_word' id='word_1_166' title='bbox 214 1914 508 1965; x_wconf 86' lang='lat' dir='ltr'><strong>reserare</strong></span> <span class='ocrx_word' id='word_1_167' title='bbox 547 1898 879 1982; x_wconf 88' lang='lat' dir='ltr'><strong>nequiret,</strong></span> <span class='ocrx_word' id='word_1_168' title='bbox 937 1897 1004 1964; x_wconf 89' lang='lat' dir='ltr'><strong>in</strong></span> <span class='ocrx_word' id='word_1_169' title='bbox 1055 1897 1359 1965; x_wconf 90' lang='lat' dir='ltr'><strong>oratione</strong></span> <span class='ocrx_word' id='word_1_170' title='bbox 1412 1897 1887 1986; x_wconf 88' lang='lat' dir='ltr'><strong>prosternitur,</strong></span> <span class='ocrx_word' id='word_1_171' title='bbox 1927 1897 2202 1985; x_wconf 83' lang='lat' dir='ltr'><strong>signum</strong></span> <span class='ocrx_word' id='word_1_172' title='bbox 2241 1897 2539 1966; x_wconf 89' lang='lat' dir='ltr'><strong>salutare</strong></span> 
     </span>
     <span class='ocr_line' id='line_1_20' title="bbox 42 1984 2539 2074; baseline 0.004 -31"><span class='ocrx_word' id='word_1_173' title='bbox 42 1998 228 2047; x_wconf 81' lang='lat' dir='ltr'><strong>coram</strong></span> <span class='ocrx_word' id='word_1_174' title='bbox 278 2005 368 2062; x_wconf 87' lang='lat' dir='ltr'><strong>se,</strong></span> <span class='ocrx_word' id='word_1_175' title='bbox 424 1996 490 2054; x_wconf 90' lang='lat' dir='ltr'><strong>et</strong></span> <span class='ocrx_word' id='word_1_176' title='bbox 537 1985 799 2054; x_wconf 88' lang='lat' dir='ltr'><strong>circum</strong></span> <span class='ocrx_word' id='word_1_177' title='bbox 855 2008 925 2054; x_wconf 88' lang='lat' dir='ltr'><strong>se</strong></span> <span class='ocrx_word' id='word_1_178' title='bbox 972 1984 1254 2065; x_wconf 77' lang='lat' dir='ltr'><strong>facienS,</strong></span> <span class='ocrx_word' id='word_1_179' title='bbox 1318 2008 1395 2054; x_wconf 88' lang='lat' dir='ltr'><strong>ac</strong></span> <span class='ocrx_word' id='word_1_180' title='bbox 1449 1988 1760 2074; x_wconf 89' lang='lat' dir='ltr'><strong>protinus</strong></span> <span class='ocrx_word' id='word_1_181' title='bbox 1813 1984 2171 2073; x_wconf 78' lang='lat' dir='ltr'><strong>phantasia</strong></span> <span class='ocrx_word' id='word_1_182' title='bbox 2223 1985 2539 2053; x_wconf 86' lang='lat' dir='ltr'><strong>flamma-</strong></span> 
     </span>
     <span class='ocr_line' id='line_1_21' title="bbox 46 2063 2541 2162; baseline 0.005 -32"><span class='ocrx_word' id='word_1_183' title='bbox 46 2086 188 2148; x_wconf 79' lang='lat' dir='ltr'><strong>rum,</strong></span> <span class='ocrx_word' id='word_1_184' title='bbox 241 2091 411 2157; x_wconf 86' lang='lat' dir='ltr'><strong>quae</strong></span> <span class='ocrx_word' id='word_1_185' title='bbox 469 2087 929 2162; x_wconf 80' lang='lat' dir='ltr'><strong>apparuerat,</strong></span> <span class='ocrx_word' id='word_1_186' title='bbox 986 2074 1293 2153; x_wconf 89' lang='lat' dir='ltr'><strong>evanuit,</strong></span> <span class='ocrx_word' id='word_1_187' title='bbox 1347 2074 1801 2162; x_wconf 84' lang='lat' dir='ltr'><strong>cognovitque</strong></span> <span class='ocrx_word' id='word_1_188' title='bbox 1848 2063 1975 2142; x_wconf 74' lang='lat' dir='ltr'><strong>hoc</strong></span> <span class='ocrx_word' id='word_1_189' title='bbox 2022 2072 2280 2141; x_wconf 86' lang='lat' dir='ltr'><strong>diaboli</strong></span> <span class='ocrx_word' id='word_1_190' title='bbox 2327 2073 2541 2143; x_wconf 84' lang='lat' dir='ltr'><strong>fuisse</strong></span> 
     </span>
     <span class='ocr_line' id='line_1_22' title="bbox 51 2152 2536 2250; baseline 0.004 -33"><span class='ocrx_word' id='word_1_191' title='bbox 51 2152 360 2227; x_wconf 79' lang='lat' dir='ltr'><strong>fallaciam.</strong></span> <span class='ocrx_word' id='word_1_192' title='bbox 420 2161 496 2229; x_wconf 91' lang='lat' dir='ltr'><strong>Id</strong></span> <span class='ocrx_word' id='word_1_193' title='bbox 549 2163 773 2230; x_wconf 88' lang='lat' dir='ltr'><strong>statim</strong></span> <span class='ocrx_word' id='word_1_194' title='bbox 819 2162 1188 2231; x_wconf 84' lang='lat' dir='ltr'><strong>revelatum</strong></span> <span class='ocrx_word' id='word_1_195' title='bbox 1224 2174 1324 2231; x_wconf 88' lang='lat' dir='ltr'><strong>est</strong></span> <span class='ocrx_word' id='word_1_196' title='bbox 1358 2163 1554 2231; x_wconf 88' lang='lat' dir='ltr'><strong>beato</strong></span> <span class='ocrx_word' id='word_1_197' title='bbox 1589 2162 1957 2238; x_wconf 86' lang='lat' dir='ltr'><strong>Prothasio‚</strong></span> <span class='ocrx_word' id='word_1_198' title='bbox 1996 2162 2113 2247; x_wconf 87' lang='lat' dir='ltr'><strong>qui</strong></span> <span class='ocrx_word' id='word_1_199' title='bbox 2158 2175 2319 2230; x_wconf 90' lang='lat' dir='ltr'><strong>tunc</strong></span> <span class='ocrx_word' id='word_1_200' title='bbox 2354 2162 2536 2250; x_wconf 89' lang='lat' dir='ltr'><strong>apud</strong></span> 
     </span>
     <span class='ocr_line' id='line_1_23' title="bbox 56 2244 2538 2332; baseline 0.004 -26"><span class='ocrx_word' id='word_1_201' title='bbox 56 2244 551 2318; x_wconf 76' lang='lat' dir='ltr'><strong>Candidobrense</strong></span> <span class='ocrx_word' id='word_1_202' title='bbox 588 2251 1072 2319; x_wconf 80' lang='lat' dir='ltr'><strong>monasterium</strong></span> <span class='ocrx_word' id='word_1_203' title='bbox 1127 2250 1508 2319; x_wconf 84' lang='lat' dir='ltr'><strong>habebatur</strong></span> <span class='ocrx_word' id='word_1_204' title='bbox 1537 2251 1869 2319; x_wconf 85' lang='lat' dir='ltr'><strong>reclusus.</strong></span> <span class='ocrx_word' id='word_1_205' title='bbox 1917 2252 2228 2332; x_wconf 84' lang='lat' dir='ltr'><strong>Quicum</strong></span> <span class='ocrx_word' id='word_1_206' title='bbox 2268 2265 2538 2318; x_wconf 87' lang='lat' dir='ltr'><strong>summa</strong></span> 
     </span>
     <span class='ocr_line' id='line_1_24' title="bbox 56 2329 2544 2429; baseline 0.004 -34"><span class='ocrx_word' id='word_1_207' title='bbox 56 2329 425 2406; x_wconf 82' lang='lat' dir='ltr'><strong>festinatione</strong></span> <span class='ocrx_word' id='word_1_208' title='bbox 480 2338 891 2407; x_wconf 86' lang='lat' dir='ltr'><strong>monachum</strong></span> <span class='ocrx_word' id='word_1_209' title='bbox 944 2361 1023 2407; x_wconf 80' lang='lat' dir='ltr'><strong>ex</strong></span> <span class='ocrx_word' id='word_1_210' title='bbox 1071 2338 1314 2407; x_wconf 89' lang='lat' dir='ltr'><strong>cellula</strong></span> <span class='ocrx_word' id='word_1_211' title='bbox 1369 2362 1493 2408; x_wconf 84' lang='lat' dir='ltr'><strong>sua</strong></span> <span class='ocrx_word' id='word_1_212' title='bbox 1545 2339 1624 2407; x_wconf 88' lang='lat' dir='ltr'><strong>ad</strong></span> <span class='ocrx_word' id='word_1_213' title='bbox 1679 2338 1951 2407; x_wconf 81' lang='lat' dir='ltr'><strong>fratrem</strong></span> <span class='ocrx_word' id='word_1_214' title='bbox 1998 2339 2324 2429; x_wconf 78' lang='lat' dir='ltr'><strong>dirigenS‚</strong></span> <span class='ocrx_word' id='word_1_215' title='bbox 2387 2339 2544 2406; x_wconf 81' lang='lat' dir='ltr'><strong>lior-</strong></span> 
     </span>
     <span class='ocr_line' id='line_1_25' title="bbox 55 2427 2546 2517; baseline 0.005 -34"><span class='ocrx_word' id='word_1_216' title='bbox 55 2430 193 2492; x_wconf 82' lang='lat' dir='ltr'><strong>tatus</strong></span> <span class='ocrx_word' id='word_1_217' title='bbox 232 2442 348 2505; x_wconf 80' lang='lat' dir='ltr'><strong>est,</strong></span> <span class='ocrx_word' id='word_1_218' title='bbox 403 2428 695 2496; x_wconf 87' lang='lat' dir='ltr'><strong>dicens:</strong></span> <span class='ocrx_word' id='word_1_219' title='bbox 750 2452 784 2493; x_wconf 90' lang='lat'>«</span> <span class='ocrx_word' id='word_1_220' title='bbox 828 2436 1099 2517; x_wconf 87' lang='lat' dir='ltr'><strong>Oportet</strong></span> <span class='ocrx_word' id='word_1_221' title='bbox 1147 2442 1231 2508; x_wconf 89' lang='lat' dir='ltr'><strong>te,</strong></span> <span class='ocrx_word' id='word_1_222' title='bbox 1286 2429 1730 2498; x_wconf 87' lang='lat' dir='ltr'><strong>dilectissime</strong></span> <span class='ocrx_word' id='word_1_223' title='bbox 1771 2427 2019 2507; x_wconf 78' lang='lat' dir='ltr'><strong>frater,</strong></span> <span class='ocrx_word' id='word_1_224' title='bbox 2079 2429 2350 2497; x_wconf 89' lang='lat' dir='ltr'><strong>insidiis</strong></span> <span class='ocrx_word' id='word_1_225' title='bbox 2399 2428 2546 2496; x_wconf 90' lang='lat' dir='ltr'><strong>dia-</strong></span> 
     </span>
     <span class='ocr_line' id='line_1_26' title="bbox 50 2505 2539 2607; baseline 0.004 -34"><span class='ocrx_word' id='word_1_226' title='bbox 50 2505 157 2576; x_wconf 89' lang='lat' dir='ltr'><strong>boli</strong></span> <span class='ocrx_word' id='word_1_227' title='bbox 200 2516 499 2585; x_wconf 86' lang='lat' dir='ltr'><strong>resistere</strong></span> <span class='ocrx_word' id='word_1_228' title='bbox 553 2517 856 2594; x_wconf 66' lang='lat' dir='ltr'><strong>viriliter,</strong></span> <span class='ocrx_word' id='word_1_229' title='bbox 901 2531 965 2586; x_wconf 91' lang='lat' dir='ltr'><strong>et</strong></span> <span class='ocrx_word' id='word_1_230' title='bbox 1015 2517 1185 2585; x_wconf 87' lang='lat' dir='ltr'><strong>nihil</strong></span> <span class='ocrx_word' id='word_1_231' title='bbox 1245 2518 1330 2586; x_wconf 86' lang='lat' dir='ltr'><strong>de</strong></span> <span class='ocrx_word' id='word_1_232' title='bbox 1375 2519 1524 2607; x_wconf 84' lang='lat' dir='ltr'><strong>ejus</strong></span> <span class='ocrx_word' id='word_1_233' title='bbox 1573 2518 1929 2587; x_wconf 88' lang='lat' dir='ltr'><strong>dolositate</strong></span> <span class='ocrx_word' id='word_1_234' title='bbox 1979 2539 2369 2606; x_wconf 86' lang='lat' dir='ltr'><strong>pavescere:</strong></span> <span class='ocrx_word' id='word_1_235' title='bbox 2426 2515 2539 2585; x_wconf 88' lang='lat' dir='ltr'><strong>sed</strong></span> 
     </span>
     <span class='ocr_line' id='line_1_27' title="bbox 48 2601 2543 2694; baseline 0.004 -32"><span class='ocrx_word' id='word_1_236' title='bbox 48 2601 239 2669; x_wconf 86' lang='lat' dir='ltr'><strong>omnia</strong></span> <span class='ocrx_word' id='word_1_237' title='bbox 281 2626 455 2690; x_wconf 86' lang='lat' dir='ltr'><strong>quae.</strong></span> <span class='ocrx_word' id='word_1_238' title='bbox 492 2604 822 2685; x_wconf 83' lang='lat' dir='ltr'><strong>intulerit,</strong></span> <span class='ocrx_word' id='word_1_239' title='bbox 868 2606 1170 2674; x_wconf 87' lang='lat' dir='ltr'><strong>oratione</strong></span> <span class='ocrx_word' id='word_1_240' title='bbox 1219 2606 1522 2687; x_wconf 86' lang='lat' dir='ltr'><strong>assidua,</strong></span> <span class='ocrx_word' id='word_1_241' title='bbox 1578 2629 1655 2675; x_wconf 88' lang='lat' dir='ltr'><strong>ac</strong></span> <span class='ocrx_word' id='word_1_242' title='bbox 1708 2607 1906 2694; x_wconf 86' lang='lat' dir='ltr'><strong>signo</strong></span> <span class='ocrx_word' id='word_1_243' title='bbox 1956 2606 2190 2674; x_wconf 86' lang='lat' dir='ltr'><strong>Crucis</strong></span> <span class='ocrx_word' id='word_1_244' title='bbox 2237 2627 2273 2672; x_wconf 90' lang='lat' dir='ltr'><strong>e</strong></span> <span class='ocrx_word' id='word_1_245' title='bbox 2310 2619 2543 2673; x_wconf 84' lang='lat' dir='ltr'><strong>contra</strong></span> 
     </span>
     <span class='ocr_line' id='line_1_28' title="bbox 50 2692 2543 2785; baseline 0.003 -30"><span class='ocrx_word' id='word_1_246' title='bbox 50 2692 314 2785; x_wconf 78' lang='lat' dir='ltr'><strong>apposito</strong></span> <span class='ocrx_word' id='word_1_247' title='bbox 360 2694 720 2773; x_wconf 87' lang='lat' dir='ltr'><strong>evincere,</strong></span> <span class='ocrx_word' id='word_1_248' title='bbox 775 2695 934 2780; x_wconf 81' lang='lat' dir='ltr'><strong>quia</strong></span> <span class='ocrx_word' id='word_1_249' title='bbox 995 2693 1246 2763; x_wconf 88' lang='lat' dir='ltr'><strong>talibus</strong></span> <span class='ocrx_word' id='word_1_250' title='bbox 1296 2716 1568 2783; x_wconf 87' lang='lat' dir='ltr'><strong>semper</strong></span> <span class='ocrx_word' id='word_1_251' title='bbox 1615 2694 2106 2763; x_wconf 87' lang='lat' dir='ltr'><strong>tentationibus</strong></span> <span class='ocrx_word' id='word_1_252' title='bbox 2154 2716 2381 2763; x_wconf 89' lang='lat' dir='ltr'><strong>servos</strong></span> <span class='ocrx_word' id='word_1_253' title='bbox 2432 2694 2543 2762; x_wconf 87' lang='lat' dir='ltr'><strong>Dei</strong></span> 
     </span>
     <span class='ocr_line' id='line_1_29' title="bbox 52 2786 763 2872; baseline 0.014 -35"><span class='ocrx_word' id='word_1_254' title='bbox 52 2786 253 2846; x_wconf 76' lang='lat' dir='ltr'><strong>nititur</strong></span> <span class='ocrx_word' id='word_1_255' title='bbox 280 2801 694 2872; x_wconf 82' lang='lat' dir='ltr'><strong>expugnare.</strong></span> <span class='ocrx_word' id='word_1_256' title='bbox 730 2807 763 2847; x_wconf 77' lang='lat'><strong>»</strong></span> 
     </span>
    </p>

    <p class='ocr_par' dir='ltr' id='par_1_4' title="bbox 52 2864 2551 3310">
     <span class='ocr_line' id='line_1_30' title="bbox 113 2864 2539 2961; baseline 0.001 -24"><span class='ocrx_word' id='word_1_257' title='bbox 113 2864 269 2959; x_wconf 60' lang='grc' dir='ltr'><strong>ἐϋ.</strong></span> <span class='ocrx_word' id='word_1_258' title='bbox 325 2871 562 2939; x_wconf 89' lang='lat' dir='ltr'><strong>Senuit</strong></span> <span class='ocrx_word' id='word_1_259' title='bbox 612 2883 837 2939; x_wconf 89' lang='lat' dir='ltr'><strong>autem</strong></span> <span class='ocrx_word' id='word_1_260' title='bbox 892 2871 993 2940; x_wconf 86' lang='lat' dir='ltr'><strong>vir</strong></span> <span class='ocrx_word' id='word_1_261' title='bbox 1050 2871 1310 2951; x_wconf 88' lang='lat' dir='ltr'><strong>beatus,</strong></span> <span class='ocrx_word' id='word_1_262' title='bbox 1371 2883 1433 2939; x_wconf 91' lang='lat' dir='ltr'><strong>et</strong></span> <span class='ocrx_word' id='word_1_263' title='bbox 1494 2870 1773 2959; x_wconf 89' lang='lat' dir='ltr'><strong>impleto</strong></span> <span class='ocrx_word' id='word_1_264' title='bbox 1814 2870 1970 2939; x_wconf 90' lang='lat' dir='ltr'><strong>boni</strong></span> <span class='ocrx_word' id='word_1_265' title='bbox 2023 2870 2249 2961; x_wconf 89' lang='lat' dir='ltr'><strong>operis</strong></span> <span class='ocrx_word' id='word_1_266' title='bbox 2305 2893 2539 2951; x_wconf 90' lang='lat' dir='ltr'><strong>cursu,</strong></span> 
     </span>
     <span class='ocr_line' id='line_1_31' title="bbox 54 2957 2547 3048; baseline 0.005 -33"><span class='ocrx_word' id='word_1_267' title='bbox 54 2958 332 3045; x_wconf 74' lang='lat' dir='ltr'><strong>migravit</strong></span> <span class='ocrx_word' id='word_1_268' title='bbox 365 2959 446 3027; x_wconf 85' lang='lat' dir='ltr'><strong>ad</strong></span> <span class='ocrx_word' id='word_1_269' title='bbox 496 2960 887 3027; x_wconf 86' lang='lat' dir='ltr'><strong>Dominum.</strong></span> <span class='ocrx_word' id='word_1_270' title='bbox 936 2958 1145 3045; x_wconf 86' lang='lat' dir='ltr'><strong>Cujus</strong></span> <span class='ocrx_word' id='word_1_271' title='bbox 1184 2980 1369 3028; x_wconf 90' lang='lat' dir='ltr'><strong>nunc</strong></span> <span class='ocrx_word' id='word_1_272' title='bbox 1410 2957 1726 3029; x_wconf 87' lang='lat' dir='ltr'><strong>tumulus</strong></span> <span class='ocrx_word' id='word_1_273' title='bbox 1754 2961 1783 2992; x_wconf 63' lang='lat'>⁴</span> <span class='ocrx_word' id='word_1_274' title='bbox 1817 2960 2093 3046; x_wconf 87' lang='lat' dir='ltr'><strong>saepius</strong></span> <span class='ocrx_word' id='word_1_275' title='bbox 2125 2958 2379 3029; x_wconf 89' lang='lat' dir='ltr'><strong>divinis</strong></span> <span class='ocrx_word' id='word_1_276' title='bbox 2410 2959 2547 3048; x_wconf 80' lang='lat' dir='ltr'><strong>glo·</strong></span> 
     </span>
     <span class='ocr_line' id='line_1_32' title="bbox 54 3036 2546 3136; baseline 0.003 -30"><span class='ocrx_word' id='word_1_277' title='bbox 54 3036 315 3135; x_wconf 69' lang='lat' dir='ltr'><strong>rtlicatur</strong></span> <span class='ocrx_word' id='word_1_278' title='bbox 350 3047 740 3117; x_wconf 87' lang='lat' dir='ltr'><strong>virtutibus.</strong></span> <span class='ocrx_word' id='word_1_279' title='bbox 799 3052 977 3116; x_wconf 87' lang='lat' dir='ltr'><strong>Haec</strong></span> <span class='ocrx_word' id='word_1_280' title='bbox 1013 3058 1279 3116; x_wconf 87' lang='lat' dir='ltr'><strong>tantum</strong></span> <span class='ocrx_word' id='word_1_281' title='bbox 1316 3048 1398 3116; x_wconf 92' lang='lat' dir='ltr'><strong>de</strong></span> <span class='ocrx_word' id='word_1_282' title='bbox 1438 3061 1676 3117; x_wconf 87' lang='lat' dir='ltr'><strong>sancto</strong></span> <span class='ocrx_word' id='word_1_283' title='bbox 1728 3047 1869 3115; x_wconf 85' lang='lat' dir='ltr'><strong>viro</strong></span> <span class='ocrx_word' id='word_1_284' title='bbox 1901 3048 2374 3136; x_wconf 84' lang='lat' dir='ltr'><strong>cognovimus,</strong></span> <span class='ocrx_word' id='word_1_285' title='bbox 2414 3070 2546 3116; x_wconf 84' lang='lat' dir='ltr'><strong>non</strong></span> 
     </span>
     <span class='ocr_line' id='line_1_33' title="bbox 52 3121 2551 3224; baseline 0.004 -29"><span class='ocrx_word' id='word_1_286' title='bbox 52 3121 466 3223; x_wconf 71' lang='lat' dir='ltr'><strong>dijudicantes</strong></span> <span class='ocrx_word' id='word_1_287' title='bbox 516 3134 730 3214; x_wconf 85' lang='lat' dir='ltr'><strong>alios,</strong></span> <span class='ocrx_word' id='word_1_288' title='bbox 792 3136 907 3221; x_wconf 87' lang='lat' dir='ltr'><strong>qui</strong></span> <span class='ocrx_word' id='word_1_289' title='bbox 973 3137 1226 3224; x_wconf 78' lang='lat' dir='ltr'><strong>maJora</strong></span> <span class='ocrx_word' id='word_1_290' title='bbox 1278 3135 1361 3204; x_wconf 91' lang='lat' dir='ltr'><strong>de</strong></span> <span class='ocrx_word' id='word_1_291' title='bbox 1417 3157 1495 3211; x_wconf 89' lang='lat' dir='ltr'><strong>eo</strong></span> <span class='ocrx_word' id='word_1_292' title='bbox 1556 3150 2057 3224; x_wconf 85' lang='lat' dir='ltr'><strong>cognoverunt.</strong></span> <span class='ocrx_word' id='word_1_293' title='bbox 2116 3136 2172 3203; x_wconf 86' lang='lat' dir='ltr'><strong>si</strong></span> <span class='ocrx_word' id='word_1_294' title='bbox 2216 3135 2551 3205; x_wconf 86' lang='lat' dir='ltr'><strong>voluerint</strong></span> 
     </span>
     <span class='ocr_line' id='line_1_34' title="bbox 54 3210 2298 3310; baseline 0.008 -36"><span class='ocrx_word' id='word_1_295' title='bbox 54 3210 243 3301; x_wconf 77' lang='lat' dir='ltr'><strong>aliqua</strong></span> <span class='ocrx_word' id='word_1_296' title='bbox 278 3222 341 3289; x_wconf 90' lang='lat' dir='ltr'><strong>in</strong></span> <span class='ocrx_word' id='word_1_297' title='bbox 384 3224 534 3310; x_wconf 85' lang='lat' dir='ltr'><strong>ejus</strong></span> <span class='ocrx_word' id='word_1_298' title='bbox 576 3223 844 3292; x_wconf 87' lang='lat' dir='ltr'><strong>laudem</strong></span> <span class='ocrx_word' id='word_1_299' title='bbox 889 3224 1342 3294; x_wconf 87' lang='lat' dir='ltr'><strong>conscribere.</strong></span> <span class='ocrx_word' id='word_1_300' title='bbox 2295 3236 2298 3241; x_wconf 85' lang='lat'>&#39;</span> 
     </span>
    </p>
   </div>
   <div class='ocr_carea' id='block_1_3' title="bbox 54 3392 2557 3669">
    <p class='ocr_par' dir='ltr' id='par_1_5' title="bbox 54 3392 2557 3669">
     <span class='ocr_line' id='line_1_35' title="bbox 93 3392 2556 3454; baseline 0.003 -17"><span class='ocrx_word' id='word_1_301' title='bbox 93 3392 111 3411; x_wconf 69' lang='lat'><em>⁵</em></span> <span class='ocrx_word' id='word_1_302' title='bbox 136 3395 171 3432; x_wconf 73' lang='lat' dir='ltr'><strong>S·</strong></span> <span class='ocrx_word' id='word_1_303' title='bbox 190 3398 426 3443; x_wconf 65' lang='lat' dir='ltr'><strong>Portisnus</strong></span> <span class='ocrx_word' id='word_1_304' title='bbox 446 3402 495 3443; x_wconf 86' lang='lat' dir='ltr'><strong>in</strong></span> <span class='ocrx_word' id='word_1_305' title='bbox 517 3414 603 3444; x_wconf 75' lang='lat' dir='ltr'><strong>nuo</strong></span> <span class='ocrx_word' id='word_1_306' title='bbox 623 3406 906 3445; x_wconf 72' lang='lat' dir='ltr'><strong>monasterio</strong></span> <span class='ocrx_word' id='word_1_307' title='bbox 927 3404 1016 3445; x_wconf 79' lang='lat' dir='ltr'><strong>ruit</strong></span> <span class='ocrx_word' id='word_1_308' title='bbox 1038 3407 1318 3445; x_wconf 66' lang='lat' dir='ltr'><strong>tumulatus.</strong></span> <span class='ocrx_word' id='word_1_309' title='bbox 1348 3408 1462 3454; x_wconf 72' lang='lat' dir='ltr'><strong>Ejus</strong></span> <span class='ocrx_word' id='word_1_310' title='bbox 1483 3415 1669 3445; x_wconf 73' lang='lat' dir='ltr'><strong>sacrum</strong></span> <span class='ocrx_word' id='word_1_311' title='bbox 1693 3414 1879 3453; x_wconf 77' lang='lat' dir='ltr'><strong>corpus.</strong></span> <span class='ocrx_word' id='word_1_312' title='bbox 1899 3406 2059 3444; x_wconf 78' lang='lat' dir='ltr'><strong>seculo</strong></span> <span class='ocrx_word' id='word_1_313' title='bbox 2083 3413 2115 3444; x_wconf 81' lang='lat' dir='ltr'>x</span> <span class='ocrx_word' id='word_1_314' title='bbox 2144 3404 2344 3450; x_wconf 62' lang='lat' dir='ltr'><strong>lubente.</strong></span> <span class='ocrx_word' id='word_1_315' title='bbox 2373 3415 2398 3445; x_wconf 84' lang='lat' dir='ltr'><strong>e</strong></span> <span class='ocrx_word' id='word_1_316' title='bbox 2429 3406 2556 3445; x_wconf 66' lang='lat' dir='ltr'><strong>terra</strong></span> 
     </span>
     <span class='ocr_line' id='line_1_36' title="bbox 54 3440 2550 3507; baseline 0.004 -18"><span class='ocrx_word' id='word_1_317' title='bbox 54 3440 227 3504; x_wconf 56' lang='lat' dir='ltr'><strong>levatum</strong></span> <span class='ocrx_word' id='word_1_318' title='bbox 245 3457 335 3494; x_wconf 80' lang='lat' dir='ltr'><strong>est:</strong></span> <span class='ocrx_word' id='word_1_319' title='bbox 353 3454 518 3497; x_wconf 83' lang='lat' dir='ltr'><strong>exinde</strong></span> <span class='ocrx_word' id='word_1_320' title='bbox 538 3462 681 3507; x_wconf 70' lang='lat' dir='ltr'><strong>caput</strong></span> <span class='ocrx_word' id='word_1_321' title='bbox 702 3461 751 3497; x_wconf 77' lang='lat' dir='ltr'><strong>et</strong></span> <span class='ocrx_word' id='word_1_322' title='bbox 773 3457 954 3507; x_wconf 72' lang='lat' dir='ltr'><strong>aliquot</strong></span> <span class='ocrx_word' id='word_1_323' title='bbox 975 3460 1066 3498; x_wconf 64' lang='lat' dir='ltr'><strong>alia</strong></span> <span class='ocrx_word' id='word_1_324' title='bbox 1084 3468 1194 3498; x_wconf 64' lang='lat' dir='ltr'><strong>ossa</strong></span> <span class='ocrx_word' id='word_1_325' title='bbox 1216 3469 1243 3498; x_wconf 71' lang='lat' dir='ltr'><strong>a</strong></span> <span class='ocrx_word' id='word_1_326' title='bbox 1264 3460 1544 3499; x_wconf 72' lang='lat' dir='ltr'><strong>Normannls</strong></span> <span class='ocrx_word' id='word_1_327' title='bbox 1565 3458 1847 3507; x_wconf 67' lang='lat' dir='ltr'><strong>quibusdam</strong></span> <span class='ocrx_word' id='word_1_328' title='bbox 1867 3455 2034 3497; x_wconf 74' lang='lat' dir='ltr'><strong>furtim</strong></span> <span class='ocrx_word' id='word_1_329' title='bbox 2057 3457 2229 3503; x_wconf 66' lang='lat' dir='ltr'><strong>ablata.</strong></span> <span class='ocrx_word' id='word_1_330' title='bbox 2249 3469 2300 3497; x_wconf 66' lang='lat' dir='ltr'><strong>ae</strong></span> <span class='ocrx_word' id='word_1_331' title='bbox 2320 3459 2370 3498; x_wconf 74' lang='lat' dir='ltr'><strong>tn</strong></span> <span class='ocrx_word' id='word_1_332' title='bbox 2390 3468 2550 3500; x_wconf 72' lang='lat' dir='ltr'><strong>eorum</strong></span> 
     </span>
     <span class='ocr_line' id='line_1_37' title="bbox 54 3500 2555 3563; baseline 0.008 -23"><span class='ocrx_word' id='word_1_333' title='bbox 54 3500 219 3543; x_wconf 67' lang='lat' dir='ltr'><strong>patrnam</strong></span> <span class='ocrx_word' id='word_1_334' title='bbox 247 3508 484 3555; x_wconf 68' lang='lat' dir='ltr'><strong>translata.</strong></span> <span class='ocrx_word' id='word_1_335' title='bbox 515 3512 756 3551; x_wconf 71' lang='lat' dir='ltr'><strong>recondita</strong></span> <span class='ocrx_word' id='word_1_336' title='bbox 783 3514 898 3552; x_wconf 76' lang='lat' dir='ltr'><strong>sunt</strong></span> <span class='ocrx_word' id='word_1_337' title='bbox 926 3512 974 3551; x_wconf 79' lang='lat' dir='ltr'><strong>in</strong></span> <span class='ocrx_word' id='word_1_338' title='bbox 1005 3513 1204 3552; x_wconf 66' lang='lat' dir='ltr'><strong>ecclesia</strong></span> <span class='ocrx_word' id='word_1_339' title='bbox 1233 3513 1277 3550; x_wconf 83' lang='lat' dir='ltr'><strong>S.</strong></span> <span class='ocrx_word' id='word_1_340' title='bbox 1306 3510 1498 3552; x_wconf 66' lang='lat' dir='ltr'><strong>Martini</strong></span> <span class='ocrx_word' id='word_1_341' title='bbox 1521 3513 1644 3563; x_wconf 66' lang='lat' dir='ltr'><strong>apud</strong></span> <span class='ocrx_word' id='word_1_342' title='bbox 1664 3508 1901 3561; x_wconf 80' lang='lat' dir='ltr'><strong>oppidum.</strong></span> <span class='ocrx_word' id='word_1_343' title='bbox 1921 3512 2046 3560; x_wconf 81' lang='lat' dir='ltr'><strong>quod</strong></span> <span class='ocrx_word' id='word_1_344' title='bbox 2067 3511 2209 3560; x_wconf 80' lang='lat' dir='ltr'><strong>vulgo</strong></span> <span class='ocrx_word' id='word_1_345' title='bbox 2228 3513 2384 3562; x_wconf 72' lang='lat' dir='ltr'><strong>1&#39;Ao&#39;ale</strong></span> <span class='ocrx_word' id='word_1_346' title='bbox 2401 3514 2555 3562; x_wconf 58' lang='lat' dir='ltr'><strong>*ppel-</strong></span> 
     </span>
     <span class='ocr_line' id='line_1_38' title="bbox 54 3546 2557 3615; baseline 0.008 -27"><span class='ocrx_word' id='word_1_347' title='bbox 54 3546 166 3611; x_wconf 53' lang='lat' dir='ltr'><strong>latur.</strong></span> <span class='ocrx_word' id='word_1_348' title='bbox 192 3557 415 3601; x_wconf 66' lang='lat' dir='ltr'><strong>Haeretici</strong></span> <span class='ocrx_word' id='word_1_349' title='bbox 442 3573 554 3603; x_wconf 73' lang='lat' dir='ltr'><strong>vero</strong></span> <span class='ocrx_word' id='word_1_350' title='bbox 596 3567 738 3613; x_wconf 65' lang='lat' dir='ltr'><strong>caput</strong></span> <span class='ocrx_word' id='word_1_351' title='bbox 780 3574 979 3614; x_wconf 63' lang='lat' dir='ltr'><strong>ossaque</strong></span> <span class='ocrx_word' id='word_1_352' title='bbox 1012 3565 1101 3605; x_wconf 72' lang='lat' dir='ltr'><strong>illa</strong></span> <span class='ocrx_word' id='word_1_353' title='bbox 1131 3566 1307 3605; x_wconf 70' lang='lat' dir='ltr'><strong>seculis</strong></span> <span class='ocrx_word' id='word_1_354' title='bbox 1340 3566 1681 3615; x_wconf 71' lang='lat' dir='ltr'><strong>posterioribus</strong></span> <span class='ocrx_word' id='word_1_355' title='bbox 1714 3563 1856 3614; x_wconf 80' lang='lat' dir='ltr'><strong>impie</strong></span> <span class='ocrx_word' id='word_1_356' title='bbox 1887 3561 2172 3613; x_wconf 65' lang='lat' dir='ltr'><strong>confregere.</strong></span> <span class='ocrx_word' id='word_1_357' title='bbox 2204 3584 2249 3591; x_wconf 93' lang='lat'><strong>—-</strong></span> <span class='ocrx_word' id='word_1_358' title='bbox 2282 3567 2414 3605; x_wconf 74' lang='lat' dir='ltr'><strong>Circa.</strong></span> <span class='ocrx_word' id='word_1_359' title='bbox 2445 3572 2557 3606; x_wconf 68' lang='lat' dir='ltr'><strong>voro</strong></span> 
     </span>
     <span class='ocr_line' id='line_1_39' title="bbox 56 3605 2412 3669; baseline 0.007 -27"><span class='ocrx_word' id='word_1_360' title='bbox 56 3606 87 3639; x_wconf 56' lang='grc' dir='ltr'><strong>θ.</strong></span> <span class='ocrx_word' id='word_1_361' title='bbox 110 3605 293 3651; x_wconf 68' lang='grc' dir='ltr'>Ρυι-ιίιηί</span> <span class='ocrx_word' id='word_1_362' title='bbox 314 3617 647 3658; x_wconf 70' lang='lat' dir='ltr'><strong>monasterium</strong></span> <span class='ocrx_word' id='word_1_363' title='bbox 667 3619 915 3667; x_wconf 72' lang='lat' dir='ltr'><strong>paullatim</strong></span> <span class='ocrx_word' id='word_1_364' title='bbox 936 3617 1159 3669; x_wconf 78' lang='lat' dir='ltr'><strong>oppidum</strong></span> <span class='ocrx_word' id='word_1_365' title='bbox 1183 3620 1449 3659; x_wconf 78' lang='lat' dir='ltr'><strong>extructum</strong></span> <span class='ocrx_word' id='word_1_366' title='bbox 1476 3621 1565 3665; x_wconf 70' lang='lat' dir='ltr'><strong>est,</strong></span> <span class='ocrx_word' id='word_1_367' title='bbox 1583 3618 1708 3667; x_wconf 85' lang='lat' dir='ltr'><strong>quod</strong></span> <span class='ocrx_word' id='word_1_368' title='bbox 1730 3616 2110 3668; x_wconf 62' lang='lat' dir='ltr'><strong>Scine-Pontem:</strong></span> <span class='ocrx_word' id='word_1_369' title='bbox 2132 3619 2412 3667; x_wconf 58' lang='lat' dir='ltr'><strong>apponunt.</strong></span> 
     </span>
    </p>
   </div>
  </div>
 </body>
</html>
