2993 4837
488 302 614 365 358
1084 318 1161 364 nn
1210 318 1265 364 s.
1320 316 1670 365 oonsrmno
1719 317 1817 363 Er.
1873 316 2259 365 flmmeum
2662 298 2825 364 Nov.
2870 303 2901 363 8

399 404 800 493 EpiscopuS‚
858 402 1072 472 multo
1121 402 1338 471 animi
1383 424 1637 559 anffiore
1687 402 1773 471 ob
1821 424 1901 471 ea
1947 424 2123 489 quae
2173 402 2501 491 diximus,
2557 414 2903 491 correptus.

398 493 591 561 Venit
635 506 860 561 autem
915 492 996 560 ad
1033 513 1190 560 eum
1236 491 1468 560 Gaufri
1529 515 1608 559 us
1642 491 1791 571 iste,
1830 504 1893 561 et
1936 513 2057 580 pro
2098 490 2440 581 singulari
2474 490 2909 561 familiaritate

398 582 497 650 sic
545 603 701 650 eum
763 580 951 669 prior
996 579 1408 669 compellat:
1466 603 1501 645 «
1548 579 1724 663 Quid
1774 592 1909 659 est,
1952 580 2335 649 venerande
2401 580 2700 668 praesul,
2748 578 2906 667 quod

396 691 618 756 usque
662 669 830 738 adeo
864 682 1343 739 consternatus
1396 681 1461 737 et
1496 680 1798 738 moestus
1850 668 2149 739 videris?
2195 669 2530 754 Equidem
2589 690 2714 737 non
2766 682 2910 758 puto

399 758 467 826 id
513 758 762 827 frustra
814 779 986 839 esse,
1037 780 1160 828 nec
1194 756 1541 827 commodi
1592 757 1889 846 alicujus
1924 758 2319 847 temporarii
2360 759 2634 846 jactura
2692 771 2749 827 te
2797 771 2915 827 tor·

396 847 615 934 queri.
664 871 698 912 »
756 847 1131 936 Respondit
1192 847 1293 914 vir
1348 848 1511 925 Dei,
1573 858 1649 916 ut
1711 847 1931 935 potuit
1980 869 2142 936 prae
2192 847 2518 935 lacrymis
2554 901 2569 928 ,
2625 868 2794 933 quae
2838 846 2911 913 ab

397 935 620 1006 oculis
683 934 784 1003 lar
837 933 1510 1004 iter·dimanabant:
1567 958 1603 1000 «
1655 940 1730 1004 Et
1777 956 1952 1021 quae
2002 936 2199 1016 mihi,
2237 935 2545 1013 obsecro,
2586 935 2910 1024 gaudendi

398 1024 681 1093 materia
715 1046 782 1093 re
816 1027 946 1093 icta
984 1029 1129 1094 est?
1179 1030 1274 1093 En
1313 1037 1386 1093 ut
1423 1023 1815 1104 naucleruS,
1854 1024 2110 1094 amisso
2145 1025 2357 1105 clavo,
2403 1024 2674 1114 cogitur
2717 1024 2913 1093 ventis

397 1112 789 1200 permittere
818 1135 1082 1195 navem,
1114 1112 1383 1182 etiamsi
1412 1113 1479 1181 in
1512 1112 1830 1200 scopulos
1859 1112 2278 1212 impellatur3
2314 1114 2402 1182 ita
2432 1113 2712 1183 animus
2739 1135 2912 1182 meus

394 1200 665 1270 virtutis
716 1201 936 1291 inops,
981 1203 1293 1288 undique
1343 1201 1705 1269 immensis
1753 1201 2200 1271 afflictionum
2261 1202 2591 1271 fluctibus
2639 1203 2913 1290 exagita-

396 1302 530 1370 tuS,
578 1288 703 1358 bac
752 1290 1047 1378 illacque
1095 1289 1526 1370 distrahitur,
1585 1311 1706 1359 nec
1754 1311 2051 1376 usquam
2101 1313 2251 1359 eam
2306 1291 2634 1379 persentit
2687 1290 2913 1378 quietis

395 1378 824 1460 suavitatem,
874 1401 1079 1466 quam
1125 1376 1541 1469 jampridem
1598 1378 1897 1465 reliquit.
1952 1379 2155 1448 Video
2212 1381 2416 1449 everti
2462 1377 2739 1469 templa,
2780 1401 2912 1469 gre·

393 1488 547 1623 {em
612 1467 778 1535 mihi
831 1468 1279 1537 commissum
1335 1466 1629 1555 pessime
1689 1469 1956 1558 accipi.
2009 1468 2376 1538 dioecesim
2452 1489 2673 1537 meam
2726 1467 2909 1543 fame,

423 1577 596 1636 erm,
652 1557 1089 1643 flammisque
1138 1556 1410 1624 vastari.
1468 1561 1579 1624 Est
1632 1568 1881 1636 tamen,
1924 1556 2157 1637 fateor,
2213 1558 2279 1625 in
2341 1557 2450 1626 his
2487 1556 2694 1626 rebus
2741 1556 2912 1624 duris

393 1643 677 1712 unicum
745 1645 942 1713 nobis
1007 1646 1074 1713 in
1142 1644 1404 1714 Christo
1471 1645 1891 1734 perfugium,
1945 1647 2045 1716 uti
2087 1647 2157 1715 in
2211 1658 2399 1734 petra
2462 1645 2912 1715 herinaciis.»

394 1732 771 1820 Respondit
820 1733 1240 1802 Gaufridus:
1298 1756 1332 1797 «
1363 1733 1569 1819 Etsi,
1629 1734 1901 1821 praesul
1951 1735 2232 1824 optime,
2286 1746 2351 1802 et
2397 1733 2633 1802 divina
2689 1747 2753 1802 et
2802 1734 2911 1801 hu-

395 1823 599 1889 mana
649 1822 983 1910 sapientia
1025 1822 1193 1890 adeo
1252 1822 1630 1890 instructus
1681 1842 1775 1901 es,
1818 1835 1892 1891 ut
1941 1823 2189 1892 tantilli
2244 1821 2728 1892 homuncionis
2774 1844 2913 1891 con·

395 1908 550 1977 silio
602 1932 883 1999 prorsus
934 1933 1064 1980 non
1122 1909 1479 2000 indigeas:
1540 1922 1761 1979 tamen
1804 1912 2081 1997 quando
2138 1911 2657 1981 vicedominum
2713 1932 2909 1997 neque

393 2020 659 2086 regum,
697 2021 916 2086 neque
967 2000 1360 2089 principum
1414 2000 1903 2069 intercessione
1951 2001 2218 2070 flectere
2263 2013 2471 2088 potes,
2511 2014 2586 2069 ut
2634 2000 2909 2069 dimittat

390 2087 752 2168 Adamum,
802 2089 1047 2158 Christi
1099 2090 1298 2178 Regis
1347 2087 1759 2156 immortalis
1809 2088 2198 2178 exemplum
2252 2090 2546 2169 imitare,
2586 2101 2651 2158 et
2701 2089 2908 2158 humi·
2964 2100 2965 2105 ’

392 2175 577 2245 litate
612 2176 807 2245 illum
853 2177 1160 2247 emollire
1192 2175 1413 2245 stude.
1457 2202 1479 2237 >³
1512 2177 1630 2245 His
1662 2176 1887 2258 dictis,
1925 2178 2297 2246 Gaufridus
2330 2176 2660 2247 abscedit.

477 2268 512 2351 ξ
560 2270 701 2337 41.
748 2272 1112 2352 Postquam
1148 2264 1456 2334 Gaufridi
1501 2265 1870 2336 consilium
1922 2266 2184 2335 audivit
2233 2267 2473 2336 beatus
2525 2268 2903 2356 Episcopus,

395 2376 472 2421 ea
524 2368 716 2424 nocte
768 2355 986 2425 multa
1049 2376 1279 2425 secum
1352 2353 1417 2421 in
1486 2353 1657 2423 lecto
1709 2356 2202 2444 pertractabat,
2259 2369 2490 2425 utrum
2551 2356 2907 2446 parendum

392 2442 490 2511 illi
541 2459 742 2523 esset,
793 2467 915 2513 nec
968 2466 1072 2513 ne.
1119 2445 1296 2512 Hinc
1335 2442 1518 2511 enim
1559 2443 2070 2525 reformidabat,
2127 2468 2209 2513 ne
2258 2445 2312 2512 si
2367 2445 2707 2514 intantum
2768 2444 2903 2532 Epi·

391 2553 641 2621 scopus
688 2555 758 2600 se
798 2555 1025 2601 coram
1080 2532 1354 2601 subdito
1404 2554 1530 2600 suo
1579 2532 1928 2619 abjiceret,
1970 2533 2283 2602 homines
2342 2556 2635 2620 nequam
2693 2545 2756 2600 et
2801 2535 2905 2600 im·

393 2621 585 2707 probi
642 2621 1160 2691 insolescerent:
1204 2621 1362 2690 inde
1412 2642 1568 2688 vero
1603 2621 1846 2709 pietate
1897 2622 2406 2700 stimulabatur,
2454 2623 2536 2690 ad
2582 2623 2901 2711 captivum

389 2710 724 2778 Atlamum
778 2710 845 2777 in
903 2709 1277 2778 libertatem
1318 2708 1842 2779 vindicandum.
1896 2711 2194 2780 Tandem
2246 2711 2558 2780 Gausridi
2608 2711 2905 2780 sanctita·

394 2811 524 2864 tem
579 2809 642 2865 et
703 2798 1164 2867 innocentiam
1218 2797 1689 2878 considerans,
1746 2799 2015 2886 sibique
2074 2799 2533 2889 persuadens,
2584 2800 2900 2868 hominem

393 2885 775 2974 simplicem
828 2887 1007 2973 quod
1062 2887 1543 2966 dixisset,·non
1604 2887 1733 2955 nisi
1778 2910 1812 2954 a
1868 2893 1998 2957 Deo
2040 2888 2386 2966 habuisse,
2426 2889 2543 2974 qui
2602 2889 2664 2957 id
2714 2890 2768 2956 ei
2821 2909 2904 2954 re·

396 2973 728 3054 velasset,
784 2976 1018 3044 statuit
1069 2976 1166 3044 sic
1208 2976 1448 3053 facere,
1506 2987 1580 3042 ut
1629 2978 1716 3045 ab
1767 2975 1881 3044 illo
1933 2977 2234 3046 monitus
2284 2991 2449 3045 erat.
2499 2982 2729 3064 ltaque
2779 2988 2901 3064 post

391 3062 740 3132 absolutas
792 3078 1161 3132 nocturnas
1199 3086 1452 3153 prece5‚
1494 3079 1683 3133 vocat
1731 3064 1815 3133 ad
1868 3087 1938 3132 se
1988 3066 2391 3135 Gaufridum
2437 3078 2500 3133 et
2536 3067 2897 3136 otbertum:

389 3164 453 3220 ct
510 3152 701 3220 alteri
753 3153 1031 3239 quidem
1087 3176 1249 3222 suos
1318 3152 1583 3221 calceos
1636 3154 1965 3242 imponit,
2015 3154 2207 3223 alteri
2262 3154 2667 3242 palliolum,
2724 3168 2899 3238 atque

391 3241 479 3309 ita
528 3241 753 3310 cilicio
787 3242 1225 3330 simplicique
1264 3242 1584 3309 monachi
1620 3242 1859 3311 habitu
1895 3243 2032 3310 sive
2065 3243 2341 3313 cucullo
2378 3242 2687 3324 indutus,
2721 3240 2897 3310 nudis

391 3330 680 3417 pedibus
732 3331 1114 3419 ingreditur
1164 3329 1582 3398 horrendum
1635 3343 1699 3400 et
1743 3331 2181 3420 peregrinum
2228 3333 2375 3409 iter,
2412 3330 2593 3417 quod
2648 3329 2896 3417 Pinqni-

391 3421 663 3487 niacum
707 3420 920 3498 ducit,
969 3418 1151 3507 quod
1203 3421 1288 3488 ab
1340 3419 1692 3489 Ambianis
1748 3420 1960 3488 fertur
1999 3435 2148 3489 octo
2193 3421 2610 3489 milliaribus
2659 3422 2889 3490 abesse.

384 3513 533 3576 Jam
581 3520 724 3575 tum
782 3509 1037 3577 mensis
1085 3521 1229 3576 erat
1275 3508 1675 3589 sanum-ius,
1711 3521 1775 3577 et
1819 3507 1959 3577 sole
1993 3511 2365 3595 Aquarium
2410 3509 2719 3598 ingresso
2765 3527 2891 3575 ure·
2958 3563 2959 3626 1

387 3595 552 3665 bant
585 3610 904 3665 montana
956 3596 1142 3664 nives
1176 3617 1597 3686 camposque
1642 3610 1969 3686 patentes,
2009 3620 2128 3666 nec
2160 3597 2531 3666 duraturae
2564 3607 2893 3686 conspecto

387 3685 527 3752 sole
579 3686 890 3773 pruinae.
954 3686 1147 3754 Hirta
1210 3686 1427 3753 comis
1493 3685 1720 3756 tellus.
1776 3692 1936 3754 Tam
1998 3709 2391 3766 amoenum,
2448 3687 2749 3774 inquam,
2792 3684 2896 3751 iter

386 3773 592 3841 nudis
638 3775 928 3863 pedibus
979 3774 1280 3863 suscepit
1321 3773 1731 3843 Godesridus
1778 3774 2049 3862 praesul
2084 3775 2402 3853 eximius,
2435 3774 2725 3844 fraterna
2757 3791 2887 3867 eunt

385 3861 715 3931 charitate
788 3876 1221 3953 perurgente.
1297 3863 1416 3931 Ubi
1485 3876 1713 3932 autem
1783 3864 1867 3931 ad
1943 3864 2436 3932 monasterium
2518 3869 2581 3933 S.
2634 3861 2887 3955 Remigii

387 3953 714 4039 pervenit,
754 3951 935 4038 quod
982 3953 1046 4019 in
1093 3973 1365 4020 nemore
1403 3951 1610 4020 situm
1655 3964 1778 4033 est,
1815 3975 1853 4020 a
1889 3953 2245 4021 monachis
2282 3953 2638 4040 propensis
2669 3950 2883 4018 animis

384 4041 743 4127 accipitur,
783 4054 1025 4130 rogant
1076 4040 1171 4108 illi
1224 4039 1742 4120 admirabundi,
1781 4041 1946 4127 quid
2003 4042 2131 4110 sibi
2167 4042 2325 4110 velit
2370 4043 2535 4110 tanti
2585 4041 2698 4109 viri
2755 4033 2879 4104 talis
2956 4115 2957 4132 ἵ

387 4128 696 4208 habitus,
762 4152 1092 4216 quorsum
1147 4129 1455 4198 intendat
1506 4130 1651 4210 iter,
1701 4130 1994 4198 offerunt
2051 4153 2120 4199 se
2172 4131 2393 4201 socios
2444 4129 2736 4200 itineris:
2783 4118 2873 4218 sed
2956 4149 2957 4230 l

385 4217 488 4283 vir
538 4217 775 4288 beatus
827 4241 959 4287 non
1014 4219 1176 4286 sinit
1224 4239 1337 4286 eos
1385 4230 1573 4287 extra
1641 4220 2129 4288 monasterium
2187 4219 2425 4307 pedem
2499 4220 2757 4293 efferre,
2802 4223 2874 4276 ³¹1

387 4302 626 4371 solatio
696 4329 810 4373 eos
879 4307 1007 4375 sibi
1061 4305 1246 4386 fore,
1292 4307 1358 4376 'si
1413 4329 1534 4395 pro
1576 4329 1652 4389 ,se
1712 4308 2077 4375 Dominum
2132 4308 2605 4395 deprecentur.
2666 4297 2871 4372 Deinde

387 4413 546 4460 cum
612 4390 749 4460 illis
799 4393 971 4461 bene
1034 4408 1350 4482 precatus
1408 4407 1625 4476 esset,
1708 4398 1929 4486 pergit
1975 4419 2132 4465 cum
2195 4396 2469 4467 duobus
2521 4396 2680 4473 illis,
2731 4405 2864 4475 quos
