<?xml version="1.0" encoding="UTF-8"?>
<!DOCTYPE html PUBLIC "-//W3C//DTD XHTML 1.0 Transitional//EN"
    "http://www.w3.org/TR/xhtml1/DTD/xhtml1-transitional.dtd">
<html xmlns="http://www.w3.org/1999/xhtml" xml:lang="en" lang="en">
 <head>
  <title>
</title>
<meta http-equiv="Content-Type" content="text/html;charset=utf-8" />
  <meta name='ocr-system' content='tesseract 3.04.00' />
  <meta name='ocr-capabilities' content='ocr_page ocr_carea ocr_par ocr_line ocrx_word'/>
</head>
<body>
  <div class='ocr_page' id='page_1' title='image "./historiaeseuvit05lippgoog_0093.png"; bbox 0 0 2993 4837; ppageno 0'>
   <div class='ocr_carea' id='block_1_1' title="bbox 86 370 2489 441">
    <p class='ocr_par' dir='ltr' id='par_1_1' title="bbox 86 370 2489 441">
     <span class='ocr_line' id='line_1_1' title="bbox 86 370 2489 441; baseline 0.003 -8"><span class='ocrx_word' id='word_1_1' title='bbox 86 370 224 433; x_wconf 65' lang='lat' dir='ltr'><strong>NOV.</strong></span> <span class='ocrx_word' id='word_1_2' title='bbox 273 370 308 433; x_wconf 80' lang='lat'>3</span> <span class='ocrx_word' id='word_1_3' title='bbox 775 390 851 434; x_wconf 74' lang='lat' dir='ltr'><strong>ne</strong></span> <span class='ocrx_word' id='word_1_4' title='bbox 899 388 952 435; x_wconf 89' lang='lat' dir='ltr'><strong>s.</strong></span> <span class='ocrx_word' id='word_1_5' title='bbox 1009 389 1294 437; x_wconf 73' lang='lat' dir='ltr'><strong>uunnnro</strong></span> <span class='ocrx_word' id='word_1_6' title='bbox 1342 391 1441 437; x_wconf 74' lang='lat' dir='ltr'><strong>ne.</strong></span> <span class='ocrx_word' id='word_1_7' title='bbox 1501 391 1821 438; x_wconf 57' lang='lat' dir='ltr'><strong>beomensi</strong></span> <span class='ocrx_word' id='word_1_8' title='bbox 2407 379 2489 441; x_wconf 79' lang='lat'><strong>67</strong></span> 
     </span>
    </p>
   </div>
   <div class='ocr_carea' id='block_1_2' title="bbox 22 470 2593 4485">
    <p class='ocr_par' dir='ltr' id='par_1_2' title="bbox 72 470 2580 1273">
     <span class='ocr_line' id='line_1_2' title="bbox 79 470 2571 566; baseline 0.003 -25"><span class='ocrx_word' id='word_1_9' title='bbox 79 471 284 557; x_wconf 83' lang='lat' dir='ltr'><strong>quihus</strong></span> <span class='ocrx_word' id='word_1_10' title='bbox 332 470 619 541; x_wconf 89' lang='lat' dir='ltr'><strong>deorum</strong></span> <span class='ocrx_word' id='word_1_11' title='bbox 654 527 671 552; x_wconf 95' lang='lat'>‚</span> <span class='ocrx_word' id='word_1_12' title='bbox 727 472 937 549; x_wconf 78' lang='lat' dir='ltr'><strong>immo</strong></span> <span class='ocrx_word' id='word_1_13' title='bbox 991 473 1563 556; x_wconf 87' lang='lat' dir='ltr'><strong>daemoniorum,</strong></span> <span class='ocrx_word' id='word_1_14' title='bbox 1631 475 1878 566; x_wconf 87' lang='lat' dir='ltr'><strong>templa</strong></span> <span class='ocrx_word' id='word_1_15' title='bbox 1956 477 2571 560; x_wconf 75' lang='lat' dir='ltr'><strong>subvertebantur,</strong></span> 
     </span>
     <span class='ocr_line' id='line_1_3' title="bbox 76 560 2570 658; baseline 0.007 -35"><span class='ocrx_word' id='word_1_16' title='bbox 76 562 292 631; x_wconf 63' lang='lat' dir='ltr'><strong>christo</strong></span> <span class='ocrx_word' id='word_1_17' title='bbox 320 561 608 630; x_wconf 91' lang='lat' dir='ltr'><strong>Domino</strong></span> <span class='ocrx_word' id='word_1_18' title='bbox 644 560 991 651; x_wconf 86' lang='lat' dir='ltr'><strong>praeclara</strong></span> <span class='ocrx_word' id='word_1_19' title='bbox 1042 562 1108 631; x_wconf 91' lang='lat' dir='ltr'><strong>in</strong></span> <span class='ocrx_word' id='word_1_20' title='bbox 1146 562 1402 634; x_wconf 82' lang='lat' dir='ltr'><strong>honore</strong></span> <span class='ocrx_word' id='word_1_21' title='bbox 1434 576 1825 634; x_wconf 88' lang='lat' dir='ltr'><strong>sanctorum</strong></span> <span class='ocrx_word' id='word_1_22' title='bbox 1873 571 2245 655; x_wconf 81' lang='lat' dir='ltr'><strong>Martyrum</strong></span> <span class='ocrx_word' id='word_1_23' title='bbox 2292 568 2570 658; x_wconf 87' lang='lat' dir='ltr'><strong>templa,</strong></span> 
     </span>
     <span class='ocr_line' id='line_1_4' title="bbox 79 649 2573 742; baseline 0.003 -24"><span class='ocrx_word' id='word_1_24' title='bbox 79 672 172 736; x_wconf 83' lang='lat' dir='ltr'><strong>per</strong></span> <span class='ocrx_word' id='word_1_25' title='bbox 204 654 259 719; x_wconf 89' lang='lat' dir='ltr'><strong>S.</strong></span> <span class='ocrx_word' id='word_1_26' title='bbox 290 649 672 719; x_wconf 84' lang='lat' dir='ltr'><strong>Hubertum</strong></span> <span class='ocrx_word' id='word_1_27' title='bbox 721 653 1302 722; x_wconf 79' lang='lat' dir='ltr'><strong>construebantur</strong></span> <span class='ocrx_word' id='word_1_28' title='bbox 1330 665 1396 722; x_wconf 90' lang='lat' dir='ltr'><strong>et</strong></span> <span class='ocrx_word' id='word_1_29' title='bbox 1428 652 1968 724; x_wconf 88' lang='lat' dir='ltr'><strong>honorabantur.</strong></span> <span class='ocrx_word' id='word_1_30' title='bbox 2026 656 2269 742; x_wconf 88' lang='lat' dir='ltr'><strong>Sicque</strong></span> <span class='ocrx_word' id='word_1_31' title='bbox 2312 657 2412 724; x_wconf 89' lang='lat' dir='ltr'><strong>vir</strong></span> <span class='ocrx_word' id='word_1_32' title='bbox 2448 661 2573 726; x_wconf 94' lang='lat' dir='ltr'><strong>Do-</strong></span> 
     </span>
     <span class='ocr_line' id='line_1_5' title="bbox 79 738 2575 833; baseline 0.003 -26"><span class='ocrx_word' id='word_1_33' title='bbox 79 739 214 808; x_wconf 83' lang='lat' dir='ltr'><strong>mini</strong></span> <span class='ocrx_word' id='word_1_34' title='bbox 248 738 787 827; x_wconf 79' lang='lat' dir='ltr'><strong>circumquaque</strong></span> <span class='ocrx_word' id='word_1_35' title='bbox 817 739 1062 810; x_wconf 85' lang='lat' dir='ltr'><strong>Christi</strong></span> <span class='ocrx_word' id='word_1_36' title='bbox 1106 740 1570 830; x_wconf 90' lang='lat' dir='ltr'><strong>praedicando</strong></span> <span class='ocrx_word' id='word_1_37' title='bbox 1605 743 1952 831; x_wconf 84' lang='lat' dir='ltr'><strong>mysteria,</strong></span> <span class='ocrx_word' id='word_1_38' title='bbox 1995 743 2287 833; x_wconf 93' lang='lat' dir='ltr'><strong>populos</strong></span> <span class='ocrx_word' id='word_1_39' title='bbox 2311 744 2398 814; x_wconf 91' lang='lat' dir='ltr'><strong>ab</strong></span> <span class='ocrx_word' id='word_1_40' title='bbox 2427 757 2575 815; x_wconf 89' lang='lat' dir='ltr'><strong>atra</strong></span> 
     </span>
     <span class='ocr_line' id='line_1_6' title="bbox 78 828 2576 922; baseline 0.003 -26"><span class='ocrx_word' id='word_1_41' title='bbox 78 829 341 897; x_wconf 76' lang='lat' dir='ltr'><strong>caecitate.</strong></span> <span class='ocrx_word' id='word_1_42' title='bbox 386 828 669 909; x_wconf 82' lang='lat' dir='ltr'><strong>levatos,</strong></span> <span class='ocrx_word' id='word_1_43' title='bbox 707 828 971 899; x_wconf 88' lang='lat' dir='ltr'><strong>lumine</strong></span> <span class='ocrx_word' id='word_1_44' title='bbox 1020 829 1344 900; x_wconf 77' lang='lat' dir='ltr'><strong>scientiae</strong></span> <span class='ocrx_word' id='word_1_45' title='bbox 1391 829 1691 900; x_wconf 87' lang='lat' dir='ltr'><strong>reddidit</strong></span> <span class='ocrx_word' id='word_1_46' title='bbox 1737 832 2195 922; x_wconf 87' lang='lat' dir='ltr'><strong>conspicuos:</strong></span> <span class='ocrx_word' id='word_1_47' title='bbox 2251 846 2325 903; x_wconf 91' lang='lat' dir='ltr'><strong>ut</strong></span> <span class='ocrx_word' id='word_1_48' title='bbox 2358 833 2444 902; x_wconf 90' lang='lat' dir='ltr'><strong>de</strong></span> <span class='ocrx_word' id='word_1_49' title='bbox 2475 835 2576 904; x_wconf 91' lang='lat' dir='ltr'><strong>eis</strong></span> 
     </span>
     <span class='ocr_line' id='line_1_7' title="bbox 80 917 2576 1022; baseline 0.002 -36"><span class='ocrx_word' id='word_1_50' title='bbox 80 917 453 987; x_wconf 80' lang='lat' dir='ltr'><strong>veracissime</strong></span> <span class='ocrx_word' id='word_1_51' title='bbox 500 917 646 986; x_wconf 92' lang='lat' dir='ltr'><strong>dici</strong></span> <span class='ocrx_word' id='word_1_52' title='bbox 702 929 965 1008; x_wconf 89' lang='lat' dir='ltr'><strong>posset:</strong></span> <span class='ocrx_word' id='word_1_53' title='bbox 1017 923 1316 1010; x_wconf 80' lang='lat' dir='ltr'><strong>Populus</strong></span> <span class='ocrx_word' id='word_1_54' title='bbox 1375 921 1499 1022; x_wconf 80' lang='lat' dir='ltr'><strong>qui</strong></span> <span class='ocrx_word' id='word_1_55' title='bbox 1540 920 1804 989; x_wconf 80' lang='lat' dir='ltr'><strong>sedebat</strong></span> <span class='ocrx_word' id='word_1_56' title='bbox 1859 923 1928 989; x_wconf 83' lang='lat' dir='ltr'><strong>in</strong></span> <span class='ocrx_word' id='word_1_57' title='bbox 1985 922 2302 1002; x_wconf 80' lang='lat' dir='ltr'><strong>tenebris,</strong></span> <span class='ocrx_word' id='word_1_58' title='bbox 2363 925 2576 992; x_wconf 80' lang='lat' dir='ltr'><strong>lucem</strong></span> 
     </span>
     <span class='ocr_line' id='line_1_8' title="bbox 75 1007 2580 1100; baseline 0.004 -29"><span class='ocrx_word' id='word_1_59' title='bbox 75 1007 203 1074; x_wconf 69' lang='lat' dir='ltr'><strong>vidit</strong></span> <span class='ocrx_word' id='word_1_60' title='bbox 228 1030 531 1098; x_wconf 69' lang='lat' dir='ltr'><strong>may-nam</strong></span> <span class='ocrx_word' id='word_1_61' title='bbox 558 1032 581 1075; x_wconf 90' lang='lat'><strong>.·</strong></span> <span class='ocrx_word' id='word_1_62' title='bbox 636 1008 1091 1077; x_wconf 71' lang='lat' dir='ltr'><strong>habitantibus</strong></span> <span class='ocrx_word' id='word_1_63' title='bbox 1141 1011 1207 1077; x_wconf 73' lang='lat' dir='ltr'><strong>in</strong></span> <span class='ocrx_word' id='word_1_64' title='bbox 1242 1032 1512 1100; x_wconf 70' lang='lat' dir='ltr'><strong>reqzone</strong></span> <span class='ocrx_word' id='word_1_65' title='bbox 1542 1010 1819 1078; x_wconf 84' lang='lat' dir='ltr'><strong>umbrae</strong></span> <span class='ocrx_word' id='word_1_66' title='bbox 1852 1013 2105 1091; x_wconf 72' lang='lat' dir='ltr'><strong>mortiS,</strong></span> <span class='ocrx_word' id='word_1_67' title='bbox 2149 1014 2276 1080; x_wconf 73' lang='lat' dir='ltr'><strong>lum</strong></span> <span class='ocrx_word' id='word_1_68' title='bbox 2304 1022 2453 1081; x_wconf 80' lang='lat' dir='ltr'><strong>orta</strong></span> <span class='ocrx_word' id='word_1_69' title='bbox 2482 1023 2580 1081; x_wconf 79' lang='lat' dir='ltr'><strong>est</strong></span> 
     </span>
     <span class='ocr_line' id='line_1_9' title="bbox 72 1095 2566 1187; baseline 0.004 -28"><span class='ocrx_word' id='word_1_70' title='bbox 72 1097 145 1163; x_wconf 75' lang='lat' dir='ltr'><strong>eis</strong></span> <span class='ocrx_word' id='word_1_71' title='bbox 163 1095 309 1184; x_wconf 79' lang='lat' dir='ltr'><strong>(Isa.</strong></span> <span class='ocrx_word' id='word_1_72' title='bbox 341 1119 405 1165; x_wconf 84' lang='lat' dir='ltr'><strong>lx</strong></span> <span class='ocrx_word' id='word_1_73' title='bbox 464 1119 481 1177; x_wconf 91' lang='lat'>;</span> <span class='ocrx_word' id='word_1_74' title='bbox 530 1117 881 1187; x_wconf 83' lang='lat' dir='ltr'><strong>regnoque</strong></span> <span class='ocrx_word' id='word_1_75' title='bbox 914 1101 1336 1167; x_wconf 85' lang='lat' dir='ltr'><strong>Francorum</strong></span> <span class='ocrx_word' id='word_1_76' title='bbox 1365 1120 1405 1167; x_wconf 89' lang='lat' dir='ltr'><strong>a</strong></span> <span class='ocrx_word' id='word_1_77' title='bbox 1446 1097 1909 1168; x_wconf 54' lang='lat' dir='ltr'><strong>Deo‘donatus</strong></span> <span class='ocrx_word' id='word_1_78' title='bbox 1941 1098 2217 1169; x_wconf 85' lang='lat' dir='ltr'><strong>lucerna</strong></span> <span class='ocrx_word' id='word_1_79' title='bbox 2255 1099 2566 1181; x_wconf 91' lang='lat' dir='ltr'><strong>luminis,</strong></span> 
     </span>
     <span class='ocr_line' id='line_1_10' title="bbox 72 1185 1369 1273; baseline 0.005 -23"><span class='ocrx_word' id='word_1_80' title='bbox 72 1185 118 1250; x_wconf 80' lang='lat' dir='ltr'><strong>ei</strong></span> <span class='ocrx_word' id='word_1_81' title='bbox 158 1206 377 1273; x_wconf 88' lang='lat' dir='ltr'><strong>supera</strong></span> <span class='ocrx_word' id='word_1_82' title='bbox 428 1185 627 1255; x_wconf 87' lang='lat' dir='ltr'><strong>deret</strong></span> <span class='ocrx_word' id='word_1_83' title='bbox 655 1200 1056 1257; x_wconf 90' lang='lat' dir='ltr'><strong>ornamenta</strong></span> <span class='ocrx_word' id='word_1_84' title='bbox 1100 1187 1369 1257; x_wconf 81' lang='lat' dir='ltr'><strong>salutiS.</strong></span> 
     </span>
    </p>

    <p class='ocr_par' dir='ltr' id='par_1_3' title="bbox 73 1274 2575 1808">
     <span class='ocr_line' id='line_1_11' title="bbox 137 1274 2573 1379; baseline 0.001 -35"><span class='ocrx_word' id='word_1_85' title='bbox 137 1275 167 1360; x_wconf 67' lang='grc' dir='ltr'><strong>ξ</strong></span> <span class='ocrx_word' id='word_1_86' title='bbox 203 1277 271 1344; x_wconf 64' lang='lat'><strong>2.</strong></span> <span class='ocrx_word' id='word_1_87' title='bbox 318 1278 583 1344; x_wconf 82' lang='lat' dir='ltr'><strong>Interea</strong></span> <span class='ocrx_word' id='word_1_88' title='bbox 634 1274 803 1345; x_wconf 90' lang='lat' dir='ltr'><strong>dum</strong></span> <span class='ocrx_word' id='word_1_89' title='bbox 856 1276 1367 1347; x_wconf 90' lang='lat' dir='ltr'><strong>sacratissimus</strong></span> <span class='ocrx_word' id='word_1_90' title='bbox 1404 1276 1669 1347; x_wconf 88' lang='lat' dir='ltr'><strong>Domini</strong></span> <span class='ocrx_word' id='word_1_91' title='bbox 1722 1276 2027 1346; x_wconf 85' lang='lat' dir='ltr'><strong>famulus</strong></span> <span class='ocrx_word' id='word_1_92' title='bbox 2066 1299 2303 1347; x_wconf 89' lang='lat' dir='ltr'><strong>curam</strong></span> <span class='ocrx_word' id='word_1_93' title='bbox 2342 1278 2573 1379; x_wconf 78' lang='lat' dir='ltr'><strong>gregis</strong></span> 
     </span>
     <span class='ocr_line' id='line_1_12' title="bbox 74 1364 2574 1453; baseline 0.003 -24"><span class='ocrx_word' id='word_1_94' title='bbox 74 1382 291 1449; x_wconf 76' lang='lat' dir='ltr'><strong>gerens,</strong></span> <span class='ocrx_word' id='word_1_95' title='bbox 340 1364 881 1453; x_wconf 81' lang='lat' dir='ltr'><strong>parochiamque</strong></span> <span class='ocrx_word' id='word_1_96' title='bbox 932 1388 1127 1435; x_wconf 90' lang='lat' dir='ltr'><strong>suam</strong></span> <span class='ocrx_word' id='word_1_97' title='bbox 1165 1365 1604 1447; x_wconf 83' lang='lat' dir='ltr'><strong>circumienS,</strong></span> <span class='ocrx_word' id='word_1_98' title='bbox 1657 1365 1818 1436; x_wconf 92' lang='lat' dir='ltr'><strong>ovili</strong></span> <span class='ocrx_word' id='word_1_99' title='bbox 1866 1366 1999 1436; x_wconf 92' lang='lat' dir='ltr'><strong>sibi</strong></span> <span class='ocrx_word' id='word_1_100' title='bbox 2047 1367 2418 1436; x_wconf 88' lang='lat' dir='ltr'><strong>commisso</strong></span> <span class='ocrx_word' id='word_1_101' title='bbox 2471 1390 2574 1436; x_wconf 80' lang='lat' dir='ltr'><strong>tn-</strong></span> 
     </span>
     <span class='ocr_line' id='line_1_13' title="bbox 76 1450 2572 1607; baseline 0.004 -92"><span class='ocrx_word' id='word_1_102' title='bbox 76 1450 347 1607; x_wconf 56' lang='lat' dir='ltr'><strong>vifiilaret.</strong></span> <span class='ocrx_word' id='word_1_103' title='bbox 404 1474 488 1523; x_wconf 91' lang='lat' dir='ltr'><strong>ne</strong></span> <span class='ocrx_word' id='word_1_104' title='bbox 533 1476 678 1541; x_wconf 89' lang='lat' dir='ltr'><strong>qua</strong></span> <span class='ocrx_word' id='word_1_105' title='bbox 727 1454 1047 1544; x_wconf 89' lang='lat' dir='ltr'><strong>luporum</strong></span> <span class='ocrx_word' id='word_1_106' title='bbox 1104 1455 1396 1524; x_wconf 86' lang='lat' dir='ltr'><strong>versutia</strong></span> <span class='ocrx_word' id='word_1_107' title='bbox 1447 1455 1708 1524; x_wconf 88' lang='lat' dir='ltr'><strong>aditum</strong></span> <span class='ocrx_word' id='word_1_108' title='bbox 1762 1456 1830 1523; x_wconf 91' lang='lat' dir='ltr'><strong>in</strong></span> <span class='ocrx_word' id='word_1_109' title='bbox 1879 1475 1958 1524; x_wconf 90' lang='lat' dir='ltr'><strong>eo</strong></span> <span class='ocrx_word' id='word_1_110' title='bbox 2009 1455 2365 1536; x_wconf 89' lang='lat' dir='ltr'><strong>inveniret,</strong></span> <span class='ocrx_word' id='word_1_111' title='bbox 2404 1457 2572 1525; x_wconf 89' lang='lat' dir='ltr'><strong>etin</strong></span> 
     </span>
     <span class='ocr_line' id='line_1_14' title="bbox 73 1540 2573 1625; baseline 0.002 -19"><span class='ocrx_word' id='word_1_112' title='bbox 73 1540 116 1606; x_wconf 87' lang='lat' dir='ltr'><strong>vi</strong></span> <span class='ocrx_word' id='word_1_113' title='bbox 164 1562 280 1619; x_wconf 83' lang='lat' dir='ltr'><strong>am,</strong></span> <span class='ocrx_word' id='word_1_114' title='bbox 320 1543 428 1613; x_wconf 92' lang='lat' dir='ltr'><strong>cui</strong></span> <span class='ocrx_word' id='word_1_115' title='bbox 473 1542 729 1612; x_wconf 90' lang='lat' dir='ltr'><strong>Vivoch</strong></span> <span class='ocrx_word' id='word_1_116' title='bbox 782 1543 1189 1612; x_wconf 90' lang='lat' dir='ltr'><strong>vocabulum</strong></span> <span class='ocrx_word' id='word_1_117' title='bbox 1240 1556 1363 1625; x_wconf 90' lang='lat' dir='ltr'><strong>est,</strong></span> <span class='ocrx_word' id='word_1_118' title='bbox 1417 1543 1824 1623; x_wconf 89' lang='lat' dir='ltr'><strong>devenisset,</strong></span> <span class='ocrx_word' id='word_1_119' title='bbox 1872 1558 1936 1613; x_wconf 88' lang='lat' dir='ltr'><strong>et</strong></span> <span class='ocrx_word' id='word_1_120' title='bbox 1993 1544 2296 1613; x_wconf 91' lang='lat' dir='ltr'><strong>secunda</strong></span> <span class='ocrx_word' id='word_1_121' title='bbox 2348 1545 2573 1614; x_wconf 92' lang='lat' dir='ltr'><strong>Domi-</strong></span> 
     </span>
     <span class='ocr_line' id='line_1_15' title="bbox 74 1628 2573 1723; baseline 0.003 -28"><span class='ocrx_word' id='word_1_122' title='bbox 74 1628 193 1698; x_wconf 83' lang='lat' dir='ltr'><strong>nica</strong></span> <span class='ocrx_word' id='word_1_123' title='bbox 234 1632 550 1721; x_wconf 90' lang='lat' dir='ltr'><strong>temporis</strong></span> <span class='ocrx_word' id='word_1_124' title='bbox 602 1631 1234 1723; x_wconf 86' lang='lat' dir='ltr'><strong>Quadragesimalis</strong></span> <span class='ocrx_word' id='word_1_125' title='bbox 1283 1632 1595 1712; x_wconf 88' lang='lat' dir='ltr'><strong>adesset,</strong></span> <span class='ocrx_word' id='word_1_126' title='bbox 1653 1633 1964 1703; x_wconf 88' lang='lat' dir='ltr'><strong>mulieris</strong></span> <span class='ocrx_word' id='word_1_127' title='bbox 2002 1633 2364 1720; x_wconf 83' lang='lat' dir='ltr'><strong>cujusdam</strong></span> <span class='ocrx_word' id='word_1_128' title='bbox 2420 1633 2573 1723; x_wconf 90' lang='lat' dir='ltr'><strong>pul-</strong></span> 
     </span>
     <span class='ocr_line' id='line_1_16' title="bbox 74 1722 2575 1808; baseline 0.003 -24"><span class='ocrx_word' id='word_1_129' title='bbox 74 1732 225 1787; x_wconf 68' lang='lat' dir='ltr'><strong>satus</strong></span> <span class='ocrx_word' id='word_1_130' title='bbox 262 1735 355 1790; x_wconf 87' lang='lat' dir='ltr'><strong>est</strong></span> <span class='ocrx_word' id='word_1_131' title='bbox 402 1722 810 1792; x_wconf 83' lang='lat' dir='ltr'><strong>necessitate</strong></span> <span class='ocrx_word' id='word_1_132' title='bbox 844 1776 859 1801; x_wconf 92' lang='lat'><strong>,</strong></span> <span class='ocrx_word' id='word_1_133' title='bbox 912 1736 988 1791; x_wconf 91' lang='lat' dir='ltr'><strong>ut</strong></span> <span class='ocrx_word' id='word_1_134' title='bbox 1044 1734 1109 1791; x_wconf 87' lang='lat' dir='ltr'><strong>et</strong></span> <span class='ocrx_word' id='word_1_135' title='bbox 1156 1744 1313 1792; x_wconf 90' lang='lat' dir='ltr'><strong>cum</strong></span> <span class='ocrx_word' id='word_1_136' title='bbox 1388 1734 1647 1808; x_wconf 88' lang='lat' dir='ltr'><strong>quanta</strong></span> <span class='ocrx_word' id='word_1_137' title='bbox 1712 1722 2083 1792; x_wconf 89' lang='lat' dir='ltr'><strong>reverentia</strong></span> <span class='ocrx_word' id='word_1_138' title='bbox 2135 1723 2284 1792; x_wconf 88' lang='lat' dir='ltr'><strong>dies</strong></span> <span class='ocrx_word' id='word_1_139' title='bbox 2344 1743 2575 1792; x_wconf 90' lang='lat' dir='ltr'><strong>resur-</strong></span> 
     </span>
    </p>

    <p class='ocr_par' dir='ltr' id='par_1_4' title="bbox 22 1808 2593 4485">
     <span class='ocr_line' id='line_1_17' title="bbox 22 1808 2569 1900; baseline 0.001 -24"><span class='ocrx_word' id='word_1_140' title='bbox 22 1840 25 1899; x_wconf 50' lang='grc' dir='ltr'>ῃ</span> <span class='ocrx_word' id='word_1_141' title='bbox 74 1808 334 1879; x_wconf 84' lang='lat' dir='ltr'><strong>rectionis</strong></span> <span class='ocrx_word' id='word_1_142' title='bbox 383 1811 783 1880; x_wconf 89' lang='lat' dir='ltr'><strong>Dominicae</strong></span> <span class='ocrx_word' id='word_1_143' title='bbox 832 1809 962 1880; x_wconf 92' lang='lat' dir='ltr'><strong>coli</strong></span> <span class='ocrx_word' id='word_1_144' title='bbox 1019 1810 1307 1889; x_wconf 88' lang='lat' dir='ltr'><strong>debeat,</strong></span> <span class='ocrx_word' id='word_1_145' title='bbox 1363 1812 1696 1881; x_wconf 88' lang='lat' dir='ltr'><strong>Dominus</strong></span> <span class='ocrx_word' id='word_1_146' title='bbox 1755 1811 2184 1891; x_wconf 86' lang='lat' dir='ltr'><strong>ostenderet,</strong></span> <span class='ocrx_word' id='word_1_147' title='bbox 2241 1823 2306 1880; x_wconf 90' lang='lat' dir='ltr'><strong>et</strong></span> <span class='ocrx_word' id='word_1_148' title='bbox 2363 1812 2569 1900; x_wconf 89' lang='lat' dir='ltr'><strong>cujus</strong></span> 
     </span>
     <span class='ocr_line' id='line_1_18' title="bbox 72 1899 2567 1989; baseline 0.002 -23"><span class='ocrx_word' id='word_1_149' title='bbox 72 1899 391 1970; x_wconf 80' lang='lat' dir='ltr'><strong>sanctitatis</strong></span> <span class='ocrx_word' id='word_1_150' title='bbox 438 1900 628 1970; x_wconf 88' lang='lat' dir='ltr'><strong>idem</strong></span> <span class='ocrx_word' id='word_1_151' title='bbox 688 1899 955 1989; x_wconf 90' lang='lat' dir='ltr'><strong>praesul</strong></span> <span class='ocrx_word' id='word_1_152' title='bbox 1007 1914 1227 1977; x_wconf 86' lang='lat' dir='ltr'><strong>esset,</strong></span> <span class='ocrx_word' id='word_1_153' title='bbox 1290 1899 1690 1970; x_wconf 87' lang='lat' dir='ltr'><strong>declararet.</strong></span> <span class='ocrx_word' id='word_1_154' title='bbox 1746 1905 1909 1969; x_wconf 88' lang='lat' dir='ltr'><strong>Nam</strong></span> <span class='ocrx_word' id='word_1_155' title='bbox 1975 1922 2132 1970; x_wconf 90' lang='lat' dir='ltr'><strong>cum</strong></span> <span class='ocrx_word' id='word_1_156' title='bbox 2187 1900 2331 1988; x_wconf 85' lang='lat' dir='ltr'><strong>jam</strong></span> <span class='ocrx_word' id='word_1_157' title='bbox 2382 1900 2567 1970; x_wconf 91' lang='lat' dir='ltr'><strong>dicta</strong></span> 
     </span>
     <span class='ocr_line' id='line_1_19' title="bbox 22 1985 2568 2079; baseline 0.002 -27"><span class='ocrx_word' id='word_1_158' title='bbox 22 2008 25 2079; x_wconf 74' lang='grc' dir='ltr'>Ι</span> <span class='ocrx_word' id='word_1_159' title='bbox 76 1985 289 2069; x_wconf 84' lang='lat' dir='ltr'><strong>mulier,</strong></span> <span class='ocrx_word' id='word_1_160' title='bbox 341 1989 734 2079; x_wconf 72' lang='lat' dir='ltr'><strong>posthabita</strong></span> <span class='ocrx_word' id='word_1_161' title='bbox 777 1989 1107 2058; x_wconf 91' lang='lat' dir='ltr'><strong>Dominici</strong></span> <span class='ocrx_word' id='word_1_162' title='bbox 1159 1989 1295 2057; x_wconf 89' lang='lat' dir='ltr'><strong>diei</strong></span> <span class='ocrx_word' id='word_1_163' title='bbox 1345 1989 1745 2069; x_wconf 70' lang='lat' dir='ltr'><strong>reverentia,</strong></span> <span class='ocrx_word' id='word_1_164' title='bbox 1787 1988 2104 2078; x_wconf 85' lang='lat' dir='ltr'><strong>panifico,</strong></span> <span class='ocrx_word' id='word_1_165' title='bbox 2144 2011 2568 2076; x_wconf 91' lang='lat' dir='ltr'><strong>quamquam</strong></span> 
     </span>
     <span class='ocr_line' id='line_1_20' title="bbox 22 2074 2571 2164; baseline 0.001 -21"><span class='ocrx_word' id='word_1_166' title='bbox 22 2084 25 2101; x_wconf 92' lang='lat'>&#39;</span> <span class='ocrx_word' id='word_1_167' title='bbox 76 2074 237 2159; x_wconf 77' lang='lat' dir='ltr'><strong>jussa,</strong></span> <span class='ocrx_word' id='word_1_168' title='bbox 281 2077 657 2149; x_wconf 88' lang='lat' dir='ltr'><strong>deserviret</strong></span> <span class='ocrx_word' id='word_1_169' title='bbox 699 2078 1102 2158; x_wconf 89' lang='lat' dir='ltr'><strong>ministerio,</strong></span> <span class='ocrx_word' id='word_1_170' title='bbox 1162 2100 1406 2148; x_wconf 90' lang='lat' dir='ltr'><strong>manus</strong></span> <span class='ocrx_word' id='word_1_171' title='bbox 1456 2077 1638 2158; x_wconf 91' lang='lat' dir='ltr'><strong>illae,</strong></span> <span class='ocrx_word' id='word_1_172' title='bbox 1700 2099 1875 2164; x_wconf 88' lang='lat' dir='ltr'><strong>quae</strong></span> <span class='ocrx_word' id='word_1_173' title='bbox 1928 2100 2191 2148; x_wconf 89' lang='lat' dir='ltr'><strong>sacram</strong></span> <span class='ocrx_word' id='word_1_174' title='bbox 2245 2077 2571 2147; x_wconf 89' lang='lat' dir='ltr'><strong>solemni—</strong></span> 
     </span>
     <span class='ocr_line' id='line_1_21' title="bbox 86 2166 2570 2267; baseline 0.002 -38"><span class='ocrx_word' id='word_1_175' title='bbox 86 2174 232 2233; x_wconf 79' lang='lat' dir='ltr'><strong>tatem</strong></span> <span class='ocrx_word' id='word_1_176' title='bbox 275 2167 654 2238; x_wconf 85' lang='lat' dir='ltr'><strong>insolenter</strong></span> <span class='ocrx_word' id='word_1_177' title='bbox 682 2178 1012 2235; x_wconf 89' lang='lat' dir='ltr'><strong>temerare</strong></span> <span class='ocrx_word' id='word_1_178' title='bbox 1049 2180 1489 2248; x_wconf 86' lang='lat' dir='ltr'><strong>tentaverant,</strong></span> <span class='ocrx_word' id='word_1_179' title='bbox 1533 2166 1759 2238; x_wconf 91' lang='lat' dir='ltr'><strong>subito</strong></span> <span class='ocrx_word' id='word_1_180' title='bbox 1799 2166 2209 2267; x_wconf 79' lang='lat' dir='ltr'><strong>obriguere:</strong></span> <span class='ocrx_word' id='word_1_181' title='bbox 2256 2188 2570 2236; x_wconf 83' lang='lat' dir='ltr'><strong>arescen-</strong></span> 
     </span>
     <span class='ocr_line' id='line_1_22' title="bbox 92 2250 2573 2346; baseline 0 -23"><span class='ocrx_word' id='word_1_182' title='bbox 92 2250 335 2345; x_wconf 73' lang='lat' dir='ltr'><strong>tibusque</strong></span> <span class='ocrx_word' id='word_1_183' title='bbox 381 2279 417 2326; x_wconf 94' lang='lat' dir='ltr'><strong>a</strong></span> <span class='ocrx_word' id='word_1_184' title='bbox 462 2255 837 2346; x_wconf 86' lang='lat' dir='ltr'><strong>sanguinis</strong></span> <span class='ocrx_word' id='word_1_185' title='bbox 878 2254 1382 2326; x_wconf 86' lang='lat' dir='ltr'><strong>humectatione</strong></span> <span class='ocrx_word' id='word_1_186' title='bbox 1431 2256 1646 2337; x_wconf 90' lang='lat' dir='ltr'><strong>venis,</strong></span> <span class='ocrx_word' id='word_1_187' title='bbox 1688 2278 1766 2325; x_wconf 91' lang='lat' dir='ltr'><strong>ac</strong></span> <span class='ocrx_word' id='word_1_188' title='bbox 1805 2277 2028 2325; x_wconf 78' lang='lat' dir='ltr'><strong>nervis</strong></span> <span class='ocrx_word' id='word_1_189' title='bbox 2069 2256 2370 2325; x_wconf 85' lang='lat' dir='ltr'><strong>siccitate</strong></span> <span class='ocrx_word' id='word_1_190' title='bbox 2410 2277 2573 2325; x_wconf 88' lang='lat' dir='ltr'><strong>con-</strong></span> 
     </span>
     <span class='ocr_line' id='line_1_23' title="bbox 91 2343 2574 2446; baseline 0 -34"><span class='ocrx_word' id='word_1_191' title='bbox 91 2343 278 2440; x_wconf 69' lang='lat' dir='ltr'><strong>tractis,</strong></span> <span class='ocrx_word' id='word_1_192' title='bbox 300 2346 467 2415; x_wconf 88' lang='lat' dir='ltr'><strong>adeo</strong></span> <span class='ocrx_word' id='word_1_193' title='bbox 486 2344 814 2436; x_wconf 83' lang='lat' dir='ltr'><strong>stupidae</strong></span> <span class='ocrx_word' id='word_1_194' title='bbox 845 2357 1009 2414; x_wconf 90' lang='lat' dir='ltr'><strong>sunt</strong></span> <span class='ocrx_word' id='word_1_195' title='bbox 1036 2344 1359 2427; x_wconf 89' lang='lat' dir='ltr'><strong>redditae,</strong></span> <span class='ocrx_word' id='word_1_196' title='bbox 1390 2358 1466 2415; x_wconf 94' lang='lat' dir='ltr'><strong>ut</strong></span> <span class='ocrx_word' id='word_1_197' title='bbox 1491 2367 1760 2437; x_wconf 86' lang='lat' dir='ltr'><strong>ungues</strong></span> <span class='ocrx_word' id='word_1_198' title='bbox 1785 2344 1933 2436; x_wconf 89' lang='lat' dir='ltr'><strong>ejus</strong></span> <span class='ocrx_word' id='word_1_199' title='bbox 1958 2344 2207 2435; x_wconf 90' lang='lat' dir='ltr'><strong>palmis</strong></span> <span class='ocrx_word' id='word_1_200' title='bbox 2233 2343 2574 2446; x_wconf 81' lang='lat' dir='ltr'><strong>ambabus</strong></span> 
     </span>
     <span class='ocr_line' id='line_1_24' title="bbox 84 2428 2573 2518; baseline 0.002 -20"><span class='ocrx_word' id='word_1_201' title='bbox 84 2428 404 2505; x_wconf 74' lang='lat' dir='ltr'><strong>viderentur</strong></span> <span class='ocrx_word' id='word_1_202' title='bbox 464 2435 691 2505; x_wconf 82' lang='lat' dir='ltr'><strong>infixi.</strong></span> <span class='ocrx_word' id='word_1_203' title='bbox 753 2441 935 2518; x_wconf 90' lang='lat' dir='ltr'><strong>Quae</strong></span> <span class='ocrx_word' id='word_1_204' title='bbox 1002 2448 1185 2506; x_wconf 90' lang='lat' dir='ltr'><strong>tanta</strong></span> <span class='ocrx_word' id='word_1_205' title='bbox 1251 2435 1647 2506; x_wconf 85' lang='lat' dir='ltr'><strong>necessitate</strong></span> <span class='ocrx_word' id='word_1_206' title='bbox 1712 2435 2082 2512; x_wconf 85' lang='lat' dir='ltr'><strong>adstricta,</strong></span> <span class='ocrx_word' id='word_1_207' title='bbox 2151 2456 2368 2503; x_wconf 87' lang='lat' dir='ltr'><strong>unum</strong></span> <span class='ocrx_word' id='word_1_208' title='bbox 2440 2433 2573 2506; x_wconf 82' lang='lat' dir='ltr'><strong>Stbl</strong></span> 
     </span>
     <span class='ocr_line' id='line_1_25' title="bbox 22 2515 2572 2604; baseline 0.003 -20"><span class='ocrx_word' id='word_1_209' title='bbox 22 2515 25 2566; x_wconf 81' lang='lat'>¹</span> <span class='ocrx_word' id='word_1_210' title='bbox 77 2518 444 2594; x_wconf 63' lang='lat' dir='ltr'><strong>solummodo</strong></span> <span class='ocrx_word' id='word_1_211' title='bbox 499 2537 759 2595; x_wconf 88' lang='lat' dir='ltr'><strong>restare</strong></span> <span class='ocrx_word' id='word_1_212' title='bbox 811 2525 1188 2594; x_wconf 89' lang='lat' dir='ltr'><strong>remedium</strong></span> <span class='ocrx_word' id='word_1_213' title='bbox 1241 2524 1554 2604; x_wconf 90' lang='lat' dir='ltr'><strong>credidit,</strong></span> <span class='ocrx_word' id='word_1_214' title='bbox 1601 2538 1675 2594; x_wconf 93' lang='lat' dir='ltr'><strong>ut</strong></span> <span class='ocrx_word' id='word_1_215' title='bbox 1727 2525 1947 2594; x_wconf 91' lang='lat' dir='ltr'><strong>virum</strong></span> <span class='ocrx_word' id='word_1_216' title='bbox 2002 2524 2114 2593; x_wconf 92' lang='lat' dir='ltr'><strong>Dei</strong></span> <span class='ocrx_word' id='word_1_217' title='bbox 2151 2523 2413 2604; x_wconf 67' lang='lat' dir='ltr'><strong>adiens»,</strong></span> <span class='ocrx_word' id='word_1_218' title='bbox 2454 2545 2572 2591; x_wconf 89' lang='lat' dir='ltr'><strong>cu-</strong></span> 
     </span>
     <span class='ocr_line' id='line_1_26' title="bbox 22 2589 2572 2705; baseline 0.001 -28"><span class='ocrx_word' id='word_1_219' title='bbox 22 2589 25 2670; x_wconf 67' lang='lat' dir='ltr'><strong>l</strong></span> <span class='ocrx_word' id='word_1_220' title='bbox 72 2607 319 2690; x_wconf 84' lang='lat' dir='ltr'><strong>jusmodi</strong></span> <span class='ocrx_word' id='word_1_221' title='bbox 372 2625 747 2705; x_wconf 86' lang='lat' dir='ltr'><strong>urgeretur</strong></span> <span class='ocrx_word' id='word_1_222' title='bbox 798 2614 1240 2692; x_wconf 88' lang='lat' dir='ltr'><strong>necessitate,</strong></span> <span class='ocrx_word' id='word_1_223' title='bbox 1294 2627 1700 2702; x_wconf 83' lang='lat' dir='ltr'><strong>exponeret:</strong></span> <span class='ocrx_word' id='word_1_224' title='bbox 1757 2626 1960 2700; x_wconf 86' lang='lat' dir='ltr'><strong>atque</strong></span> <span class='ocrx_word' id='word_1_225' title='bbox 2007 2634 2159 2694; x_wconf 78' lang='lat' dir='ltr'><strong>eaS,</strong></span> <span class='ocrx_word' id='word_1_226' title='bbox 2218 2635 2392 2699; x_wconf 90' lang='lat' dir='ltr'><strong>quas</strong></span> <span class='ocrx_word' id='word_1_227' title='bbox 2442 2611 2572 2682; x_wconf 92' lang='lat' dir='ltr'><strong>sibi</strong></span> 
     </span>
     <span class='ocr_line' id='line_1_27' title="bbox 22 2673 2572 2860; baseline 0.002 -97"><span class='ocrx_word' id='word_1_228' title='bbox 22 2673 25 2766; x_wconf 64' lang='lat' dir='ltr'><strong>l</strong></span> <span class='ocrx_word' id='word_1_229' title='bbox 78 2700 358 2774; x_wconf 86' lang='lat' dir='ltr'><strong>temeritas</strong></span> <span class='ocrx_word' id='word_1_230' title='bbox 404 2702 816 2781; x_wconf 85' lang='lat' dir='ltr'><strong>abstulerat,</strong></span> <span class='ocrx_word' id='word_1_231' title='bbox 874 2725 992 2791; x_wconf 90' lang='lat' dir='ltr'><strong>per</strong></span> <span class='ocrx_word' id='word_1_232' title='bbox 1038 2702 1189 2860; x_wconf 43' lang='lat' dir='ltr'><strong>eius</strong></span> <span class='ocrx_word' id='word_1_233' title='bbox 1236 2703 1609 2773; x_wconf 89' lang='lat' dir='ltr'><strong>orationem</strong></span> <span class='ocrx_word' id='word_1_234' title='bbox 1649 2702 1778 2771; x_wconf 90' lang='lat' dir='ltr'><strong>sibi</strong></span> <span class='ocrx_word' id='word_1_235' title='bbox 1834 2702 2024 2771; x_wconf 89' lang='lat' dir='ltr'><strong>reddi</strong></span> <span class='ocrx_word' id='word_1_236' title='bbox 2078 2724 2327 2772; x_wconf 92' lang='lat' dir='ltr'><strong>manus</strong></span> <span class='ocrx_word' id='word_1_237' title='bbox 2376 2701 2572 2803; x_wconf 78' lang='lat' dir='ltr'><strong>flagi-</strong></span> 
     </span>
     <span class='ocr_line' id='line_1_28' title="bbox 22 2790 2568 2882; baseline 0.004 -34"><span class='ocrx_word' id='word_1_238' title='bbox 22 2797 25 2848; x_wconf 67' lang='grc' dir='ltr'><strong>ῑ</strong></span> <span class='ocrx_word' id='word_1_239' title='bbox 77 2798 220 2856; x_wconf 83' lang='lat' dir='ltr'><strong>taret.</strong></span> <span class='ocrx_word' id='word_1_240' title='bbox 265 2795 482 2879; x_wconf 82' lang='lat' dir='ltr'><strong>Neque</strong></span> <span class='ocrx_word' id='word_1_241' title='bbox 539 2814 697 2882; x_wconf 87' lang='lat' dir='ltr'><strong>spes</strong></span> <span class='ocrx_word' id='word_1_242' title='bbox 747 2813 895 2860; x_wconf 86' lang='lat' dir='ltr'><strong>eam</strong></span> <span class='ocrx_word' id='word_1_243' title='bbox 950 2790 1074 2860; x_wconf 85' lang='lat' dir='ltr'><strong>sese</strong></span> <span class='ocrx_word' id='word_1_244' title='bbox 1107 2791 1205 2861; x_wconf 92' lang='lat' dir='ltr'><strong>lit.</strong></span> <span class='ocrx_word' id='word_1_245' title='bbox 1262 2796 1425 2861; x_wconf 90' lang='lat' dir='ltr'><strong>Nam</strong></span> <span class='ocrx_word' id='word_1_246' title='bbox 1477 2791 1750 2861; x_wconf 87' lang='lat' dir='ltr'><strong>exeunti</strong></span> <span class='ocrx_word' id='word_1_247' title='bbox 1788 2790 1929 2860; x_wconf 90' lang='lat' dir='ltr'><strong>viro</strong></span> <span class='ocrx_word' id='word_1_248' title='bbox 1973 2792 2086 2859; x_wconf 85' lang='lat' dir='ltr'><strong>Dei</strong></span> <span class='ocrx_word' id='word_1_249' title='bbox 2136 2793 2222 2861; x_wconf 93' lang='lat' dir='ltr'><strong>ab</strong></span> <span class='ocrx_word' id='word_1_250' title='bbox 2255 2790 2568 2867; x_wconf 81' lang='lat' dir='ltr'><strong>ecclesia,</strong></span> 
     </span>
     <span class='ocr_line' id='line_1_29' title="bbox 22 2865 2576 2970; baseline 0.001 -25"><span class='ocrx_word' id='word_1_251' title='bbox 22 2865 25 2962; x_wconf 84' lang='lat'>!</span> <span class='ocrx_word' id='word_1_252' title='bbox 80 2873 226 2945; x_wconf 72' lang='lat' dir='ltr'><strong>obvie</strong></span> <span class='ocrx_word' id='word_1_253' title='bbox 266 2881 515 2951; x_wconf 88' lang='lat' dir='ltr'><strong>mulier</strong></span> <span class='ocrx_word' id='word_1_254' title='bbox 552 2881 636 2950; x_wconf 90' lang='lat' dir='ltr'><strong>ad</strong></span> <span class='ocrx_word' id='word_1_255' title='bbox 681 2880 887 2970; x_wconf 88' lang='lat' dir='ltr'><strong>pedes</strong></span> <span class='ocrx_word' id='word_1_256' title='bbox 926 2881 1232 2969; x_wconf 85' lang='lat' dir='ltr'><strong>proruit:</strong></span> <span class='ocrx_word' id='word_1_257' title='bbox 1286 2902 1463 2967; x_wconf 87' lang='lat' dir='ltr'><strong>quae</strong></span> <span class='ocrx_word' id='word_1_258' title='bbox 1511 2903 1659 2950; x_wconf 92' lang='lat' dir='ltr'><strong>eam</strong></span> <span class='ocrx_word' id='word_1_259' title='bbox 1716 2880 2080 2950; x_wconf 90' lang='lat' dir='ltr'><strong>necessitas</strong></span> <span class='ocrx_word' id='word_1_260' title='bbox 2121 2893 2415 2970; x_wconf 86' lang='lat' dir='ltr'><strong>urgeret.</strong></span> <span class='ocrx_word' id='word_1_261' title='bbox 2461 2902 2576 2948; x_wconf 87' lang='lat' dir='ltr'><strong>ex-</strong></span> 
     </span>
     <span class='ocr_line' id='line_1_30' title="bbox 22 2966 2576 3058; baseline -0.003 -16"><span class='ocrx_word' id='word_1_262' title='bbox 22 2987 25 3008; x_wconf 89' lang='lat'>&#39;</span> <span class='ocrx_word' id='word_1_263' title='bbox 91 2966 288 3042; x_wconf 59' lang='lat' dir='ltr'><strong>mit:</strong></span> <span class='ocrx_word' id='word_1_264' title='bbox 338 2970 907 3056; x_wconf 86' lang='lat' dir='ltr'><strong>subsidiumque,</strong></span> <span class='ocrx_word' id='word_1_265' title='bbox 962 2991 1098 3055; x_wconf 89' lang='lat' dir='ltr'><strong>quo</strong></span> <span class='ocrx_word' id='word_1_266' title='bbox 1146 2969 1231 3037; x_wconf 89' lang='lat' dir='ltr'><strong>ab</strong></span> <span class='ocrx_word' id='word_1_267' title='bbox 1279 2991 1358 3038; x_wconf 91' lang='lat' dir='ltr'><strong>eo</strong></span> <span class='ocrx_word' id='word_1_268' title='bbox 1455 2970 1623 3038; x_wconf 90' lang='lat' dir='ltr'><strong>ossit</strong></span> <span class='ocrx_word' id='word_1_269' title='bbox 1660 2970 1832 3050; x_wconf 91' lang='lat' dir='ltr'><strong>erui,</strong></span> <span class='ocrx_word' id='word_1_270' title='bbox 1876 2969 2262 3058; x_wconf 90' lang='lat' dir='ltr'><strong>postulavit.</strong></span> <span class='ocrx_word' id='word_1_271' title='bbox 2305 2968 2424 3038; x_wconf 84' lang='lat' dir='ltr'><strong>Cui</strong></span> <span class='ocrx_word' id='word_1_272' title='bbox 2463 2968 2576 3036; x_wconf 85' lang='lat' dir='ltr'><strong>Vir</strong></span> 
     </span>
     <span class='ocr_line' id='line_1_31' title="bbox 22 2992 2574 3154; baseline 0.003 -36"><span class='ocrx_word' id='word_1_273' title='bbox 22 3025 25 3148; x_wconf 62' lang='grc' dir='ltr'>ξ</span> <span class='ocrx_word' id='word_1_274' title='bbox 89 3049 209 3119; x_wconf 81' lang='lat' dir='ltr'><strong>Dei:</strong></span> <span class='ocrx_word' id='word_1_275' title='bbox 243 3059 505 3139; x_wconf 74' lang='lat' dir='ltr'><strong>«Vade,</strong></span> <span class='ocrx_word' id='word_1_276' title='bbox 557 3059 801 3145; x_wconf 89' lang='lat' dir='ltr'><strong>inquit,</strong></span> <span class='ocrx_word' id='word_1_277' title='bbox 856 3071 920 3127; x_wconf 86' lang='lat' dir='ltr'><strong>et</strong></span> <span class='ocrx_word' id='word_1_278' title='bbox 969 3059 1290 3149; x_wconf 87' lang='lat' dir='ltr'><strong>deinceps</strong></span> <span class='ocrx_word' id='word_1_279' title='bbox 1333 2992 1450 3127; x_wconf 61' lang='lat' dir='ltr'><strong>tal}</strong></span> <span class='ocrx_word' id='word_1_280' title='bbox 1505 3059 2060 3148; x_wconf 89' lang='lat' dir='ltr'><strong>praesumptione</strong></span> <span class='ocrx_word' id='word_1_281' title='bbox 2108 3059 2469 3154; x_wconf 50' lang='lat' dir='ltr'><strong>abstin·et0‚</strong></span> <span class='ocrx_word' id='word_1_282' title='bbox 2511 3069 2574 3126; x_wconf 88' lang='lat' dir='ltr'><strong>et</strong></span> 
     </span>
     <span class='ocr_line' id='line_1_32' title="bbox 22 3144 2570 3238; baseline 0.003 -30"><span class='ocrx_word' id='word_1_283' title='bbox 22 3183 25 3238; x_wconf 69' lang='lat'><strong>‘.</strong></span> <span class='ocrx_word' id='word_1_284' title='bbox 81 3144 571 3218; x_wconf 73' lang='lat' dir='ltr'><strong>emendationem</strong></span> <span class='ocrx_word' id='word_1_285' title='bbox 626 3161 811 3217; x_wconf 88' lang='lat' dir='ltr'><strong>tuam</strong></span> <span class='ocrx_word' id='word_1_286' title='bbox 866 3147 1125 3216; x_wconf 87' lang='lat' dir='ltr'><strong>sanitas</strong></span> <span class='ocrx_word' id='word_1_287' title='bbox 1170 3160 1648 3234; x_wconf 87' lang='lat' dir='ltr'><strong>consequetur.</strong></span> <span class='ocrx_word' id='word_1_288' title='bbox 1695 3169 1728 3213; x_wconf 84' lang='lat'>»</span> <span class='ocrx_word' id='word_1_289' title='bbox 1780 3148 1989 3235; x_wconf 88' lang='lat' dir='ltr'><strong>Cujus</strong></span> <span class='ocrx_word' id='word_1_290' title='bbox 2047 3147 2570 3236; x_wconf 89' lang='lat' dir='ltr'><strong>promissionem</strong></span> 
     </span>
     <span class='ocr_line' id='line_1_33' title="bbox 22 3235 2567 3325; baseline -0.001 -21"><span class='ocrx_word' id='word_1_291' title='bbox 22 3255 25 3304; x_wconf 86' lang='lat'>:</span> <span class='ocrx_word' id='word_1_292' title='bbox 77 3248 175 3297; x_wconf 78' lang='lat' dir='ltr'><strong>non</strong></span> <span class='ocrx_word' id='word_1_293' title='bbox 202 3236 526 3307; x_wconf 83' lang='lat' dir='ltr'><strong>Dominus</strong></span> <span class='ocrx_word' id='word_1_294' title='bbox 562 3237 628 3304; x_wconf 94' lang='lat' dir='ltr'><strong>in</strong></span> <span class='ocrx_word' id='word_1_295' title='bbox 665 3236 948 3324; x_wconf 86' lang='lat' dir='ltr'><strong>longum</strong></span> <span class='ocrx_word' id='word_1_296' title='bbox 984 3235 1274 3316; x_wconf 90' lang='lat' dir='ltr'><strong>distulit,</strong></span> <span class='ocrx_word' id='word_1_297' title='bbox 1321 3235 1434 3305; x_wconf 89' lang='lat' dir='ltr'><strong>sed</strong></span> <span class='ocrx_word' id='word_1_298' title='bbox 1472 3235 1698 3306; x_wconf 89' lang='lat' dir='ltr'><strong>statim</strong></span> <span class='ocrx_word' id='word_1_299' title='bbox 1737 3257 1939 3325; x_wconf 90' lang='lat' dir='ltr'><strong>opere</strong></span> <span class='ocrx_word' id='word_1_300' title='bbox 1972 3235 2359 3324; x_wconf 87' lang='lat' dir='ltr'><strong>complevit.</strong></span> <span class='ocrx_word' id='word_1_301' title='bbox 2402 3240 2567 3303; x_wconf 89' lang='lat' dir='ltr'><strong>Nam</strong></span> 
     </span>
     <span class='ocr_line' id='line_1_34' title="bbox 76 3323 2575 3414; baseline 0.004 -31"><span class='ocrx_word' id='word_1_302' title='bbox 76 3339 272 3391; x_wconf 78' lang='lat' dir='ltr'><strong>manus</strong></span> <span class='ocrx_word' id='word_1_303' title='bbox 316 3325 535 3406; x_wconf 84' lang='lat' dir='ltr'><strong>iltius,</strong></span> <span class='ocrx_word' id='word_1_304' title='bbox 573 3324 839 3394; x_wconf 92' lang='lat' dir='ltr'><strong>dudum</strong></span> <span class='ocrx_word' id='word_1_305' title='bbox 881 3324 1137 3413; x_wconf 89' lang='lat' dir='ltr'><strong>pallido</strong></span> <span class='ocrx_word' id='word_1_306' title='bbox 1179 3324 1492 3414; x_wconf 82' lang='lat' dir='ltr'><strong>perfusae</strong></span> <span class='ocrx_word' id='word_1_307' title='bbox 1544 3323 1792 3405; x_wconf 90' lang='lat' dir='ltr'><strong>colore,</strong></span> <span class='ocrx_word' id='word_1_308' title='bbox 1855 3324 1921 3392; x_wconf 88' lang='lat' dir='ltr'><strong>in</strong></span> <span class='ocrx_word' id='word_1_309' title='bbox 1975 3325 2357 3412; x_wconf 85' lang='lat' dir='ltr'><strong>genuinum</strong></span> <span class='ocrx_word' id='word_1_310' title='bbox 2411 3337 2575 3392; x_wconf 91' lang='lat' dir='ltr'><strong>sunt</strong></span> 
     </span>
     <span class='ocr_line' id='line_1_35' title="bbox 73 3412 2574 3504; baseline 0 -24"><span class='ocrx_word' id='word_1_311' title='bbox 73 3424 361 3483; x_wconf 79' lang='lat' dir='ltr'><strong>revocatae</strong></span> <span class='ocrx_word' id='word_1_312' title='bbox 395 3429 701 3504; x_wconf 89' lang='lat' dir='ltr'><strong>repente,</strong></span> <span class='ocrx_word' id='word_1_313' title='bbox 742 3412 1150 3501; x_wconf 88' lang='lat' dir='ltr'><strong>siccitasque</strong></span> <span class='ocrx_word' id='word_1_314' title='bbox 1195 3413 1551 3503; x_wconf 86' lang='lat' dir='ltr'><strong>peregrina</strong></span> <span class='ocrx_word' id='word_1_315' title='bbox 1581 3414 1891 3504; x_wconf 90' lang='lat' dir='ltr'><strong>sospitati</strong></span> <span class='ocrx_word' id='word_1_316' title='bbox 1927 3412 2169 3482; x_wconf 86' lang='lat' dir='ltr'><strong>cessit:</strong></span> <span class='ocrx_word' id='word_1_317' title='bbox 2207 3425 2272 3482; x_wconf 90' lang='lat' dir='ltr'><strong>et</strong></span> <span class='ocrx_word' id='word_1_318' title='bbox 2306 3422 2574 3501; x_wconf 88' lang='lat' dir='ltr'><strong>recepta</strong></span> 
     </span>
     <span class='ocr_line' id='line_1_36' title="bbox 68 3496 2572 3591; baseline 0.004 -31"><span class='ocrx_word' id='word_1_319' title='bbox 68 3496 309 3569; x_wconf 78' lang='lat' dir='ltr'><strong>sanitate</strong></span> <span class='ocrx_word' id='word_1_320' title='bbox 360 3504 677 3591; x_wconf 88' lang='lat' dir='ltr'><strong>pristina,</strong></span> <span class='ocrx_word' id='word_1_321' title='bbox 737 3502 1031 3571; x_wconf 84' lang='lat' dir='ltr'><strong>Creatori</strong></span> <span class='ocrx_word' id='word_1_322' title='bbox 1087 3503 1400 3573; x_wconf 87' lang='lat' dir='ltr'><strong>omnium</strong></span> <span class='ocrx_word' id='word_1_323' title='bbox 1454 3502 1845 3583; x_wconf 88' lang='lat' dir='ltr'><strong>benedixit,</strong></span> <span class='ocrx_word' id='word_1_324' title='bbox 1900 3514 2103 3589; x_wconf 88' lang='lat' dir='ltr'><strong>atque</strong></span> <span class='ocrx_word' id='word_1_325' title='bbox 2156 3502 2270 3571; x_wconf 90' lang='lat' dir='ltr'><strong>Dei</strong></span> <span class='ocrx_word' id='word_1_326' title='bbox 2313 3499 2572 3570; x_wconf 88' lang='lat' dir='ltr'><strong>famulo</strong></span> 
     </span>
     <span class='ocr_line' id='line_1_37' title="bbox 72 3589 1271 3681; baseline 0.007 -28"><span class='ocrx_word' id='word_1_327' title='bbox 72 3589 165 3666; x_wconf 73' lang='lat' dir='ltr'><strong>pro</strong></span> <span class='ocrx_word' id='word_1_328' title='bbox 206 3609 271 3657; x_wconf 89' lang='lat' dir='ltr'><strong>se</strong></span> <span class='ocrx_word' id='word_1_329' title='bbox 305 3592 554 3673; x_wconf 91' lang='lat' dir='ltr'><strong>oranti,</strong></span> <span class='ocrx_word' id='word_1_330' title='bbox 596 3590 853 3681; x_wconf 88' lang='lat' dir='ltr'><strong>gratias</strong></span> <span class='ocrx_word' id='word_1_331' title='bbox 894 3590 1271 3661; x_wconf 90' lang='lat' dir='ltr'><strong>reddidit...</strong></span> 
     </span>
     <span class='ocr_line' id='line_1_38' title="bbox 132 3677 2584 3770; baseline -0.001 -22"><span class='ocrx_word' id='word_1_332' title='bbox 132 3677 275 3760; x_wconf 67' lang='grc' dir='ltr'><strong>ἓδ.</strong></span> <span class='ocrx_word' id='word_1_333' title='bbox 332 3680 475 3750; x_wconf 75' lang='lat' dir='ltr'><strong>Alio</strong></span> <span class='ocrx_word' id='word_1_334' title='bbox 542 3680 774 3749; x_wconf 88' lang='lat' dir='ltr'><strong>itidem</strong></span> <span class='ocrx_word' id='word_1_335' title='bbox 855 3692 1154 3769; x_wconf 88' lang='lat' dir='ltr'><strong>tempore</strong></span> <span class='ocrx_word' id='word_1_336' title='bbox 1219 3703 1376 3751; x_wconf 91' lang='lat' dir='ltr'><strong>cum</strong></span> <span class='ocrx_word' id='word_1_337' title='bbox 1436 3679 1784 3770; x_wconf 77' lang='lat' dir='ltr'><strong>jeJunium</strong></span> <span class='ocrx_word' id='word_1_338' title='bbox 1858 3678 2311 3759; x_wconf 86' lang='lat' dir='ltr'><strong>triduanum,</strong></span> <span class='ocrx_word' id='word_1_339' title='bbox 2390 3677 2584 3763; x_wconf 71' lang='lat' dir='ltr'><strong>quod}</strong></span> 
     </span>
     <span class='ocr_line' id='line_1_39' title="bbox 22 3769 2578 3852; baseline 0.004 -26"><span class='ocrx_word' id='word_1_340' title='bbox 22 3777 25 3852; x_wconf 66' lang='lat' dir='ltr'><strong>l</strong></span> <span class='ocrx_word' id='word_1_341' title='bbox 72 3781 220 3831; x_wconf 69' lang='lat' dir='ltr'><strong>ruore</strong></span> <span class='ocrx_word' id='word_1_342' title='bbox 261 3783 533 3838; x_wconf 89' lang='lat' dir='ltr'><strong>sanctae</strong></span> <span class='ocrx_word' id='word_1_343' title='bbox 587 3769 924 3839; x_wconf 82' lang='lat' dir='ltr'><strong>Ecclesiae</strong></span> <span class='ocrx_word' id='word_1_344' title='bbox 982 3769 1457 3839; x_wconf 89' lang='lat' dir='ltr'><strong>universaliter</strong></span> <span class='ocrx_word' id='word_1_345' title='bbox 1495 3769 1919 3848; x_wconf 89' lang='lat' dir='ltr'><strong>celebratur,</strong></span> <span class='ocrx_word' id='word_1_346' title='bbox 1973 3779 2039 3838; x_wconf 88' lang='lat' dir='ltr'><strong>et</strong></span> <span class='ocrx_word' id='word_1_347' title='bbox 2086 3772 2340 3838; x_wconf 87' lang='lat' dir='ltr'><strong>Graeco</strong></span> <span class='ocrx_word' id='word_1_348' title='bbox 2383 3788 2578 3837; x_wconf 85' lang='lat' dir='ltr'><strong>voca-</strong></span> 
     </span>
     <span class='ocr_line' id='line_1_40' title="bbox 22 3847 2575 3948; baseline 0.002 -28"><span class='ocrx_word' id='word_1_349' title='bbox 22 3861 25 3916; x_wconf 76' lang='lat' dir='ltr'><strong>l</strong></span> <span class='ocrx_word' id='word_1_350' title='bbox 72 3847 199 3945; x_wconf 74' lang='lat' dir='ltr'><strong>bulo</strong></span> <span class='ocrx_word' id='word_1_351' title='bbox 242 3856 558 3936; x_wconf 88' lang='lat' dir='ltr'><strong>Litaniae,</strong></span> <span class='ocrx_word' id='word_1_352' title='bbox 614 3859 847 3926; x_wconf 89' lang='lat' dir='ltr'><strong>Latine</strong></span> <span class='ocrx_word' id='word_1_353' title='bbox 897 3880 1050 3926; x_wconf 82' lang='lat' dir='ltr'><strong>vero</strong></span> <span class='ocrx_word' id='word_1_354' title='bbox 1099 3858 1510 3948; x_wconf 84' lang='lat' dir='ltr'><strong>Rogationes</strong></span> <span class='ocrx_word' id='word_1_355' title='bbox 1570 3857 1966 3926; x_wconf 90' lang='lat' dir='ltr'><strong>nominatur</strong></span> <span class='ocrx_word' id='word_1_356' title='bbox 1996 3912 2010 3936; x_wconf 93' lang='lat'><strong>,</strong></span> <span class='ocrx_word' id='word_1_357' title='bbox 2067 3857 2370 3938; x_wconf 86' lang='lat' dir='ltr'><strong>instaret,</strong></span> <span class='ocrx_word' id='word_1_358' title='bbox 2426 3854 2575 3946; x_wconf 81' lang='lat' dir='ltr'><strong>glo-</strong></span> 
     </span>
     <span class='ocr_line' id='line_1_41' title="bbox 73 3945 2592 4035; baseline 0.005 -34"><span class='ocrx_word' id='word_1_359' title='bbox 73 3957 252 4010; x_wconf 83' lang='lat' dir='ltr'><strong>nosus</strong></span> <span class='ocrx_word' id='word_1_360' title='bbox 296 3947 563 4017; x_wconf 90' lang='lat' dir='ltr'><strong>Domini</strong></span> <span class='ocrx_word' id='word_1_361' title='bbox 617 3946 937 4035; x_wconf 84' lang='lat' dir='ltr'><strong>pontifex,</strong></span> <span class='ocrx_word' id='word_1_362' title='bbox 986 3948 1181 4033; x_wconf 83' lang='lat' dir='ltr'><strong>juxta</strong></span> <span class='ocrx_word' id='word_1_363' title='bbox 1229 3946 1797 4015; x_wconf 87' lang='lat' dir='ltr'><strong>consuetudinem</strong></span> <span class='ocrx_word' id='word_1_364' title='bbox 1855 3967 2020 4015; x_wconf 87' lang='lat' dir='ltr'><strong>suae</strong></span> <span class='ocrx_word' id='word_1_365' title='bbox 2053 3945 2417 4025; x_wconf 88' lang='lat' dir='ltr'><strong>Ecclesiae,</strong></span> <span class='ocrx_word' id='word_1_366' title='bbox 2459 3967 2592 4035; x_wconf 86' lang='lat' dir='ltr'><strong>per·</strong></span> 
     </span>
     <span class='ocr_line' id='line_1_42' title="bbox 73 4029 2593 4124; baseline 0.002 -26"><span class='ocrx_word' id='word_1_367' title='bbox 73 4029 281 4116; x_wconf 69' lang='lat' dir='ltr'><strong>oppida</strong></span> <span class='ocrx_word' id='word_1_368' title='bbox 326 4049 389 4104; x_wconf 93' lang='lat' dir='ltr'><strong>et</strong></span> <span class='ocrx_word' id='word_1_369' title='bbox 422 4036 697 4105; x_wconf 83' lang='lat' dir='ltr'><strong>castella</strong></span> <span class='ocrx_word' id='word_1_370' title='bbox 749 4036 969 4124; x_wconf 88' lang='lat' dir='ltr'><strong>coepit</strong></span> <span class='ocrx_word' id='word_1_371' title='bbox 1017 4035 1425 4113; x_wconf 86' lang='lat' dir='ltr'><strong>discurrere,</strong></span> <span class='ocrx_word' id='word_1_372' title='bbox 1474 4056 1869 4120; x_wconf 89' lang='lat' dir='ltr'><strong>sememque</strong></span> <span class='ocrx_word' id='word_1_373' title='bbox 1903 4036 2085 4104; x_wconf 89' lang='lat' dir='ltr'><strong>verbi</strong></span> <span class='ocrx_word' id='word_1_374' title='bbox 2123 4035 2236 4103; x_wconf 88' lang='lat' dir='ltr'><strong>Dei</strong></span> <span class='ocrx_word' id='word_1_375' title='bbox 2288 4035 2354 4102; x_wconf 93' lang='lat' dir='ltr'><strong>in</strong></span> <span class='ocrx_word' id='word_1_376' title='bbox 2409 4057 2593 4124; x_wconf 79' lang='lat' dir='ltr'><strong>agro·</strong></span> 
     </span>
     <span class='ocr_line' id='line_1_43' title="bbox 74 4117 2572 4214; baseline 0.004 -33"><span class='ocrx_word' id='word_1_377' title='bbox 74 4117 255 4188; x_wconf 73' lang='lat' dir='ltr'><strong>cordis</strong></span> <span class='ocrx_word' id='word_1_378' title='bbox 298 4125 725 4193; x_wconf 89' lang='lat' dir='ltr'><strong>audientium</strong></span> <span class='ocrx_word' id='word_1_379' title='bbox 777 4125 1153 4193; x_wconf 89' lang='lat' dir='ltr'><strong>seminare:</strong></span> <span class='ocrx_word' id='word_1_380' title='bbox 1213 4123 1626 4210; x_wconf 90' lang='lat' dir='ltr'><strong>veniensque</strong></span> <span class='ocrx_word' id='word_1_381' title='bbox 1683 4123 2114 4210; x_wconf 86' lang='lat' dir='ltr'><strong>Trajectum,</strong></span> <span class='ocrx_word' id='word_1_382' title='bbox 2161 4124 2359 4214; x_wconf 84' lang='lat' dir='ltr'><strong>juxta</strong></span> <span class='ocrx_word' id='word_1_383' title='bbox 2406 4146 2572 4192; x_wconf 89' lang='lat' dir='ltr'><strong>con-</strong></span> 
     </span>
     <span class='ocr_line' id='line_1_44' title="bbox 78 4208 2572 4313; baseline 0.003 -43"><span class='ocrx_word' id='word_1_384' title='bbox 78 4208 501 4292; x_wconf 73' lang='lat' dir='ltr'><strong>suetudinem,</strong></span> <span class='ocrx_word' id='word_1_385' title='bbox 559 4236 716 4281; x_wconf 85' lang='lat' dir='ltr'><strong>cum</strong></span> <span class='ocrx_word' id='word_1_386' title='bbox 769 4213 1038 4282; x_wconf 89' lang='lat' dir='ltr'><strong>clericis</strong></span> <span class='ocrx_word' id='word_1_387' title='bbox 1092 4211 1466 4313; x_wconf 86' lang='lat' dir='ltr'><strong>populique</strong></span> <span class='ocrx_word' id='word_1_388' title='bbox 1514 4210 1831 4302; x_wconf 82' lang='lat' dir='ltr'><strong>agmine,</strong></span> <span class='ocrx_word' id='word_1_389' title='bbox 1885 4223 1950 4278; x_wconf 89' lang='lat' dir='ltr'><strong>et</strong></span> <span class='ocrx_word' id='word_1_390' title='bbox 1991 4212 2572 4283; x_wconf 89' lang='lat' dir='ltr'><strong>victoriosissimis</strong></span> 
     </span>
     <span class='ocr_line' id='line_1_45' title="bbox 80 4291 2573 4392; baseline 0.005 -38"><span class='ocrx_word' id='word_1_391' title='bbox 80 4291 393 4369; x_wconf 69' lang='lat' dir='ltr'><strong>salvatoris</strong></span> <span class='ocrx_word' id='word_1_392' title='bbox 441 4302 857 4392; x_wconf 78' lang='lat' dir='ltr'><strong>insignibuS,</strong></span> <span class='ocrx_word' id='word_1_393' title='bbox 912 4307 1146 4372; x_wconf 74' lang='lat' dir='ltr'><strong>Crucis</strong></span> <span class='ocrx_word' id='word_1_394' title='bbox 1197 4299 1510 4369; x_wconf 89' lang='lat' dir='ltr'><strong>videlicet</strong></span> <span class='ocrx_word' id='word_1_395' title='bbox 1546 4299 1834 4379; x_wconf 86' lang='lat' dir='ltr'><strong>vexillis,</strong></span> <span class='ocrx_word' id='word_1_396' title='bbox 1876 4320 2137 4370; x_wconf 88' lang='lat' dir='ltr'><strong>necnon</strong></span> <span class='ocrx_word' id='word_1_397' title='bbox 2187 4314 2253 4371; x_wconf 91' lang='lat' dir='ltr'><strong>et</strong></span> <span class='ocrx_word' id='word_1_398' title='bbox 2301 4312 2573 4371; x_wconf 89' lang='lat' dir='ltr'><strong>sancto-</strong></span> 
     </span>
     <span class='ocr_line' id='line_1_46' title="bbox 82 4386 2576 4485; baseline 0.001 -34"><span class='ocrx_word' id='word_1_399' title='bbox 82 4396 196 4451; x_wconf 69' lang='lat' dir='ltr'><strong>rum</strong></span> <span class='ocrx_word' id='word_1_400' title='bbox 242 4388 368 4476; x_wconf 89' lang='lat' dir='ltr'><strong>piis</strong></span> <span class='ocrx_word' id='word_1_401' title='bbox 408 4390 716 4478; x_wconf 89' lang='lat' dir='ltr'><strong>reliquiis</strong></span> <span class='ocrx_word' id='word_1_402' title='bbox 764 4391 848 4460; x_wconf 89' lang='lat' dir='ltr'><strong>ab</strong></span> <span class='ocrx_word' id='word_1_403' title='bbox 895 4389 1152 4481; x_wconf 88' lang='lat' dir='ltr'><strong>oppido</strong></span> <span class='ocrx_word' id='word_1_404' title='bbox 1201 4386 1599 4477; x_wconf 85' lang='lat' dir='ltr'><strong>egreditur,</strong></span> <span class='ocrx_word' id='word_1_405' title='bbox 1659 4401 2148 4485; x_wconf 79' lang='lat' dir='ltr'><strong>peragraturus</strong></span> <span class='ocrx_word' id='word_1_406' title='bbox 2209 4411 2368 4458; x_wconf 89' lang='lat' dir='ltr'><strong>cum</strong></span> <span class='ocrx_word' id='word_1_407' title='bbox 2421 4408 2576 4476; x_wconf 87' lang='lat' dir='ltr'><strong>pre-</strong></span> 
     </span>
    </p>
   </div>
   <div class='ocr_carea' id='block_1_3' title="bbox 83 4467 2742 4624">
    <p class='ocr_par' dir='ltr' id='par_1_5' title="bbox 83 4467 2742 4624">
     <span class='ocr_line' id='line_1_47' title="bbox 83 4467 2586 4567; baseline -0 -29"><span class='ocrx_word' id='word_1_408' title='bbox 83 4467 231 4541; x_wconf 71' lang='lat' dir='ltr'><strong>cibus</strong></span> <span class='ocrx_word' id='word_1_409' title='bbox 275 4500 511 4567; x_wconf 81' lang='lat' dir='ltr'><strong>agros,</strong></span> <span class='ocrx_word' id='word_1_410' title='bbox 569 4492 643 4548; x_wconf 92' lang='lat' dir='ltr'><strong>ut</strong></span> <span class='ocrx_word' id='word_1_411' title='bbox 706 4484 908 4548; x_wconf 87' lang='lat' dir='ltr'><strong>Deum</strong></span> <span class='ocrx_word' id='word_1_412' title='bbox 963 4490 1149 4550; x_wconf 89' lang='lat' dir='ltr'><strong>tanto</strong></span> <span class='ocrx_word' id='word_1_413' title='bbox 1210 4489 1602 4566; x_wconf 85' lang='lat' dir='ltr'><strong>precaretur</strong></span> <span class='ocrx_word' id='word_1_414' title='bbox 1659 4474 2092 4548; x_wconf 70' lang='lat' dir='ltr'><strong>ambitiosius</strong></span> <span class='ocrx_word' id='word_1_415' title='bbox 2129 4532 2144 4557; x_wconf 92' lang='lat'><strong>,</strong></span> <span class='ocrx_word' id='word_1_416' title='bbox 2199 4488 2453 4561; x_wconf 83' lang='lat' dir='ltr'><strong>quanto</strong></span> <span class='ocrx_word' id='word_1_417' title='bbox 2509 4471 2586 4539; x_wconf 85' lang='lat' dir='ltr'><strong>id</strong></span> 
     </span>
     <span class='ocr_line' id='line_1_48' title="bbox 2675 4583 2742 4624; baseline 0 0"><span class='ocrx_word' id='word_1_418' title='bbox 2675 4583 2742 4624; x_wconf 50' lang='lat' dir='ltr'><strong>,Af</strong></span> 
     </span>
    </p>
   </div>
  </div>
 </body>
</html>
