2993 4837
17 291 112 352 ΟΥ.
164 289 248 352 22
622 305 698 349 on
748 301 799 348 s.
848 303 1136 351 cAscth
1188 301 1478 350 naiman
1527 305 1601 349 m
1651 305 1815 351 ,itus
2278 289 2405 353 645

38 396 67 478 ξ
109 395 248 462 m.
299 413 336 455 «
378 395 744 479 Propterea
791 411 953 479 ergo
1002 387 1119 457 ille
1157 387 1286 457 fuit
1338 387 1907 478 comprehensus,
1959 389 2081 476 qui
2137 403 2490 478 peecatum

19 502 72 550 [ιι]
102 479 281 555 fecit,
340 492 422 547 ut
463 478 865 547 liberaretur
911 499 1131 568 genus
1184 478 1598 558 humanum,
1652 477 1846 564 quod·
1876 477 2309 547 detinebatur
2350 479 2496 546 vin-

19 591 113 639 um
166 566 458 637 vinculo
511 567 789 655 peccati.
838 569 966 648 Qui
997 580 1098 636 est
1147 565 1572 645 benedictus,
1617 565 1747 635 fuit
1794 566 1924 636 sub
1975 566 2362 646 maledicto,
2415 579 2494 636 ut

17 680 60 727 is
90 680 125 725 a
177 656 559 726 maledicto
589 657 936 736 eximeret;
993 656 1322 725 sustinuit
1354 654 1738 734 illusiones,
1780 667 1856 724 ut
1886 677 2010 724 nos
2049 656 2367 725 liberaret
2405 655 2492 724 ab

17 747 249 816 lusione
296 746 752 824 daemonum,
792 746 913 831 qui
966 758 1323 814 versantur
1371 745 1439 811 in
1494 744 1621 812 hoc
1665 744 1944 813 mundo.
2003 745 2323 833 Spineam
2380 767 2484 813 co·

17 853 164 902 tnam
215 834 492 924 accepit
538 835 605 902 in
666 835 886 923 capite
919 889 933 914 ‚
988 848 1065 903 ut
1110 832 1474 923 capitalem
1531 833 1791 902 tolleret
1839 834 2244 902 sententiam
2316 855 2492 920 quae

17 924 267 1013 :spinis
319 937 765 1012 peccatorum
819 923 887 989 in
928 944 1052 993 nos
1092 922 1227 991 lata
1279 923 1522 991 suerat.
1580 922 1690 990 Fel
1752 924 1816 989 in
1869 921 2023 991 cibo
2084 923 2372 1009 accepit,
2418 936 2493 991 ut

17 1011 198 1079 llcem
256 1012 471 1101 primi
524 1010 828 1081 hominis
868 1025 1175 1100 gustum,
1232 1010 1417 1079 unde
1455 1033 1639 1079 mors
1673 1011 1742 1078 in
1807 1010 2147 1079 mundum
2214 1010 2339 1079 fuit
2391 1011 2492 1078 in-

17 1122 184 1176 ·essa,
227 1114 718 1169 commutaret.
773 1105 1048 1169 Potatus
1081 1113 1184 1168 est
1215 1113 1427 1177 aceto,
1467 1113 1543 1168 ut
1577 1100 2055 1180 acrimoniam,
2091 1121 2225 1185 qua
2268 1112 2494 1168 noster

21 1190 213 1277 inguis
245 1189 550 1270 ebulliit,
604 1190 671 1257 in
713 1210 785 1258 se
808 1189 1222 1278 -susciperet;
1263 1202 1326 1257 et
1366 1189 1550 1257 hunc
1584 1188 1758 1257 bibit
1797 1187 2081 1257 calicem
2122 1189 2486 1276 passionis,

24 1277 68 1343 ii
106 1280 351 1346 nostris
392 1277 776 1347 debebatur
813 1277 1014 1346 vitiis.
1055 1278 1364 1347 Nudatus
1403 1291 1528 1357 est,
1569 1292 1643 1345 ut
1686 1291 2071 1346 nostrorum
2129 1292 2488 1366 parentum

26 1364 337 1446 mitatem,
378 1388 594 1453 quam
650 1366 832 1456 passi
875 1379 1038 1436 sunt
1069 1366 1358 1435 consilio
1409 1368 1770 1454 serpentiS,
1825 1367 2041 1434 niveis
2086 1378 2335 1455 tegeret
2383 1366 2489 1433 in-

29 1457 299 1525 imentis.
342 1461 420 1525 In
475 1456 663 1545 ligno
707 1455 833 1524 fuit
882 1478 1287 1545 suspensus
1343 1468 1417 1524 ut
1470 1454 1640 1544 ligni
1693 1455 2329 1544 transgressionem,
2372 1477 2491 1544 per

31 1545 320 1613 tssionem
357 1545 538 1634 ligni
570 1544 806 1614 Crucis
838 1565 1003 1612 suae
1048 1545 1370 1612 aboleret.
1412 1549 1688 1612 Mortem
1733 1543 1818 1611 ad
1868 1565 1940 1612 se
1991 1544 2220 1611 venire
2269 1544 2493 1612 admi-

30 1647 58 1708 ῖ,
102 1647 168 1702 ut
215 1657 453 1703 secum
496 1634 867 1703 luctantem
906 1634 1282 1710 sauciaret,
1336 1645 1399 1700 et
1460 1654 1774 1721 regnum.
1829 1632 2010 1718 quod
2064 1633 2322 1700 invenit
2374 1655 2492 1721 per

36 1734 332 1807 rpentem,
392 1724 761 1801 amitteret,
797 1736 861 1791 et
896 1745 1053 1790 cum
1094 1723 1242 1810 ipso
1277 1736 1589 1809 serpente
1622 1722 1948 1800 sauciata,
2036 1743 2109 1790 er
2140 1721 2486 1790 Christum

32 1821 124 1875 eret
153 1812 440 1900 captiva.
500 1814 960 1892 Quamobrem
1005 1811 1237 1878 omnia
1296 1809 1629 1878 elementa
1682 1833 1841 1877 cum
1903 1811 1963 1878 vi
2022 1810 2232 1878 issent
2278 1833 2480 1880 suum

32 1895 302 1966 lectorem
362 1901 672 1969 sublime
721 1913 949 1968 aetum
1018 1901 1085 1967 in
1136 1921 1437 1979 crucem,
1519 1919 1768 1988 magno
1821 1913 2004 1967 metu
2059 1913 2489 1967 contremue-

33 1998 125 2051 int.
164 1992 316 2056 Nam
355 2012 437 2058 ex
475 2010 616 2057 una
665 2003 853 2074 parte
918 2002 1097 2056 mota
1143 2001 1244 2056 est
1296 2001 1495 2066 terra,
1558 2001 1621 2055 et
1677 2009 1757 2055 ex
1806 1987 2014 2056 altera
2066 1987 2277 2056 fracta
2327 2003 2489 2056 sunt

39 2075 190 2160 mpla
230 2090 291 2145 et
338 2091 603 2167 petrae,
657 2077 832 2166 sugit
901 2077 1048 2146 dies
1078 2131 1092 2156 ‚
1149 2076 1245 2144 sol
1300 2076 1427 2145 fuit
1473 2077 1907 2156 conterrituS,
1965 2091 2029 2145 et
2076 2077 2489 2145 obscuratus

43 2160 119 2226 xit
157 2167 436 2235 tenebris
476 2166 876 2234 universum
947 2166 1315 2245 mundum;
1379 2165 1542 2233 luna
1594 2187 1758 2234 suae
1827 2165 1998 2234 lucis
2047 2165 2482 2254 splendorem

34 2246 141 2315 ube
180 2268 445 2324 cruenta
504 2255 809 2343 operuit;
864 2268 1042 2322 astra
1107 2254 1277 2323 coeli
1332 2254 1482 2322 luce
1533 2253 2063 2342 resplendentia,
2117 2254 2353 2322 omnia
2394 2254 2492 2323 si-

37 2335 110 2402 iul
151 2356 288 2411 sunt
323 2356 618 2414 mutata.
660 2343 907 2410 Stridet
970 2359 1168 2422 terra,
1223 2356 1288 2411 et
1344 2342 1548 2410 veluti
1601 2343 1900 2431 pariens,
1948 2343 2169 2429 coepit
2237 2342 2488 2410 multos

38 2439 210 2519 foetos
273 2434 560 2502 reddere
608 2455 686 2500 ex
737 2431 1111 2522 sepulcris:
1174 2434 1293 2519 qui
1342 2432 1623 2518 quidem
1679 2431 1802 2500 hoc
1876 2432 2133 2500 dabant
2191 2433 2492 2501 testimo-

38 2533 167 2610 ¹11m‚
215 2523 386 2605 quod
429 2522 806 2591 Servatoris
837 2521 1210 2593 descensus
1238 2521 1321 2589 ad
1357 2521 1634 2603 interca,
1672 2520 1983 2589 dissolvit
2017 2543 2302 2609 regnum
2338 2520 2486 2588 dia·

38 2599 116 2678 ili,
160 2619 216 2673 et
263 2626 579 2680 mortuus
633 2624 915 2679 mortem
968 2612 1193 2680 affecit
1244 2609 1649 2698 ignominia,
1693 2624 1756 2678 et
1790 2632 2185 2698 percussam
2243 2609 2479 2688 vinxit,

75 2694 331 2789 subjecit
369 2701 666 2788 pedibus
699 2721 1049 2768 servorum
1088 2722 1400 2769 suorum.
1442 2698 1637 2767 lllinc
1671 2698 1936 2767 clarum
1979 2712 2102 2776 est,
2146 2697 2327 2783 quod
2367 2719 2492 2786 pro

38 2794 214 2849 imme
243 2786 388 2873 ejus
441 2788 668 2878 puniti
702 2787 1112 2877 gaudemus,
1169 2802 1233 2857 et
1280 2787 1663 2876 gloriamur
1711 2787 1777 2855 in
1836 2787 2480 2875 persecutionibus;

37 2866 142 2966 aod·
177 2870 342 2943 banc
416 2890 719 2946 nostram
789 2877 1018 2955 vitam,
1074 2898 1248 2962 quae
1311 2877 1393 2944 ad
1465 2890 1764 2963 tempus,
1812 2891 1876 2945 et
1925 2878 1990 2944 in
2043 2898 2250 2961 quam
2303 2874 2488 2944 cadit

35 2964 271 3049 {teritus
309 2977 583 3033 aeterna
626 2977 689 3033 et
737 2987 912 3050 quae
956 2987 1310 3050 nunquam
1356 2964 1608 3032 desinit
1642 2965 1773 3032 vita
1804 2966 2077 3054 excipit;
2114 2987 2320 3050 quam
2359 2966 2486 3032 *Dei

34 3038 179 3143 ilius.
228 3072 381 3119 cum
420 3054 826 3123 surrexisset
873 3076 909 3120 a
947 3054 1259 3132 mortuis,
1294 3054 1442 3121 suis
1491 3053 1790 3122 ostendit
1830 3053 2189 3143 Apostolis,
2229 3054 2487 3140 quibus

34 3123 508 3235 dspteientibus,
564 3155 963 3243 assumptus
997 3140 1122 3209 fuit
1174 3142 1238 3208 in
1276 3142 1525 3210 coelos.

57 3217 252 3299 sm.
299 3251 332 3293 «
363 3235 505 3300 Hoc
553 3252 717 3320 ergo
764 3252 823 3299 sl
867 3230 932 3297 in
982 3230 1184 3298 trium
1230 3244 1570 3300 conventu
1620 3230 2048 3305 ostendisset,
2102 3229 2492 3318 intelligen-

36 3320 125 3371 Um
166 3316 601 3403 cogitationes
662 3339 793 3388 non
854 3332 1129 3407 possent
1199 3319 1540 3388 dubitare.
1595 3324 1862 3400 Quanto
1913 3334 2139 3389 autem
2216 3318 2482 3408 magis,

31 3394 131 3481 ‚uod
166 3420 287 3470 non
324 3408 548 3476 solum
585 3408 946 3477 duodecim
1006 3407 1392 3496 discipuliS‚
1449 3408 1563 3477 sed
1616 3408 1768 3496 plus
1816 3430 2023 3495 quam
2088 3407 2494 3495 quingentis

30 3484 155 3550 lfflul
202 3492 495 3581 seipsum
546 3497 870 3585 dignatus
901 3510 1002 3566 est
1049 3497 1429 3575 ostendere,
1491 3518 1571 3563 ne
1624 3497 1987 3586 vestigium
2043 3496 2325 3583 quidem
2382 3517 2485 3564 re-

28 3583 261 3673 nquens
307 3582 519 3654 ullius
587 3586 1083 3655 dubitationis?
1125 3585 1232 3653 Illi
1275 3599 1532 3665 autem,
1588 3587 1707 3671 qui
1747 3586 1811 3652 in
1868 3587 1974 3655 his
2031 3587 2235 3654 rebus
2296 3598 2490 3652 erant

28 3666 216 3759 [num-¹,
246 3680 308 3736 et
358 3672 420 3740 in
465 3696 739 3743 omnem
797 3674 1135 3743 mundum
1192 3674 1382 3742 missi
1417 3674 1496 3741 ad
1549 3674 2116 3762 praedicandum,
2158 3674 2378 3761 signis
2426 3687 2496 3742 et

24 3756 244 3851 338018,
274 3761 603 3852 prodigiis
688 3763 1195 3831 confirmabant
1245 3784 1441 3831 suam
1518 3762 2123 3851 praedicationem.
2184 3767 2347 3832 Nam
2428 3774 2494 3831 et

24 3845 188 3929 *moes
235 3846 658 3920 infirmitates
705 3865 1038 3920 curarunt
1074 3852 1141 3919 in
1184 3851 1339 3935 ejus
1373 3852 1675 3929 nomine,
1732 3850 2058 3940 fugarunt
2091 3852 2484 3932 daemoneS,

19 3923 246 4024 Unam
279 3935 721 4009 redd-iderunt
759 3941 1069 4008 mortuis.
1105 3940 1375 4009 Nullam
1414 3938 1536 4010 tibi
1571 3940 1865 4009 arbitror
1899 3961 2249 4008 remanere
2284 3961 2494 4025 quae-

20 4008 262 4094 ’²¹⁰¹¹9¹¹¹‚
304 4023 429 4092 nisi
462 4043 536 4096 ut
588 4027 764 4097 lianc
817 4029 1018 4097 vitam
1074 4030 1309 4098 animo
1350 4041 1414 4097 et
1469 4050 1752 4117 corpore
1793 4028 2159 4116 despicias,
2199 4042 2263 4096 et
2298 4027 2483 4095 illam

19 4087 370 4213 [ssbementer
411 4129 475 4184 et
507 4128 898 4186 constanter
952 4117 1287 4203 inquiras.
1333 4123 1499 4186 Nam
1536 4118 1655 4203 qui
1687 4117 1905 4187 credit
1948 4118 2012 4184 in
2054 4118 2163 4185 Dei
2211 4116 2483 4193 Filium,

17 4184 192 4263 *eius
223 4195 529 4295 adhaeret
566 4206 967 4293 praeceptis,
1006 4206 1285 4291 quando
1338 4205 1690 4285 morietur,
1729 4207 1878 4294 ejus
1912 4227 2164 4294 corpus
2197 4228 2230 4272 a
2279 4215 2490 4270 morte

17 4263 150 4385 Jullss
180 4278 491 4361 afficietur
542 4293 835 4381 injuria:
892 4295 1008 4361 sed
1045 4295 1367 4363 asanctis
1417 4293 1692 4383 Angelis
1745 4296 1808 4362 in
1850 4294 2037 4362 ulnis
2086 4290 2484 4379 excipietur,

19 4358 52 4409 Χ
90 4375 139 4421 ¹s¹
188 4363 388 4444 locum
448 4381 743 4468 paradisi
794 4383 1199 4450 abducetur.
1254 4383 1431 4450 Hinc
1487 4404 1671 4449 mors
1720 4405 1876 4450 cum
1932 4381 2205 4449 diabolo
2254 4376 2487 4457 efficit,
