2993 4837
95 249 240 315 NOV.
291 249 367 313 ⁴7
775 267 854 313 nn
901 267 956 313 s.
1012 265 1325 314 cazcomo
1372 266 1841 314 mmuxruaco
2360 253 2487 316 565

94 373 354 435 corpora,
436 350 699 439 rojectis
748 350 1111 420 horrendis
1159 351 1603 420 laniabantur
1633 350 1940 440 unguliS,
1975 362 2038 419 et
2070 352 2206 421 alia
2255 352 2577 422 innume-

93 442 289 510 rabilia
325 374 855 529 acfmultiplices
882 462 1249 529 corporum
1294 442 1644 511 cruciatus
1685 441 1956 508 inventa
1991 440 2077 509 ab
2110 443 2207 509 eis
2241 443 2579 529 excogita-

89 531 316 599 bantur.
345 534 704 615 Unumque
742 530 1217 598 eratstudium
1261 529 1365 609 iis,
1413 531 1533 616 qui
1566 530 1740 599 lianc
1771 530 2114 597 habebant
2153 545 2572 616 potestatem,

86 633 142 687 ut
170 619 387 687 nullus
438 640 517 685 eo
570 630 795 707 posset
845 619 1115 687 ostendi
1147 618 1399 687 scelere
1446 620 1784 706 superior.
1831 618 1958 686 Alii
1997 619 2274 704 quidem
2320 618 2575 688 defere-

82 708 236 787 bant,
284 707 399 775 alii
446 729 599 775 vero
650 706 1080 788 indicabant,
1134 708 1250 775 alii
1301 729 1457 776 vero
1505 708 1995 777 scrutabantur
2039 730 2154 776 eos
2216 708 2333 794 qui
2383 720 2578 778 erant

82 797 381 865 absconsi.
433 796 558 863 Alii
607 796 1023 866 invadebant
1068 818 1184 865 eos
1240 797 1356 884 qui
1407 796 1786 883 fugiebant.
1841 796 1963 864 Atii
2007 810 2260 877 autem,
2308 798 2575 884 injectis

80 885 265 954 oculis
295 886 355 952 in
386 884 740 953 facultates
780 884 1115 965 fidelium,
1156 898 1231 953 ut
1264 887 1470 954 rebus
1503 909 1738 955 eorum
1785 886 2187 974 potirentur,
2228 898 2575 973 praetextu

81 975 309 1061 pietatis
356 996 432 1042 ac
481 973 834 1063 religionis
866 995 1003 1053 eoa,
1045 974 1164 1060 qui
1217 974 1417 1041 iidem
1462 975 2077 1065 amplectebantur,
2115 974 2566 1062 expellebant.

147 1065 336 1149 §12
389 1067 545 1130 Erat
608 1075 835 1130 autem
887 1064 955 1131 in
1009 1076 1209 1152 gente
1254 1061 1615 1144 confusio,
1673 1062 2127 1152 perplexaque
2175 1078 2238 1131 et
2287 1064 2575 1152 inexpli—

80 1152 281 1220 cabilis
327 1152 539 1221 animi
586 1151 948 1231 dubitatiO,
1000 1174 1156 1220 cum
1193 1165 1420 1220 essent
1453 1174 1693 1222 omnes
1728 1153 1901 1220 inter
1939 1174 2011 1221 se
2045 1153 2369 1239 suspecti,
2409 1175 2568 1221 cum

84 1241 280 1308 necin
329 1254 511 1309 tanto
558 1253 813 1309 terrore
867 1253 1170 1309 maneret
1216 1239 1517 1309 filiorum
1575 1241 1641 1308 in
1698 1254 2009 1329 parentes
2073 1240 2520 1309 beneficentia
2550 1296 2565 1322 ,

83 1348 261 1413 neque
307 1342 624 1414 paternae
670 1351 878 1397 curae
916 1352 955 1397 a
992 1343 1233 1397 natura
1269 1330 1662 1417 ingenerata
1715 1330 2422 1399 fidelitas-remaneret
2455 1352 2571 1418 pa-

80 1418 344 1487 rentibus
390 1419 456 1486 in
510 1417 715 1486 filios.
769 1423 845 1487 In
901 1419 1122 1487 varios
1168 1432 1394 1486 autem
1434 1420 1606 1486 ritus
1656 1418 2007 1508 religionis
2059 1419 2231 1487 inter
2264 1441 2334 1486 se
2387 1420 2568 1487 scin-

78 1504 372 1576 debantur
426 1529 701 1597 genera.
756 1512 832 1574 Et
880 1506 1110 1585 fitius,
1171 1507 1292 1593 qui
1340 1520 1482 1575 erat
1539 1508 1854 1594 gentilis,
1906 1520 2050 1575 erat
2102 1508 2404 1596 proditor
2453 1530 2570 1593 pa-

78 1609 304 1663 rentum
368 1596 729 1675 fidelium3
799 1608 863 1664 et
932 1595 1189 1675 lilium,
1244 1596 1362 1682 qui
1413 1595 1846 1675 crediderat,
1919 1608 2106 1685 pater
2173 1597 2571 1665 incredulus

78 1684 416 1753 accusabat.
473 1689 551 1752 Et
591 1683 820 1764 frater,
867 1685 983 1770 qui
1025 1698 1169 1752 erat
1215 1706 1294 1752 ex
1341 1684 1579 1754 eadem
1625 1685 1948 1764 essentia,
2007 1688 2359 1775 pugnabat
2407 1708 2566 1753 cum

77 1787 303 1853 natura,
355 1786 669 1843 sanctum
721 1795 868 1841 esse
906 1773 1346 1851 existimanS,
1394 1795 1665 1842 sumere
1717 1795 1969 1861 poenas
2016 1774 2100 1841 de
2154 1774 2570 1862 consangui-

77 1880 197 1937 neo,
250 1863 300 1932 si
344 1865 659 1951 pietatem
711 1862 1257 1950 amplecteretur.
1324 1863 1499 1930 Hinc
1553 1861 1789 1949 plenae
1836 1862 2115 1949 quidem
2173 1876 2367 1931 erant
2407 1863 2570 1931 soli-

76 1949 307 2020 tudines
360 1952 444 2019 iis
510 1951 632 2037 qui
689 1950 1248 2039 expellebantur3
1302 1950 1803 2020 habitatoribus
1851 1964 2078 2019 autem
2129 1951 2331 2020 aedes
2377 1964 2571 2021 erant

80 2035 320 2119 inanes;
388 2040 603 2108 multa
678 2054 902 2108 autem
982 2039 1255 2127 publica
1328 2039 1723 2108 habitacula
1790 2039 1872 2107 ad
1941 2062 2144 2108 usum
2214 2063 2566 2108 carcerum

80 2125 521 2197 deserviebant.
580 2133 718 2196 Non
764 2128 1282 2217 poterantenim
1327 2150 1637 2196 carceres
1671 2150 1914 2215 capere
1964 2150 2202 2196 eorum
2258 2128 2570 2196 multitu-

84 2211 262 2284 dinem
295 2220 412 2304 qui
457 2228 734 2305 propter
778 2217 983 2286 fidem
1040 2217 1552 2306 puniebantur;
1607 2217 1886 2302 soraque
1934 2219 2190 2293 omnia,
2229 2232 2291 2285 et
2331 2238 2570 2286 omnes

86 2303 289 2387 publici
336 2321 400 2375 et
452 2306 696 2395 privati
749 2320 1025 2386 coetuS,
1088 2327 1206 2393 pro
1247 2319 1571 2374 consueta
1617 2304 1868 2374 laetitia
1918 2305 2329 2374 calamitatis
2377 2318 2571 2375 erant

84 2390 204 2461 talis
232 2396 613 2486 participes,
666 2417 824 2464 curn
866 2394 983 2463 alii
1032 2394 1311 2481 quidem
1350 2394 1875 2475 attraherentur,
1918 2394 2036 2463 alii
2086 2416 2240 2465 vero
2274 2394 2569 2464 abduce·

76 2499 310 2564 rentur,
360 2485 477 2554 alii
536 2498 809 2574 propter
853 2505 929 2552 ea
966 2538 980 2563 ,
1026 2505 1201 2570 quae
1257 2485 1533 2563 fiebant,
1584 2484 1681 2553 vel
1742 2485 2080 2564 riderent,
2141 2484 2240 2552 vel
2299 2490 2560 2552 flerent.

72 2571 183 2637 Non
218 2587 350 2641 erat
386 2574 754 2642 infantium
797 2573 1290 2652 misericordia,
1340 2596 1471 2641 non
1515 2574 1729 2641 lionor
1762 2574 2061 2650 canitiei,
2119 2596 2251 2642 non
2300 2573 2570 2642 virtutis

71 2664 423 2754 reverentia,
465 2662 584 2730 sed
624 2661 904 2750 perinde
938 2675 1139 2746 atque
1175 2662 1241 2729 in
1278 2662 1668 2751 captivitate
1715 2662 2092 2731 dedebatur
2126 2663 2352 2732 omnis
2383 2677 2568 2731 aetas

69 2747 328 2818 inimicis
376 2751 564 2819 fidei.
618 2756 709 2820 Ne
743 2748 1061 2820 foeminis
1101 2751 1381 2836 quidem
1420 2750 1626 2820 dabat
1664 2751 1997 2820 naturalis
2035 2752 2305 2840 generis
2355 2751 2570 2819 inibe-

68 2834 301 2918 ciuitas,
337 2853 413 2908 ut
462 2853 764 2909 remotae
810 2852 1037 2907 essent
1083 2840 1169 2907 ab
1230 2840 1335 2907 liis
1384 2840 1780 2908 aerumnis:
1835 2840 1950 2909 sed
2013 2864 2151 2908 una
2211 2841 2274 2908 in
2328 2861 2569 2908 omnes

68 2927 329 3019 aequalis
376 2942 523 2998 erat
572 2928 676 2998 lex
731 2927 1181 3008 crudelitatis,
1234 2951 1349 2997 eos
1401 2927 1777 3008 adducens,
1834 2929 1952 3015 qui
1992 2943 2186 2997 erant
2226 2928 2430 2998 alieni
2480 2930 2568 2999 ab

69 3010 259 3094 idolis,
303 3030 618 3086 naturam
682 3039 816 3086 non
880 3017 1304 3085 discernens.
1361 3022 1525 3086 Cum
1581 3030 1743 3085 tunc
1804 3038 1966 3106 ergo
2029 3018 2565 3087 imbecillitatem

66 3115 309 3173 naturae
342 3106 624 3175 vidisset
673 3107 776 3174 vir
826 3105 938 3173 ille
989 3128 1306 3196 magnus,
1365 3118 1596 3195 utpote
1634 3104 1815 3191 quod
1871 3105 2067 3175 multi
2119 3128 2251 3174 non
2295 3118 2569 3206 possent

66 3209 163 3274 pro
210 3195 442 3281 pietate
482 3216 704 3280 usque
742 3194 825 3262 ad
877 3207 1159 3263 mortem
1221 3195 1611 3273 decertare,
1659 3193 2009 3262 consuluit
2057 3194 2394 3264 Ecclesiae
2426 3249 2440 3274 ,
2495 3207 2570 3261 ut

64 3296 397 3375 parumper
444 3283 714 3352 cederet
771 3282 1055 3352 terribili
1128 3284 1545 3373 irruptioni,
1611 3283 1849 3351 dicens
1907 3305 2056 3352 esse
2107 3283 2353 3351 melius
2391 3338 2406 3363 ‚
2459 3281 2569 3350 fu-

61 3369 277 3451 giendo
323 3394 486 3440 suas
536 3393 937 3441 conservare
971 3372 1263 3451 animaS,
1318 3394 1525 3458 quam
1571 3372 1627 3440 si
1664 3383 1919 3440 starent
1958 3373 2020 3439 in
2059 3372 2205 3440 acie
2252 3371 2564 3439 certami-

62 3473 228 3537 num,
277 3472 502 3529 essent
549 3460 869 3529 ordinum
919 3460 1077 3529 fidei
1128 3460 1552 3530 desertores:
1606 3475 1670 3528 et
1717 3473 1793 3529 ut
1830 3461 2120 3529 maxime
2159 3481 2566 3546 persuasum

60 3559 206 3614 esset
238 3547 655 3628 horninibus,
716 3548 982 3616 nullum
1029 3549 1300 3618 animae
1333 3551 1574 3618 afferre
1618 3549 2025 3638 periculum,
2069 3549 2122 3618 si
2162 3549 2322 3637 fuga
2361 3548 2565 3616 fidem

60 3649 416 3730 servarent,
482 3660 607 3706 suo
654 3637 965 3727 exemplo
1027 3638 1126 3707 eis
1173 3639 1518 3718 consulit,
1585 3653 1657 3707 ut
1715 3638 2154 3713 secederent,
2218 3639 2362 3726 ipse
2410 3650 2567 3705 ante

59 3718 203 3789 alios
246 3725 493 3797 cedens
541 3726 921 3795 vehementi
975 3727 1302 3816 periculo,
1359 3727 1576 3796 Simul
1631 3740 1855 3796 autern
1899 3727 1980 3795 iis
2010 3749 2306 3813 quoque,
2359 3747 2565 3815 penes

58 3827 205 3892 quos
230 3828 367 3883 erat
396 3828 711 3904 potestaS,
753 3816 879 3884 boc
918 3817 1214 3885 maximo
1245 3829 1387 3883 erat
1435 3815 1687 3898 studio,
1733 3829 1808 3884 ut
1850 3816 1965 3884 illo
2003 3830 2348 3901 tamquam
2388 3814 2566 3883 duce

58 3902 357 3971 exercitus
403 3918 834 4004 expugnate,
888 3926 1162 3973 omnem
1222 3904 1381 3972 fidei
1423 3905 1638 3973 aciem
1701 3905 2093 3994 frangerent
2131 3919 2194 3973 et
2237 3903 2563 3972 dissolve-

61 3999 206 4055 rent.
236 3996 306 4059 Et
336 3991 485 4061 ideo
517 3993 780 4062 inimici
812 4015 1224 4084 magnopere
1249 3994 1638 4075 studebant,
1682 4009 1758 4063 ut
1787 3993 1898 4062 ille
1934 3994 2000 4061 in
2036 4015 2270 4062 eorum
2310 3994 2563 4061 veniret

59 4087 448 4158 potestatem.

132 4164 163 4248 ξ
207 4170 333 4236 18.
391 4174 542 4258 lpse
590 4184 815 4240 autem
867 4193 1022 4239 cum
1069 4171 1410 4240 desertum
1462 4170 1806 4257 quendam
1853 4170 2094 4239 collem
2132 4181 2556 4260 occupasset,

63 4267 263 4351 §ecum
306 4256 561 4329 habeus
606 4282 790 4338 eum,
844 4260 962 4345 qui
1002 4282 1081 4329 ex
1121 4260 1394 4360 aedituo
1434 4260 1777 4328 adductus
1818 4260 2035 4329 fuerat
2085 4260 2166 4328 ad
2219 4260 2423 4328 fidem
2476 4259 2570 4330 ab

65 4352 260 4423 initio,
326 4346 466 4435 jam
542 4349 954 4417 Diaconatus
1016 4348 1272 4440 gratiae
1329 4349 1858 4417 1nservientem:
1930 4372 2087 4418 cum
2150 4362 2377 4420 autem
2442 4346 2566 4438 qui
