2993 4837
520 293 647 356 502
1050 309 1126 354 nn
1174 307 1266 354 ss.
1320 307 1595 358 suomi.
1650 308 1842 354 cunia
1889 308 1965 355 m
2010 308 2180 355 nnn
2229 309 2346 355 n.
2647 289 2812 355 Rev,
2859 292 2932 353 ⁴5

428 393 805 482 quaeritur,
850 391 1127 460 Abibus.
1180 415 1214 458 »
1258 395 1424 460 Cum
1466 407 1693 461 autem
1746 393 2074 480 Lysanias
2120 391 2457 461 audiisset
2501 391 2786 461 Abibum
2827 405 2966 461 sua*

429 494 672 571 sponte
718 481 973 564 adiisse
1020 480 1104 549 ad
1145 482 1543 561 certamina,
1586 481 1958 550 arbitratus
1987 503 2138 549 eam
2174 502 2318 550 rem
2353 502 2503 550 esse
2535 495 2943 571 contemptus

425 586 492 639 et
538 570 911 651 audaciae,
970 582 1045 639 ut
1107 570 1228 656 qui
1304 569 1766 659 parvifecisset
1830 570 2296 640 austeritatem
2361 570 2759 650 tribunalis,
2803 591 2944 639 eum

427 660 654 728 statim
698 671 895 728 curat
932 658 1325 727 ducendum
1380 659 1447 726 in
1489 659 1865 746 judicium3
1903 658 2514 745 conditionemque
2543 660 2634 728 ab
2667 681 2749 728 eo
2781 661 2940 747 petit,

427 761 491 818 et
543 769 816 827 nomen,
858 759 923 817 et
972 747 1289 837 patriam.
1352 751 1517 816 Cum
1581 770 1734 818 vero
1795 747 2260 835 respondisset
2331 769 2402 817 se
2475 747 2765 834 quidem
2823 769 2946 816 esse

426 850 653 906 ortum
703 858 738 904 e
780 837 925 904 vico
965 835 1314 916 Thelsaea,
1353 837 1811 926 significasset
1858 848 2112 914 autem,
2168 858 2241 905 se
2278 857 2430 904 esse
2477 836 2734 905 Christi
2772 837 2946 905 mini-

430 938 691 1004 strum,
752 926 982 994 statim
1034 930 1394 1010 Martyrem
1455 939 1557 993 est
1604 926 2012 994 criminatus
2067 929 2369 1005 PraeseS,
2423 924 2610 1011 quod
2669 946 2806 994 non
2849 925 2950 994 ob·

431 1026 875 1102 temperasset
927 1014 1145 1102 jussis
1195 1014 1661 1105 Imperatoris.
1723 1014 1947 1100 Hujus
2010 1027 2264 1082 autem·
2308 1014 2404 1081 rei
2458 1027 2785 1101 apertum
2830 1035 2966 1083 esse

427 1102 697 1172 dicebat
753 1102 1084 1171 indicium
1120 1157 1135 1183 ,
1188 1103 1368 1189 quod
1419 1103 1566 1171 Jovi
1628 1103 1787 1172 thus
1838 1124 1969 1170 non
2023 1101 2466 1171 sacrificaret.
2519 1102 2614 1171 Ad
2673 1103 2860 1181 haec,
2896 1125 2966 1170 se:

423 1192 704 1277 quidem
763 1192 1225 1261 Christianum
1284 1213 1456 1270 esse,
1522 1191 1791 1260 dicebat
1829 1190 2108 1271 Abibus,
2145 1203 2211 1259 et
2271 1212 2405 1258 non
2461 1212 2672 1280 posse
2737 1214 2950 1261 verum

341 1295 349 1304 ·
427 1285 636 1349 Deum
681 1280 1090 1366 relinquere,
1130 1280 1520 1349 sacrificare
1552 1294 1778 1349 autem
1823 1279 2153 1348 inanimis
2182 1292 2248 1347 et
2288 1278 2482 1348 nullo
2523 1302 2746 1350 sensu
2791 1303 2951 1369 prae·

428 1369 590 1438 ditis
638 1369 962 1457 operibus
1015 1392 1375 1438 manuum.
1430 1375 1706 1438 Praeses
1752 1389 1930 1447 vero,
1970 1390 2129 1436 eum
2182 1367 2466 1437 brachia
2500 1369 2822 1438 vinctum
2870 1368 2950 1436 fu·

428 1458 894 1546 nibuS,jussit
943 1458 1009 1526 in
1048 1457 1235 1546 ligno
1274 1457 1644 1526 sublimem
1696 1457 1947 1533 extolli,
1988 1469 2053 1526 et
2099 1455 2335 1527 ferreis
2382 1457 2758 1546 unguibus
2809 1457 2950 1526 lace«

431 1547 589 1616 rari.
622 1552 778 1615 Erat
803 1558 1028 1615 autem
1065 1546 1429 1636 suspensio
1465 1546 1665 1635 longe
1696 1545 2075 1625 violentior,
2110 1567 2317 1632 quam
2354 1545 2709 1615 laceratio.
2743 1547 2950 1614 Venie-

428 1635 750 1704 batenim
794 1635 860 1703 in
904 1635 1313 1723 periculum,
1353 1658 1437 1705 ne
1471 1635 1998 1723 discerperetur,
2040 1656 2198 1703 cum
2246 1634 2540 1704 violenta
2573 1636 2950 1704 extensione

427 1725 488 1793 ei
537 1722 1024 1793 divellerentur
1065 1723 1369 1792 brachia.

515 1815 551 1900 ξ
591 1819 736 1884 1².
780 1813 1060 1882 Interim
1097 1812 1264 1881 dum
1300 1812 1358 1880 is
1398 1812 1718 1901 penderet
1755 1811 2102 1893 sublimis,
2140 1832 2514 1880 conversus
2548 1823 2654 1881 est
2691 1817 2950 1882 Praeses

428 1901 512 1970 ad
566 1901 935 1971 blanditias
971 1957 985 1980 ,
1047 1915 1112 1969 et
1159 1901 1460 1991 fingebat
1516 1923 1587 1971 se
1633 1922 1782 1971 esse
1833 1903 2224 1990 patientem.
2294 1900 2692 1968 Minabatur
2737 1917 2947 1970 autem

426 1991 629 2060 etiam
682 1992 1017 2080 graviora,
1064 1991 1118 2058 si
1175 2012 1304 2059 non
1352 2004 1648 2060 mutaret
1697 1990 2147 2078 propositum.
2188 1987 2310 2057 Ille
2357 2004 2614 2057 autem:
2656 2011 2696 2055 s
2736 1994 2946 2064 Nemo,

429 2081 677 2167 inquit,
730 2102 836 2148 me
884 2078 1178 2148 abducet
1222 2101 1259 2147 a
1306 2078 1483 2147 fide:
1542 2101 1759 2165 neque
1825 2077 2285 2168 persuadebit,
2344 2092 2420 2146 ut
2466 2075 2753 2146 adorem
2819 2077 2948 2146 dae-

429 2191 690 2248 moneS,
742 2169 1009 2237 etiamsi
1061 2167 1256 2257 plura
1310 2181 1645 2238 tormenta
1694 2166 1938 2236 inserat
1983 2180 2047 2235 et
2098 2168 2377 2255 maJora.
2420 2188 2456 2232 »
2506 2170 2678 2234 Cum
2739 2181 2947 2236 autem

428 2257 625 2326 vellet
672 2259 846 2327 scire
896 2263 1171 2327 Praeses
1206 2312 1221 2335 ‚
1274 2279 1650 2342 quamnam
1700 2257 1767 2325 ei·
1817 2256 2176 2324 utilitatem
2249 2268 2587 2323 tormenta
2636 2256 2947 2324 concilia·

430 2359 622 2427 rent,
675 2368 852 2434 quae
920 2368 1173 2435 corpus
1233 2344 1452 2413 solum
1516 2358 1984 2424 consumunt,
2052 2343 2300 2413 Christi
2349 2348 2603 2432 Martyr
2655 2343 2944 2414 Abibus:

427 2459 464 2502 «
516 2442 655 2506 Non
709 2435 789 2504 ad
838 2457 1157 2523 praesens
1195 2457 1417 2521 usque
1467 2449 1760 2523 tempus,
1797 2435 2043 2521 inquit,
2081 2446 2310 2502 nostra
2350 2434 2793 2502 consistunt:
2853 2453 2947 2501 net

427 2547 506 2594 ea
553 2524 774 2594 solum
819 2526 1177 2610 sequimur
1224 2546 1402 2610 quae
1439 2538 1840 2593 cernuntur.
1886 2522 2069 2599 Quod
2116 2523 2172 2591 si
2220 2535 2294 2591 tu
2339 2543 2613 2608 quoque
2669 2521 2952 2592 volueris

428 2613 783 2702 adspicere
835 2614 915 2681 ad
974 2635 1161 2701 spem
1235 2626 1300 2681 et
1352 2613 1759 2699 promissam
1812 2611 2012 2680 nobis
2073 2610 2697 2679 remunerationem
2734 2665 2750 2689 ,
2811 2611 2952 2680 forte

426 2703 627 2771 etiam
680 2702 868 2770 dices
899 2723 1055 2769 curn
1109 2701 1351 2770 Paulo:
1405 2707 1548 2771 Non
1593 2712 1746 2769 sunt
1786 2702 2152 2792 condignae
2177 2701 2519 2789 passiones
2555 2699 2770 2788 hujus
2821 2712 2952 2769 tem-

418 2792 606 2881 poris
653 2791 742 2859 ad
785 2791 1077 2879 gloriam
1124 2813 1297 2881 quae
1345 2801 1440 2859 est
1501 2790 1867 2859 revelanda
1922 2791 1993 2857 in
2056 2789 2240 2857 nobis
2297 2788 2512 2876 (Rom.
2568 2788 2742 2877 vm).
2813 2793 2950 2857 Cum

428 2892 655 2947 autem
707 2884 982 2948 Praeses
1035 2900 1112 2946 ea
1162 2901 1337 2966 quae
1383 2879 1815 2957 dicebantur,
1854 2882 2209 2946 damnaret
2256 2875 2622 2955 stultitiae;
2670 2891 2738 2946 et
2793 2898 2952 2945 nunc

430 2965 709 3054 quidem
764 2966 1126 3036 blandiens
1191 2981 1256 3036 et
1313 2967 1596 3036 subiens
1668 2988 2026 3055 personam
2091 2966 2496 3054 patientiae,
2564 2986 2752 3033 nunc
2825 2984 2954 3033 vern

431 3057 706 3124 minans
755 3070 818 3124 et
865 3056 1179 3134 acerbam
1232 3058 1290 3125 ei
1345 3070 1628 3125 mortem
1676 3057 2044 3134 intentanS,
2102 3054 2319 3122 neutri
2378 3075 2617 3122 eorum
2663 3076 2826 3122 cum
2877 3055 2954 3119 vi·

428 3145 617 3214 deret
663 3145 933 3213 cedere:
990 3167 1025 3211 «
1076 3151 1218 3215 Non
1273 3146 1392 3214 tibi
1437 3145 1869 3233 repentinum
1921 3158 1986 3211 et
2020 3154 2235 3212 totum
2286 3141 2498 3211 simul
2538 3142 2714 3210 vitae
2766 3144 2952 3211 finem

428 3234 706 3304 afferam
748 3234 1185 3323 (sententiam
1223 3236 1282 3304 ei
1339 3232 1872 3322 pronunciavit),
1909 3232 2024 3300 sed
2080 3247 2141 3300 te
2193 3231 2373 3299 lento
2425 3232 2583 3319 igne
2632 3231 2948 3319 paulatim

430 3322 920 3410 liquefactum,
981 3323 1270 3391 efficiam
1327 3324 1658 3392 immitem
1710 3338 1775 3390 et
1823 3320 2333 3410 implacabilem
2399 3320 2714 3388 animam
2768 3320 2950 3407 depo-

432 3434 611 3481 nere.
654 3434 687 3478 »
734 3412 939 3491 Dixit,
994 3424 1060 3479 et
1105 3432 1266 3480 cum
1317 3433 1555 3481 versus
1603 3412 2134 3499 septentrionem
2192 3423 2376 3478 extra
2432 3408 2786 3478 civitatem
2834 3406 2952 3475 col·

429 3501 599 3570 lecta
672 3501 911 3571 fuisset
973 3501 1254 3568 materia
1288 3556 1302 3581 ‚
1359 3500 1743 3569 ducebatur
1791 3498 1874 3566 ad
1928 3520 2170 3587 rogum
2205 3553 2220 3579 ,
2287 3510 2615 3583 sequente
2691 3496 2946 3583 quidem

433 3604 667 3671 matre,
709 3590 1156 3676 sequentibus
1204 3603 1429 3658 autem
1496 3590 1583 3657 iis
1642 3609 1961 3674 quoque,
2021 3587 2143 3673 qui
2202 3585 2375 3655 alias
2422 3608 2502 3654 co
2561 3586 2834 3667 natione
2875 3580 2942 3649 ad

428 3700 584 3748 eum
635 3678 1035 3747 attinebant.
1081 3677 1198 3746 Ille
1236 3700 1388 3746 vero
1423 3692 1782 3766 postquam
1819 3689 1994 3745 esset
2027 3689 2368 3763 precatus,
2405 3688 2472 3743 et
2508 3608 2945 3743 benedixisset

428 3769 778 3847 omnibuS,
816 3780 882 3836 et
926 3767 987 3835 ei
1035 3766 1351 3836 osculum
1387 3767 1689 3835 dedisset
1734 3765 1802 3832 in
1860 3767 2169 3839 Domino,
2206 3785 2494 3833 accensa
2529 3777 2759 3831 autem
2795 3770 2942 3831 esset

433 3858 714 3925 materia
762 3857 850 3926 ab
898 3856 984 3924 iis
1031 3857 1149 3942 qui
1199 3856 1284 3924 ad
1336 3855 1401 3923 id
1455 3855 1862 3933 serviebant,
1901 3854 1970 3920 in
2027 3854 2250 3942 ignem
2289 3852 2636 3941 injicitur3
2695 3865 2760 3920 et
2806 3868 2938 3917 cum

427 3957 662 4036 aperto
702 3967 817 4014 ore
856 3945 1208 4013 flammam
1259 3946 1656 4032 accepisset,
1693 3942 1878 4033 apud
1914 3964 2099 4015 eum.
2141 3940 2258 4028 qui
2307 3940 2610 4017 dederat,
2644 3941 2936 4029 spiritum

426 4034 766 4124 deposuit.
812 4033 1060 4103 Deinde
1107 4056 1264 4102 cum
1309 4033 1491 4122 ignis
1522 4045 1699 4101 esset
1728 4031 2030 4109 sedatus,
2072 4030 2192 4116 qui
2232 4029 2317 4097 ad
2355 4028 2930 4098 eum-attinebant.

430 4125 725 4212 pretioso
792 4123 999 4191 linteo
1067 4144 1223 4192 eum
1287 4120 1947 4199 circumdederunt,
2011 4133 2076 4188 et
2125 4119 2503 4207 unguentis
2571 4125 2966 4187 unxerunt:¹

426 4234 729 4298 cumque
769 4211 1073 4299 psalmos
1119 4222 1183 4279 et
1234 4211 1551 4300 hymnoS,
1591 4223 1667 4280 ut
1719 4232 1842 4298 par
1885 4221 2054 4286 erat,
2099 4207 2538 4287 cecinissent,
2598 4226 2792 4293 prope
2833 4205 2966 4298 Sa:¹

432 4320 706 4367 monam
755 4313 819 4367 et
866 4301 1144 4369 Guriam
1196 4322 1351 4368 eum
1404 4299 1918 4388 deposuerunt,
1964 4296 2047 4364 ad
2101 4295 2391 4386 gloriam
2444 4294 2658 4363 Patris
2699 4304 2758 4361 et
2800 4286 2922 4381 Filii

428 4398 493 4454 et
528 4387 823 4474 Spiritus
872 4388 1125 4467 Sancti,
1164 4409 1341 4474 quae
1375 4402 1474 4457 est
1508 4387 1740 4456 divina
1779 4386 2099 4465 TrinitaS,
2142 4398 2206 4453 et
2239 4384 2310 4452 in
2351 4406 2561 4471 quam
2614 4401 2737 4450 non
2769 4373 2922 4445 cadit
