2993 4837
105 317 275 382 xcv.
341 319 414 381 12
2417 321 2531 384 42⁴

725 486 951 584 VlTA
1028 486 1104 586 S.
1185 486 1603 586 MARTlNl
1681 487 2017 586 PAPAE

281 727 390 782 Qut
441 725 558 772 PRO
610 725 997 772 DEFENSIONE
1045 724 1431 772 CATHOLICAE
1477 725 1646 771 mum
1695 725 1988 771 Exleum
2038 726 2270 772 PASSUS
2319 728 2453 785 EST,

525 835 563 877 Α
613 832 870 888 ΟΠΟΒΑΜ
918 832 1066 878 EJUs
1115 831 1444 879 FAMILIARI
1494 831 1609 877 vsst„
1657 829 1882 878 comm
1932 831 2211 878 SCRIPTA.

744 939 941 984 ΕΧΤΑΤ
992 938 1055 984 IN
1103 938 1399 993 ANTIQUIS
1445 938 1586 983 MSS.
1640 934 1986 983 CODICIBUS·

886 1107 1071 1163 Obiit
1113 1122 1290 1163 anno
1335 1110 1563 1191 6555-
1606 1107 1848 1162 Italus.

176 1309 212 1394 ,ξ
263 1313 343 1379 1.
397 1311 680 1376 Summa
729 1306 1081 1377 devotione
1133 1305 1559 1383 recolendus,
1604 1306 1996 1392 meritisque
2031 1306 2465 1396 praecipuus,
2507 1311 2635 1375 Deo

103 1417 213 1484 per
262 1397 496 1464 omnia
545 1395 1003 1485 dignissimus
1053 1396 1382 1464 Martinus
1413 1449 1428 1476 ,
1487 1396 1585 1463 vir
1631 1395 2055 1483 Apostolicus
2117 1416 2447 1484 generosa
2505 1408 2633 1463 tra·

97 1484 346 1553 ductus
396 1486 794 1584 propagine,
836 1484 1196 1553 Tuder-tina
1248 1485 1280 1517 '⁴‘
1327 1484 1597 1552 civitate
1643 1484 1979 1552 oriundus
2015 1483 2160 1552 suit.
2202 1484 2328 1566 Qui
2369 1505 2526 1551 cum
2563 1484 2633 1550 in

95 1574 299 1641 annis
350 1572 730 1660 puer1libus
770 1595 807 1641 a
852 1573 1248 1660 parentibus
1296 1572 1678 1640 acutissimi
1718 1572 1973 1662 ingenii
2026 1572 2372 1659 magistris
2412 1572 2495 1639 ad
2534 1573 2636 1641 in-

95 1660 517 1731 stituendum
552 1660 789 1730 fuisset
836 1661 1188 1760 delegatus
1236 1673 1474 1748 utpote
1504 1660 1717 1728 bonae
1767 1662 1909 1749 spei
1939 1660 2080 1747 jam
2119 1676 2183 1729 et
2231 1660 2506 1741 indolis,
2546 1661 2636 1729 ita

92 1751 338 1839 coepit,
394 1749 835 1838 magistrante
884 1749 1013 1817 sibi
1072 1749 1331 1837 Spiritu
1391 1753 1658 1827 Sancto,
1712 1749 2035 1817 acumina
2085 1749 2464 1818 litterarum
2524 1771 2633 1817 ar-

91 1839 290 1907 chivo
343 1839 588 1906 mentis
621 1837 826 1926 palati
860 1838 928 1872 *²*
964 1837 1353 1917 recondere,
1399 1850 1462 1904 et
1499 1839 1564 1904 in
1607 1858 1877 1905 omnem
1920 1836 2432 1927 intelligentiam
2477 1860 2631 1924 pro-

91 1927 335 2005 ficere,
391 1939 460 1994 ut
499 1926 816 2013 jamtunc
865 1946 995 1995 non
1052 1927 1390 1994 immerito
1443 1923 1836 1993 Davidicum
1889 1924 2056 1992 illud
2109 1947 2352 1994 canere
2407 1939 2631 2015 posset

98 2015 378 2084 Domino
412 2036 424 2080 :
457 2017 668 2102 Super
691 2037 932 2093 omneS,
969 2014 1310 2101 inquiens,
1350 2015 1650 2082 docentes
1681 2036 1785 2081 me
1817 2014 2173 2093 intelleoet';
2207 2027 2270 2082 et
2306 2036 2578 2083 rursum
2620 2039 2634 2078 :

100 2104 314 2181 Quam
360 2103 591 2171 dulcia
630 2105 938 2191 faucibus
984 2105 1146 2172 meis
1195 2104 1462 2193 eloquia
1512 2113 1652 2182 ιιια,
1705 2103 1976 2170 Domine
2021 2102 2157 2191 (Ps.
2206 2107 2275 2170 tt
2292 2102 2384 2189 8).
2440 2108 2636 2169 Prae-

98 2191 359 2278 paravit
394 2212 694 2276 namque
739 2192 1064 2260 Dominus
1116 2191 1448 2259 Ecclesiae
1483 2213 1647 2260 suae
1698 2212 1831 2258 non
1870 2190 2191 2290 ignavum
2244 2189 2636 2279 Evangelici

103 2278 423 2349 [rumenti
474 2278 1011 2369 dispensatorem
1082 2278 1386 2348 futurum
1424 2334 1438 2358 ,
1492 2279 1611 2365 qui
1663 2292 1736 2347 ut
1783 2281 2008 2347 scriba
2072 2277 2513 2348 doctissimus
2565 2279 2635 2346 in

103 2389 306 2458 regno
354 2366 746 2448 coelorum,
799 2368 977 2454 quod
1030 2382 1128 2437 est
1179 2368 1522 2448 Ecclesia,
1578 2366 1875 2456 proferre
1926 2368 2126 2439 sciret
2181 2367 2264 2437 de
2314 2368 2634 2437 thesauro

101 2479 218 2526 suo
271 2478 444 2525 nova
493 2470 556 2525 et
608 2470 848 2525 vetera.
902 2458 1142 2526 Omnia
1195 2480 1347 2525 vero
1385 2458 1532 2546 jam
1584 2457 1892 2546 ephebus
1942 2458 2223 2546 sophiae
2275 2457 2632 2525 molimina

101 2546 228 2615 voti
279 2565 559 2634 compos
608 2546 772 2613 scite
820 2546 1156 2624 enodavit,
1209 2558 1294 2625 et,
1350 2559 1424 2615 ut
1474 2559 1637 2633 puta
1686 2545 1789 2580 *²⁵*
1838 2545 2051 2614 divini
2103 2545 2388 2614 bellator
2436 2544 2630 2627 belli,

97 2655 240 2702 sese
294 2633 358 2700 in
414 2634 774 2721 propatulo
828 2646 1059 2703 contra
1118 2657 1355 2703 omnes
1419 2634 1718 2703 veritatis
1782 2634 2099 2704 inimicos
2159 2635 2387 2715 dedit,
2443 2645 2637 2703 scuto

97 2723 253 2790 fidei
300 2722 604 2806 undique
640 2722 971 2800 munitm,
1013 2721 1203 2811 galea
1253 2722 1493 2792 salutis
1546 2736 1911 2811 protectuS,
1958 2738 2022 2792 et
2069 2722 2296 2812 gladio
2339 2723 2636 2811 Spiritus

99 2810 370 2890 Sancti,
434 2809 614 2896 quod
665 2822 765 2878 est
817 2810 1093 2879 verbum
1155 2811 1310 2891 Dei,
1358 2824 1709 2889 armatus,
1767 2813 2261 2900 imperterritus
2317 2811 2533 2881 extitit
2572 2823 2635 2879 et

103 2899 417 2968 invictus.
475 2898 624 2966 Fuit
688 2919 841 2966 vero
903 2897 1241 2968 formosus
1306 2899 1474 2968 facie
1510 2955 1524 2979 ,
1590 2900 1704 2967 sed
1770 2901 2129 2969 formosior
2189 2899 2636 2970 castimoniae

101 2988 497 3064 sanctitate,
553 3007 678 3054 nec
727 2986 959 3072 aliquo
1011 2986 1210 3055 modo
1263 3001 1519 3076 poterat
1568 2989 1731 3056 tanti
1773 2989 2049 3076 juvenis
2095 2988 2391 3056 aetatula
2438 2987 2636 3057 facile

102 3074 363 3143 deflecti
403 3073 486 3142 ad
532 3074 857 3163 proclivia
898 3075 1246 3164 peccandi,
1301 3076 1503 3164 cujus
1541 3089 1672 3144 tota
1719 3077 2023 3155 intenti0,
2064 3078 2210 3145 sine
2243 3077 2476 3162 aliqua
2511 3077 2638 3144 im-

104 3163 466 3250 peditionis
503 3163 794 3242 morula,
835 3178 954 3232 aut
986 3163 1291 3232 discendi
1331 3187 1601 3253 semper
1639 3165 1875 3243 extitit,
1915 3177 2032 3232 aut
2071 3164 2384 3232 docendi.

186 3255 222 3338 §
276 3256 360 3320 2.
413 3256 720 3337 Cumque
759 3253 901 3338 jam
959 3273 1206 3320 novum
1261 3275 1374 3321 vas
1413 3252 1763 3321 electionis
1809 3252 2100 3330 Domini,
2161 3265 2363 3338 atque
2410 3273 2638 3320 arma-

101 3342 279 3409 rium
329 3340 623 3429 Spiritus
674 3341 897 3409 Sancti
951 3340 1516 3419 mundissimum,
1572 3341 1746 3410 beati
1799 3341 2065 3409 Martini
2119 3353 2352 3429 pectus
2392 3339 2636 3408 fuisset

98 3430 435 3510 effectum,
487 3441 551 3497 et
583 3429 895 3497 omnium
937 3428 1444 3498 mundanarum
1481 3429 2012 3515 divinarumque
2056 3429 2431 3497 litterarum
2473 3428 2634 3495 sub-

99 3519 370 3586 tilitates
413 3517 816 3606 prudentiae
867 3517 1192 3606 scalpello
1240 3517 1323 3586 ad
1390 3517 1725 3604 liquidum
1766 3530 2164 3606 penetraret,
2219 3530 2283 3584 et
2322 3515 2635 3584 Dialecti-

101 3629 334 3674 corum
370 3605 689 3693 strophas
716 3605 1012 3674 enodare
1046 3607 1192 3674 sine
1228 3607 1474 3675 rubore
1510 3606 1911 3686 addisceret,
1956 3605 2247 3695 sapienti
2289 3605 2453 3674 satis
2478 3625 2637 3673 con-

101 3695 256 3762 silio
311 3693 573 3763 studuit
625 3716 755 3762 non
802 3695 1198 3763 hominibus
1233 3750 1247 3774 ‚
1304 3695 1419 3764 sed
1488 3694 1611 3763 soli
1678 3695 1939 3784 placere
1978 3693 2424 3783 omnipotenti
2478 3697 2634 3761 Deo.

102 3784 434 3864 Quoniam
473 3796 697 3851 autem
739 3782 838 3851 vir
872 3784 1140 3852 Domini
1179 3783 1261 3851 ad
1297 3782 1657 3851 cumulum
1698 3783 2131 3871 perfectionis
2169 3781 2639 3871 philosophiae

100 3871 331 3951 evasit,
376 3872 595 3959 ipsius
629 3871 977 3940 diffiniens
1015 3872 1281 3959 philoso
1337 3871 1488 3939 hiae
1541 3871 2014 3960 perfectionem
2051 3926 2064 3947 ,
2119 3883 2425 3959 oportere
2461 3869 2640 3937 Rhe-

105 3973 310 4027 torem
367 3961 663 4047 peritum
717 3982 862 4029 esse
901 3960 1251 4047 loquendi,
1290 3894 1578 4041 iionum,
1623 3961 1836 4049 pium,
1870 3960 2160 4044 justum,
2217 3957 2633 4036 benivolum,

108 4069 189 4115 ac
240 4047 402 4115 bene
456 4063 837 4124 moratum;
892 4050 1222 4118 convertit
1288 4070 1586 4133 namque
1650 4070 1898 4136 magno
1960 4047 2226 4135 pietatis
2284 4046 2436 4112 nisu
2496 4067 2638 4112 ma-

109 4135 570 4222 gnificentiam
621 4160 659 4203 a
707 4141 832 4204 Deo
874 4137 1004 4205 sibi
1058 4138 1254 4205 datae
1308 4138 1705 4223 sapientiae,
1759 4136 1839 4203 ad
1895 4135 2357 4223 impletionem
2415 4134 2639 4201 omnis

105 4225 422 4311 justitiae.
458 4230 535 4292 Et
569 4223 731 4309 quia
768 4225 831 4291 in
872 4226 1156 4314 Physica
1190 4247 1463 4314 operam
1505 4225 1711 4302 dedit,
1748 4224 1921 4291 scire
1955 4223 2353 4313 intelligere,
2392 4219 2561 4288 falsa
2601 4244 2640 4288 a

165 4385 188 4406 ‘⁷‘
219 4384 312 4424 Ital.
335 4387 449 4430 Tode'.
471 4386 519 4424 in
542 4381 734 4424 Umbria
754 4385 810 4424 ad
829 4386 1044 4426 Tiberim.
1437 4384 1490 4410 *¹⁸
1520 4384 1659 4423 Forte
1680 4383 1754 4422 eat
1770 4382 2023 4432 legendum
2040 4384 2267 4433 paulatim.

171 4437 246 4464 *Ψ*
273 4439 410 4478 Forte
441 4444 594 4488 utpote.
