<?xml version="1.0" encoding="UTF-8"?>
<!DOCTYPE html PUBLIC "-//W3C//DTD XHTML 1.0 Transitional//EN"
    "http://www.w3.org/TR/xhtml1/DTD/xhtml1-transitional.dtd">
<html xmlns="http://www.w3.org/1999/xhtml" xml:lang="en" lang="en">
 <head>
  <title>
</title>
<meta http-equiv="Content-Type" content="text/html;charset=utf-8" />
  <meta name='ocr-system' content='tesseract 3.04.00' />
  <meta name='ocr-capabilities' content='ocr_page ocr_carea ocr_par ocr_line ocrx_word'/>
</head>
<body>
  <div class='ocr_page' id='page_1' title='image "./historiaeseuvit05lippgoog_0658.png"; bbox 0 0 2993 4837; ppageno 0'>
   <div class='ocr_carea' id='block_1_1' title="bbox 556 298 2874 372">
    <p class='ocr_par' dir='ltr' id='par_1_1' title="bbox 556 260 2938 372">
     <span class='ocr_line' id='line_1_1' title="bbox 556 298 2874 372; baseline -0.001 0"><span class='ocrx_word' id='word_1_1' title='bbox 556 307 684 372; x_wconf 77' lang='lat'><strong>6¹6</strong></span> <span class='ocrx_word' id='word_1_2' title='bbox 1334 325 1410 370; x_wconf 68' lang='grc' dir='ltr'><strong>ωε</strong></span> <span class='ocrx_word' id='word_1_3' title='bbox 1458 325 1514 371; x_wconf 93' lang='lat' dir='ltr'><strong>s.</strong></span> <span class='ocrx_word' id='word_1_4' title='bbox 1569 323 1796 371; x_wconf 65' lang='lat' dir='ltr'><strong>Ammo</strong></span> <span class='ocrx_word' id='word_1_5' title='bbox 1844 298 2131 370; x_wconf 66' lang='lat' dir='ltr'><strong>marran</strong></span> <span class='ocrx_word' id='word_1_6' title='bbox 2656 303 2795 370; x_wconf 71' lang='lat' dir='ltr'><strong>NOV.</strong></span> <span class='ocrx_word' id='word_1_7' title='bbox 2824 307 2874 370; x_wconf 66' lang='lat'><strong>21</strong></span> 
     </span>
    </p>
   </div>
   <div class='ocr_carea' id='block_1_2' title="bbox 460 408 2916 3142">
    <p class='ocr_par' dir='ltr' id='par_1_2' title="bbox 463 408 2938 765">
     <span class='ocr_line' id='line_1_2' title="bbox 468 408 2887 498; baseline -0.002 -18"><span class='ocrx_word' id='word_1_8' title='bbox 468 410 718 491; x_wconf 88' lang='lat' dir='ltr'><strong>carnis,</strong></span> <span class='ocrx_word' id='word_1_9' title='bbox 775 408 1183 479; x_wconf 90' lang='lat' dir='ltr'><strong>coelestibus</strong></span> <span class='ocrx_word' id='word_1_10' title='bbox 1240 408 1590 479; x_wconf 81' lang='lat' dir='ltr'><strong>admixtus</strong></span> <span class='ocrx_word' id='word_1_11' title='bbox 1637 422 1738 478; x_wconf 91' lang='lat' dir='ltr'><strong>est</strong></span> <span class='ocrx_word' id='word_1_12' title='bbox 1786 408 2172 498; x_wconf 90' lang='lat' dir='ltr'><strong>spiritibus.</strong></span> <span class='ocrx_word' id='word_1_13' title='bbox 2226 408 2359 491; x_wconf 84' lang='lat' dir='ltr'><strong>Qui</strong></span> <span class='ocrx_word' id='word_1_14' title='bbox 2406 409 2582 477; x_wconf 89' lang='lat' dir='ltr'><strong>enim</strong></span> <span class='ocrx_word' id='word_1_15' title='bbox 2624 429 2887 496; x_wconf 80' lang='lat' dir='ltr'>quousque</span> 
     </span>
     <span class='ocr_line' id='line_1_3' title="bbox 466 495 2892 599; baseline -0.001 -32"><span class='ocrx_word' id='word_1_16' title='bbox 466 499 650 578; x_wconf 87' lang='lat' dir='ltr'><strong>vixit,</strong></span> <span class='ocrx_word' id='word_1_17' title='bbox 690 498 974 567; x_wconf 87' lang='lat' dir='ltr'><strong>Domino</strong></span> <span class='ocrx_word' id='word_1_18' title='bbox 1007 519 1078 568; x_wconf 90' lang='lat' dir='ltr'><strong>se</strong></span> <span class='ocrx_word' id='word_1_19' title='bbox 1110 497 1525 567; x_wconf 85' lang='lat' dir='ltr'><strong>sacrificium</strong></span> <span class='ocrx_word' id='word_1_20' title='bbox 1555 498 1862 599; x_wconf 86' lang='lat' dir='ltr'><strong>justitiae</strong></span> <span class='ocrx_word' id='word_1_21' title='bbox 1895 497 2331 578; x_wconf 82' lang='lat' dir='ltr'><strong>sacrificavit,</strong></span> <span class='ocrx_word' id='word_1_22' title='bbox 2373 499 2472 566; x_wconf 91' lang='lat' dir='ltr'><strong>sic</strong></span> <span class='ocrx_word' id='word_1_23' title='bbox 2503 495 2779 588; x_wconf 82' lang='lat' dir='ltr'>plurimis</span> <span class='ocrx_word' id='word_1_24' title='bbox 2797 516 2892 564; x_wconf 76' lang='lat' dir='ltr'><strong>ma·</strong></span> 
     </span>
     <span class='ocr_line' id='line_1_4' title="bbox 466 584 2898 677; baseline -0 -23"><span class='ocrx_word' id='word_1_25' title='bbox 466 587 833 677; x_wconf 85' lang='lat' dir='ltr'><strong>gnificatus</strong></span> <span class='ocrx_word' id='word_1_26' title='bbox 882 585 1225 677; x_wconf 83' lang='lat' dir='ltr'><strong>insigniis,</strong></span> <span class='ocrx_word' id='word_1_27' title='bbox 1281 586 1690 656; x_wconf 81' lang='lat' dir='ltr'><strong>duodecimo</strong></span> <span class='ocrx_word' id='word_1_28' title='bbox 1723 585 2053 656; x_wconf 86' lang='lat' dir='ltr'><strong>Calendas</strong></span> <span class='ocrx_word' id='word_1_29' title='bbox 2103 586 2499 656; x_wconf 83' lang='lat' dir='ltr'><strong>Decembris</strong></span> <span class='ocrx_word' id='word_1_30' title='bbox 2526 584 2769 655; x_wconf 86' lang='lat' dir='ltr'><strong>coelesti</strong></span> <span class='ocrx_word' id='word_1_31' title='bbox 2790 607 2898 673; x_wconf 78' lang='lat' dir='ltr'><strong>pace</strong></span> 
     </span>
     <span class='ocr_line' id='line_1_5' title="bbox 463 674 2711 765; baseline -0.002 -21"><span class='ocrx_word' id='word_1_32' title='bbox 463 676 742 763; x_wconf 86' lang='lat' dir='ltr'><strong>quievit.</strong></span> <span class='ocrx_word' id='word_1_33' title='bbox 784 675 968 744; x_wconf 91' lang='lat' dir='ltr'><strong>Sedit</strong></span> <span class='ocrx_word' id='word_1_34' title='bbox 999 688 1225 745; x_wconf 88' lang='lat' dir='ltr'><strong>autem</strong></span> <span class='ocrx_word' id='word_1_35' title='bbox 1270 675 1335 743; x_wconf 91' lang='lat' dir='ltr'><strong>in</strong></span> <span class='ocrx_word' id='word_1_36' title='bbox 1388 676 1710 745; x_wconf 79' lang='lat' dir='ltr'>cathedra</span> <span class='ocrx_word' id='word_1_37' title='bbox 1760 674 2146 765; x_wconf 87' lang='lat' dir='ltr'><strong>Episcopali</strong></span> <span class='ocrx_word' id='word_1_38' title='bbox 2185 675 2467 764; x_wconf 85' lang='lat' dir='ltr'><strong>triginta</strong></span> <span class='ocrx_word' id='word_1_39' title='bbox 2503 676 2711 744; x_wconf 87' lang='lat' dir='ltr'><strong>annis.</strong></span> 
     </span>
    </p>

    <p class='ocr_par' dir='ltr' id='par_1_3' title="bbox 461 764 2916 2097">
     <span class='ocr_line' id='line_1_6' title="bbox 551 764 2900 854; baseline -0.003 -19"><span class='ocrx_word' id='word_1_40' title='bbox 551 765 586 852; x_wconf 69' lang='grc' dir='ltr'><strong>ξ</strong></span> <span class='ocrx_word' id='word_1_41' title='bbox 633 768 724 835; x_wconf 70' lang='grc'><strong>9.</strong></span> <span class='ocrx_word' id='word_1_42' title='bbox 784 769 927 833; x_wconf 88' lang='lat' dir='ltr'><strong>Mox</strong></span> <span class='ocrx_word' id='word_1_43' title='bbox 977 786 1133 834; x_wconf 90' lang='lat' dir='ltr'><strong>vero</strong></span> <span class='ocrx_word' id='word_1_44' title='bbox 1179 765 1347 833; x_wconf 87' lang='lat' dir='ltr'><strong>tanti</strong></span> <span class='ocrx_word' id='word_1_45' title='bbox 1407 765 1618 854; x_wconf 90' lang='lat' dir='ltr'><strong>patris</strong></span> <span class='ocrx_word' id='word_1_46' title='bbox 1672 786 1953 834; x_wconf 86' lang='lat' dir='ltr'><strong>excessu</strong></span> <span class='ocrx_word' id='word_1_47' title='bbox 1995 775 2132 832; x_wconf 89' lang='lat' dir='ltr'><strong>tota</strong></span> <span class='ocrx_word' id='word_1_48' title='bbox 2185 764 2428 833; x_wconf 87' lang='lat' dir='ltr'><strong>civitas</strong></span> <span class='ocrx_word' id='word_1_49' title='bbox 2478 773 2759 850; x_wconf 81' lang='lat' dir='ltr'><strong>permota</strong></span> <span class='ocrx_word' id='word_1_50' title='bbox 2791 783 2900 829; x_wconf 86' lang='lat' dir='ltr'><strong>con-</strong></span> 
     </span>
     <span class='ocr_line' id='line_1_7' title="bbox 462 850 2902 943; baseline -0.002 -23"><span class='ocrx_word' id='word_1_51' title='bbox 462 852 746 943; x_wconf 83' lang='lat' dir='ltr'><strong>gemuit‚</strong></span> <span class='ocrx_word' id='word_1_52' title='bbox 798 866 863 922; x_wconf 90' lang='lat' dir='ltr'><strong>et</strong></span> <span class='ocrx_word' id='word_1_53' title='bbox 901 865 1035 922; x_wconf 91' lang='lat' dir='ltr'><strong>tam</strong></span> <span class='ocrx_word' id='word_1_54' title='bbox 1087 853 1336 935; x_wconf 64' lang='lat' dir='ltr'><strong>cleruS,</strong></span> <span class='ocrx_word' id='word_1_55' title='bbox 1380 875 1587 940; x_wconf 89' lang='lat' dir='ltr'><strong>quam</strong></span> <span class='ocrx_word' id='word_1_56' title='bbox 1622 852 1848 922; x_wconf 86' lang='lat' dir='ltr'><strong>omnis</strong></span> <span class='ocrx_word' id='word_1_57' title='bbox 1891 850 2188 942; x_wconf 88' lang='lat' dir='ltr'><strong>populus</strong></span> <span class='ocrx_word' id='word_1_58' title='bbox 2223 852 2620 922; x_wconf 79' lang='lat' dir='ltr'><strong>medullitus</strong></span> <span class='ocrx_word' id='word_1_59' title='bbox 2664 850 2902 920; x_wconf 85' lang='lat' dir='ltr'><strong>indoluit.</strong></span> 
     </span>
     <span class='ocr_line' id='line_1_8' title="bbox 464 940 2911 1011; baseline -0.002 -1"><span class='ocrx_word' id='word_1_60' title='bbox 464 941 709 1010; x_wconf 83' lang='lat' dir='ltr'><strong>Mirum</strong></span> <span class='ocrx_word' id='word_1_61' title='bbox 749 942 931 1009; x_wconf 88' lang='lat' dir='ltr'><strong>enim</strong></span> <span class='ocrx_word' id='word_1_62' title='bbox 985 942 1052 1009; x_wconf 90' lang='lat' dir='ltr'><strong>in</strong></span> <span class='ocrx_word' id='word_1_63' title='bbox 1107 941 1384 1011; x_wconf 88' lang='lat' dir='ltr'><strong>modum</strong></span> <span class='ocrx_word' id='word_1_64' title='bbox 1435 942 1539 1010; x_wconf 84' lang='lat' dir='ltr'><strong>vir</strong></span> <span class='ocrx_word' id='word_1_65' title='bbox 1586 941 1709 1010; x_wconf 85' lang='lat' dir='ltr'><strong>iste</strong></span> <span class='ocrx_word' id='word_1_66' title='bbox 1742 941 2071 1011; x_wconf 87' lang='lat' dir='ltr'><strong>omnibus</strong></span> <span class='ocrx_word' id='word_1_67' title='bbox 2104 943 2337 1009; x_wconf 86' lang='lat' dir='ltr'><strong>omnia</strong></span> <span class='ocrx_word' id='word_1_68' title='bbox 2386 940 2604 1010; x_wconf 86' lang='lat' dir='ltr'><strong>factus</strong></span> <span class='ocrx_word' id='word_1_69' title='bbox 2647 950 2754 1009; x_wconf 85' lang='lat' dir='ltr'><strong>est.</strong></span> <span class='ocrx_word' id='word_1_70' title='bbox 2786 943 2911 1008; x_wconf 67' lang='lat' dir='ltr'><strong>Inter</strong></span> 
     </span>
     <span class='ocr_line' id='line_1_9' title="bbox 464 1027 2910 1120; baseline -0.002 -22"><span class='ocrx_word' id='word_1_71' title='bbox 464 1028 706 1098; x_wconf 82' lang='lat' dir='ltr'><strong>divites</strong></span> <span class='ocrx_word' id='word_1_72' title='bbox 741 1041 804 1099; x_wconf 92' lang='lat' dir='ltr'><strong>et</strong></span> <span class='ocrx_word' id='word_1_73' title='bbox 855 1051 1211 1120; x_wconf 72' lang='lat' dir='ltr'><strong>pauperes,</strong></span> <span class='ocrx_word' id='word_1_74' title='bbox 1271 1030 1443 1098; x_wconf 90' lang='lat' dir='ltr'><strong>inter</strong></span> <span class='ocrx_word' id='word_1_75' title='bbox 1475 1030 1687 1099; x_wconf 89' lang='lat' dir='ltr'><strong>elatos</strong></span> <span class='ocrx_word' id='word_1_76' title='bbox 1734 1042 1797 1099; x_wconf 88' lang='lat' dir='ltr'><strong>et</strong></span> <span class='ocrx_word' id='word_1_77' title='bbox 1846 1029 2180 1110; x_wconf 80' lang='lat' dir='ltr'><strong>humiles,</strong></span> <span class='ocrx_word' id='word_1_78' title='bbox 2240 1029 2644 1100; x_wconf 82' lang='lat' dir='ltr'><strong>auctorabili</strong></span> <span class='ocrx_word' id='word_1_79' title='bbox 2688 1027 2910 1115; x_wconf 75' lang='lat' dir='ltr'><strong>quadam</strong></span> 
     </span>
     <span class='ocr_line' id='line_1_10' title="bbox 465 1118 2912 1208; baseline -0.002 -21"><span class='ocrx_word' id='word_1_80' title='bbox 465 1118 794 1188; x_wconf 86' lang='lat' dir='ltr'><strong>modestia</strong></span> <span class='ocrx_word' id='word_1_81' title='bbox 847 1119 1114 1187; x_wconf 88' lang='lat' dir='ltr'><strong>medius</strong></span> <span class='ocrx_word' id='word_1_82' title='bbox 1184 1118 1585 1199; x_wconf 80' lang='lat' dir='ltr'><strong>incedebat,</strong></span> <span class='ocrx_word' id='word_1_83' title='bbox 1638 1130 1717 1187; x_wconf 85' lang='lat' dir='ltr'><strong>et·</strong></span> <span class='ocrx_word' id='word_1_84' title='bbox 1752 1118 2113 1205; x_wconf 77' lang='lat' dir='ltr'><strong>utrobique</strong></span> <span class='ocrx_word' id='word_1_85' title='bbox 2173 1120 2361 1208; x_wconf 90' lang='lat' dir='ltr'><strong>juste</strong></span> <span class='ocrx_word' id='word_1_86' title='bbox 2427 1118 2776 1208; x_wconf 89' lang='lat' dir='ltr'><strong>providus,</strong></span> <span class='ocrx_word' id='word_1_87' title='bbox 2835 1138 2912 1183; x_wconf 74' lang='lat' dir='ltr'><strong>nec</strong></span> 
     </span>
     <span class='ocr_line' id='line_1_11' title="bbox 465 1206 2914 1297; baseline -0.001 -22"><span class='ocrx_word' id='word_1_88' title='bbox 465 1206 751 1276; x_wconf 89' lang='lat' dir='ltr'><strong>mitibus</strong></span> <span class='ocrx_word' id='word_1_89' title='bbox 793 1206 1267 1286; x_wconf 86' lang='lat' dir='ltr'><strong>intractabilis,</strong></span> <span class='ocrx_word' id='word_1_90' title='bbox 1326 1229 1447 1275; x_wconf 90' lang='lat' dir='ltr'><strong>nec</strong></span> <span class='ocrx_word' id='word_1_91' title='bbox 1502 1208 1830 1297; x_wconf 82' lang='lat' dir='ltr'><strong>protervis</strong></span> <span class='ocrx_word' id='word_1_92' title='bbox 1877 1206 2249 1297; x_wconf 84' lang='lat' dir='ltr'><strong>apparebat</strong></span> <span class='ocrx_word' id='word_1_93' title='bbox 2283 1207 2739 1297; x_wconf 86' lang='lat' dir='ltr'><strong>despicabilis.</strong></span> <span class='ocrx_word' id='word_1_94' title='bbox 2783 1210 2914 1272; x_wconf 71' lang='lat' dir='ltr'><strong>Prae-</strong></span> 
     </span>
     <span class='ocr_line' id='line_1_12' title="bbox 464 1294 2912 1386; baseline -0.002 -21"><span class='ocrx_word' id='word_1_95' title='bbox 464 1307 735 1386; x_wconf 84' lang='lat' dir='ltr'><strong>ceperat</strong></span> <span class='ocrx_word' id='word_1_96' title='bbox 769 1308 991 1365; x_wconf 88' lang='lat' dir='ltr'><strong>autem</strong></span> <span class='ocrx_word' id='word_1_97' title='bbox 1030 1295 1256 1364; x_wconf 88' lang='lat' dir='ltr'><strong>adhuc</strong></span> <span class='ocrx_word' id='word_1_98' title='bbox 1305 1296 1559 1376; x_wconf 82' lang='lat' dir='ltr'><strong>vivens,</strong></span> <span class='ocrx_word' id='word_1_99' title='bbox 1615 1308 1690 1366; x_wconf 91' lang='lat' dir='ltr'><strong>ut</strong></span> <span class='ocrx_word' id='word_1_100' title='bbox 1745 1295 2064 1367; x_wconf 87' lang='lat' dir='ltr'><strong>feretrum</strong></span> <span class='ocrx_word' id='word_1_101' title='bbox 2100 1351 2115 1378; x_wconf 91' lang='lat'><strong>,</strong></span> <span class='ocrx_word' id='word_1_102' title='bbox 2167 1318 2304 1384; x_wconf 91' lang='lat' dir='ltr'><strong>quo</strong></span> <span class='ocrx_word' id='word_1_103' title='bbox 2369 1296 2457 1366; x_wconf 90' lang='lat' dir='ltr'><strong>ad</strong></span> <span class='ocrx_word' id='word_1_104' title='bbox 2509 1294 2912 1366; x_wconf 79' lang='lat' dir='ltr'><strong>tumulandum</strong></span> 
     </span>
     <span class='ocr_line' id='line_1_13' title="bbox 463 1383 2916 1474; baseline -0.002 -22"><span class='ocrx_word' id='word_1_105' title='bbox 463 1392 715 1474; x_wconf 86' lang='lat' dir='ltr'><strong>corpus</strong></span> <span class='ocrx_word' id='word_1_106' title='bbox 753 1384 903 1474; x_wconf 87' lang='lat' dir='ltr'><strong>ejus</strong></span> <span class='ocrx_word' id='word_1_107' title='bbox 941 1384 1368 1466; x_wconf 83' lang='lat' dir='ltr'><strong>efferebatur,</strong></span> <span class='ocrx_word' id='word_1_108' title='bbox 1425 1405 1556 1453; x_wconf 90' lang='lat' dir='ltr'><strong>non</strong></span> <span class='ocrx_word' id='word_1_109' title='bbox 1604 1383 1834 1474; x_wconf 91' lang='lat' dir='ltr'><strong>pallio,</strong></span> <span class='ocrx_word' id='word_1_110' title='bbox 1874 1396 1949 1453; x_wconf 91' lang='lat' dir='ltr'><strong>ut</strong></span> <span class='ocrx_word' id='word_1_111' title='bbox 2000 1386 2209 1454; x_wconf 87' lang='lat' dir='ltr'><strong>moris</strong></span> <span class='ocrx_word' id='word_1_112' title='bbox 2240 1397 2362 1464; x_wconf 85' lang='lat' dir='ltr'><strong>est,</strong></span> <span class='ocrx_word' id='word_1_113' title='bbox 2416 1385 2533 1454; x_wconf 88' lang='lat' dir='ltr'><strong>sed</strong></span> <span class='ocrx_word' id='word_1_114' title='bbox 2577 1384 2786 1453; x_wconf 87' lang='lat' dir='ltr'><strong>cilicio</strong></span> <span class='ocrx_word' id='word_1_115' title='bbox 2826 1398 2916 1449; x_wconf 74' lang='lat' dir='ltr'><strong>tan-</strong></span> 
     </span>
     <span class='ocr_line' id='line_1_14' title="bbox 466 1471 2912 1563; baseline -0.002 -22"><span class='ocrx_word' id='word_1_116' title='bbox 466 1483 607 1541; x_wconf 89' lang='lat' dir='ltr'><strong>tum</strong></span> <span class='ocrx_word' id='word_1_117' title='bbox 652 1473 1051 1562; x_wconf 88' lang='lat' dir='ltr'><strong>operiretur.</strong></span> <span class='ocrx_word' id='word_1_118' title='bbox 1104 1477 1194 1542; x_wconf 84' lang='lat' dir='ltr'><strong>Ex</strong></span> <span class='ocrx_word' id='word_1_119' title='bbox 1227 1494 1364 1560; x_wconf 89' lang='lat' dir='ltr'><strong>quo</strong></span> <span class='ocrx_word' id='word_1_120' title='bbox 1414 1473 1682 1541; x_wconf 89' lang='lat' dir='ltr'><strong>cunctis</strong></span> <span class='ocrx_word' id='word_1_121' title='bbox 1723 1484 1925 1563; x_wconf 90' lang='lat' dir='ltr'><strong>patet,</strong></span> <span class='ocrx_word' id='word_1_122' title='bbox 1977 1486 2236 1561; x_wconf 89' lang='lat' dir='ltr'><strong>quanta</strong></span> <span class='ocrx_word' id='word_1_123' title='bbox 2299 1475 2400 1542; x_wconf 91' lang='lat' dir='ltr'><strong>vir</strong></span> <span class='ocrx_word' id='word_1_124' title='bbox 2449 1475 2573 1543; x_wconf 89' lang='lat' dir='ltr'><strong>iste</strong></span> <span class='ocrx_word' id='word_1_125' title='bbox 2620 1496 2655 1541; x_wconf 88' lang='lat' dir='ltr'><strong>a</strong></span> <span class='ocrx_word' id='word_1_126' title='bbox 2707 1471 2912 1541; x_wconf 70' lang='lat' dir='ltr'><strong>Domino</strong></span> 
     </span>
     <span class='ocr_line' id='line_1_15' title="bbox 462 1558 2916 1653; baseline -0.002 -24"><span class='ocrx_word' id='word_1_127' title='bbox 462 1561 663 1629; x_wconf 90' lang='lat' dir='ltr'><strong>etiam</strong></span> <span class='ocrx_word' id='word_1_128' title='bbox 719 1561 1075 1650; x_wconf 89' lang='lat' dir='ltr'><strong>temporali</strong></span> <span class='ocrx_word' id='word_1_129' title='bbox 1127 1561 1380 1631; x_wconf 87' lang='lat' dir='ltr'><strong>honore</strong></span> <span class='ocrx_word' id='word_1_130' title='bbox 1443 1562 1891 1642; x_wconf 80' lang='lat' dir='ltr'><strong>sublimatus,</strong></span> <span class='ocrx_word' id='word_1_131' title='bbox 1952 1565 2398 1653; x_wconf 88' lang='lat' dir='ltr'><strong>semetipsum</strong></span> <span class='ocrx_word' id='word_1_132' title='bbox 2453 1560 2817 1631; x_wconf 85' lang='lat' dir='ltr'><strong>humilitate</strong></span> <span class='ocrx_word' id='word_1_133' title='bbox 2849 1558 2916 1626; x_wconf 73' lang='lat' dir='ltr'><strong>de-</strong></span> 
     </span>
     <span class='ocr_line' id='line_1_16' title="bbox 464 1648 2912 1740; baseline -0.002 -23"><span class='ocrx_word' id='word_1_134' title='bbox 464 1649 806 1739; x_wconf 85' lang='lat' dir='ltr'><strong>presserit,</strong></span> <span class='ocrx_word' id='word_1_135' title='bbox 852 1650 1050 1736; x_wconf 83' lang='lat' dir='ltr'><strong>cujus</strong></span> <span class='ocrx_word' id='word_1_136' title='bbox 1104 1649 1390 1719; x_wconf 88' lang='lat' dir='ltr'><strong>viventis</strong></span> <span class='ocrx_word' id='word_1_137' title='bbox 1443 1650 1729 1740; x_wconf 89' lang='lat' dir='ltr'><strong>spiritus</strong></span> <span class='ocrx_word' id='word_1_138' title='bbox 1777 1650 2040 1720; x_wconf 90' lang='lat' dir='ltr'><strong>devotio</strong></span> <span class='ocrx_word' id='word_1_139' title='bbox 2083 1663 2217 1720; x_wconf 92' lang='lat' dir='ltr'><strong>tam</strong></span> <span class='ocrx_word' id='word_1_140' title='bbox 2271 1651 2535 1720; x_wconf 89' lang='lat' dir='ltr'><strong>humile</strong></span> <span class='ocrx_word' id='word_1_141' title='bbox 2581 1648 2912 1735; x_wconf 82' lang='lat' dir='ltr'><strong>obsequium</strong></span> 
     </span>
     <span class='ocr_line' id='line_1_17' title="bbox 461 1737 2916 1828; baseline -0.002 -22"><span class='ocrx_word' id='word_1_142' title='bbox 461 1737 819 1808; x_wconf 87' lang='lat' dir='ltr'><strong>defunctae</strong></span> <span class='ocrx_word' id='word_1_143' title='bbox 856 1758 1130 1826; x_wconf 89' lang='lat' dir='ltr'><strong>quoque</strong></span> <span class='ocrx_word' id='word_1_144' title='bbox 1178 1739 1370 1808; x_wconf 88' lang='lat' dir='ltr'><strong>carni</strong></span> <span class='ocrx_word' id='word_1_145' title='bbox 1407 1739 1801 1828; x_wconf 77' lang='lat' dir='ltr'><strong>providerit.</strong></span> <span class='ocrx_word' id='word_1_146' title='bbox 1858 1744 2036 1809; x_wconf 86' lang='lat' dir='ltr'><strong>More</strong></span> <span class='ocrx_word' id='word_1_147' title='bbox 2078 1740 2305 1826; x_wconf 88' lang='lat' dir='ltr'><strong>itaque</strong></span> <span class='ocrx_word' id='word_1_148' title='bbox 2345 1738 2803 1810; x_wconf 83' lang='lat' dir='ltr'><strong>Ecclesiastico</strong></span> <span class='ocrx_word' id='word_1_149' title='bbox 2826 1758 2916 1804; x_wconf 73' lang='lat' dir='ltr'><strong>exe-</strong></span> 
     </span>
     <span class='ocr_line' id='line_1_18' title="bbox 462 1826 2914 1918; baseline -0.002 -22"><span class='ocrx_word' id='word_1_150' title='bbox 462 1826 647 1914; x_wconf 89' lang='lat' dir='ltr'><strong>quiis</strong></span> <span class='ocrx_word' id='word_1_151' title='bbox 683 1828 809 1896; x_wconf 89' lang='lat' dir='ltr'><strong>rite</strong></span> <span class='ocrx_word' id='word_1_152' title='bbox 857 1826 1237 1909; x_wconf 87' lang='lat' dir='ltr'><strong>celebratis,</strong></span> <span class='ocrx_word' id='word_1_153' title='bbox 1290 1850 1544 1917; x_wconf 87' lang='lat' dir='ltr'><strong>corpus</strong></span> <span class='ocrx_word' id='word_1_154' title='bbox 1593 1833 1724 1898; x_wconf 89' lang='lat' dir='ltr'><strong>Deo</strong></span> <span class='ocrx_word' id='word_1_155' title='bbox 1779 1828 2005 1897; x_wconf 88' lang='lat' dir='ltr'><strong>dilecti</strong></span> <span class='ocrx_word' id='word_1_156' title='bbox 2067 1828 2404 1918; x_wconf 77' lang='lat' dir='ltr'><strong>praesulis</strong></span> <span class='ocrx_word' id='word_1_157' title='bbox 2442 1829 2507 1897; x_wconf 90' lang='lat' dir='ltr'><strong>in</strong></span> <span class='ocrx_word' id='word_1_158' title='bbox 2558 1840 2786 1917; x_wconf 72' lang='lat' dir='ltr'><strong>crypta</strong></span> <span class='ocrx_word' id='word_1_159' title='bbox 2829 1845 2914 1892; x_wconf 79' lang='lat' dir='ltr'><strong>coe-</strong></span> 
     </span>
     <span class='ocr_line' id='line_1_19' title="bbox 465 1915 2916 2006; baseline -0.002 -23"><span class='ocrx_word' id='word_1_160' title='bbox 465 1915 678 1997; x_wconf 91' lang='lat' dir='ltr'><strong>nobii,</strong></span> <span class='ocrx_word' id='word_1_161' title='bbox 733 1916 912 2005; x_wconf 90' lang='lat' dir='ltr'><strong>quod</strong></span> <span class='ocrx_word' id='word_1_162' title='bbox 970 1917 1112 2006; x_wconf 88' lang='lat' dir='ltr'><strong>ipse</strong></span> <span class='ocrx_word' id='word_1_163' title='bbox 1146 1915 1571 1998; x_wconf 84' lang='lat' dir='ltr'><strong>fundaverat,</strong></span> <span class='ocrx_word' id='word_1_164' title='bbox 1617 1929 1772 1986; x_wconf 88' lang='lat' dir='ltr'><strong>ante</strong></span> <span class='ocrx_word' id='word_1_165' title='bbox 1814 1917 2025 1986; x_wconf 90' lang='lat' dir='ltr'><strong>altare</strong></span> <span class='ocrx_word' id='word_1_166' title='bbox 2075 1922 2137 1986; x_wconf 91' lang='lat' dir='ltr'><strong>S.</strong></span> <span class='ocrx_word' id='word_1_167' title='bbox 2195 1917 2443 1986; x_wconf 86' lang='lat' dir='ltr'><strong>Mariae</strong></span> <span class='ocrx_word' id='word_1_168' title='bbox 2485 1918 2774 1986; x_wconf 80' lang='lat' dir='ltr'><strong>maxima</strong></span> <span class='ocrx_word' id='word_1_169' title='bbox 2817 1932 2916 1981; x_wconf 80' lang='lat' dir='ltr'><strong>cum</strong></span> 
     </span>
     <span class='ocr_line' id='line_1_20' title="bbox 462 2003 2894 2097; baseline 0 -24"><span class='ocrx_word' id='word_1_170' title='bbox 462 2003 773 2074; x_wconf 82' lang='lat' dir='ltr'><strong>fidelium</strong></span> <span class='ocrx_word' id='word_1_171' title='bbox 810 2004 1055 2074; x_wconf 87' lang='lat' dir='ltr'><strong>Christi</strong></span> <span class='ocrx_word' id='word_1_172' title='bbox 1095 2005 1449 2075; x_wconf 79' lang='lat' dir='ltr'><strong>devotione</strong></span> <span class='ocrx_word' id='word_1_173' title='bbox 1498 2004 1826 2096; x_wconf 88' lang='lat' dir='ltr'><strong>sepelitur</strong></span> <span class='ocrx_word' id='word_1_174' title='bbox 1849 2006 1906 2074; x_wconf 68' lang='lat'><strong>⁴⁸.</strong></span> <span class='ocrx_word' id='word_1_175' title='bbox 2888 2088 2894 2097; x_wconf 23' lang='lat'><strong><em>¹</em></strong></span> 
     </span>
    </p>

    <p class='ocr_par' dir='ltr' id='par_1_4' title="bbox 460 2092 2915 3142">
     <span class='ocr_line' id='line_1_21' title="bbox 550 2092 2915 2183; baseline -0.005 -18"><span class='ocrx_word' id='word_1_176' title='bbox 550 2095 586 2181; x_wconf 68' lang='grc' dir='ltr'>ξ</span> <span class='ocrx_word' id='word_1_177' title='bbox 636 2099 786 2166; x_wconf 73' lang='lat' dir='ltr'><strong>io.</strong></span> <span class='ocrx_word' id='word_1_178' title='bbox 843 2095 1128 2177; x_wconf 85' lang='lat' dir='ltr'><strong>Quantis</strong></span> <span class='ocrx_word' id='word_1_179' title='bbox 1176 2107 1401 2163; x_wconf 89' lang='lat' dir='ltr'><strong>autem</strong></span> <span class='ocrx_word' id='word_1_180' title='bbox 1466 2107 1616 2183; x_wconf 90' lang='lat' dir='ltr'><strong>post</strong></span> <span class='ocrx_word' id='word_1_181' title='bbox 1663 2095 1828 2163; x_wconf 90' lang='lat' dir='ltr'><strong>haec</strong></span> <span class='ocrx_word' id='word_1_182' title='bbox 1890 2093 2217 2165; x_wconf 90' lang='lat' dir='ltr'><strong>Dominus</strong></span> <span class='ocrx_word' id='word_1_183' title='bbox 2270 2093 2756 2164; x_wconf 85' lang='lat' dir='ltr'><strong>miraculorum</strong></span> <span class='ocrx_word' id='word_1_184' title='bbox 2808 2092 2915 2159; x_wconf 75' lang='lat' dir='ltr'><strong>insi·</strong></span> 
     </span>
     <span class='ocr_line' id='line_1_22' title="bbox 463 2181 2914 2273; baseline -0.002 -24"><span class='ocrx_word' id='word_1_185' title='bbox 463 2183 647 2273; x_wconf 87' lang='lat' dir='ltr'><strong>gniis</strong></span> <span class='ocrx_word' id='word_1_186' title='bbox 681 2181 1135 2251; x_wconf 85' lang='lat' dir='ltr'><strong>consessorem</strong></span> <span class='ocrx_word' id='word_1_187' title='bbox 1190 2204 1394 2253; x_wconf 90' lang='lat' dir='ltr'><strong>suum</strong></span> <span class='ocrx_word' id='word_1_188' title='bbox 1466 2181 1734 2251; x_wconf 84' lang='lat' dir='ltr'><strong>fidelem</strong></span> <span class='ocrx_word' id='word_1_189' title='bbox 1779 2182 2298 2273; x_wconf 83' lang='lat' dir='ltr'><strong>glorificaverit,</strong></span> <span class='ocrx_word' id='word_1_190' title='bbox 2374 2206 2507 2254; x_wconf 90' lang='lat' dir='ltr'><strong>non</strong></span> <span class='ocrx_word' id='word_1_191' title='bbox 2568 2196 2668 2253; x_wconf 90' lang='lat' dir='ltr'><strong>est</strong></span> <span class='ocrx_word' id='word_1_192' title='bbox 2724 2192 2914 2251; x_wconf 69' lang='lat' dir='ltr'><strong>nostrae</strong></span> 
     </span>
     <span class='ocr_line' id='line_1_23' title="bbox 463 2271 2910 2362; baseline -0.002 -23"><span class='ocrx_word' id='word_1_193' title='bbox 463 2272 818 2361; x_wconf 89' lang='lat' dir='ltr'><strong>parvitatis</strong></span> <span class='ocrx_word' id='word_1_194' title='bbox 859 2271 1244 2362; x_wconf 87' lang='lat' dir='ltr'><strong>explanare.</strong></span> <span class='ocrx_word' id='word_1_195' title='bbox 1304 2271 1429 2340; x_wconf 89' lang='lat' dir='ltr'><strong>Sed</strong></span> <span class='ocrx_word' id='word_1_196' title='bbox 1485 2293 1566 2339; x_wconf 91' lang='lat' dir='ltr'><strong>ne</strong></span> <span class='ocrx_word' id='word_1_197' title='bbox 1613 2285 1860 2342; x_wconf 82' lang='lat' dir='ltr'><strong>cuneta</strong></span> <span class='ocrx_word' id='word_1_198' title='bbox 1905 2273 2304 2362; x_wconf 89' lang='lat' dir='ltr'><strong>praeterisse</strong></span> <span class='ocrx_word' id='word_1_199' title='bbox 2340 2274 2714 2351; x_wconf 87' lang='lat' dir='ltr'><strong>videamur,</strong></span> <span class='ocrx_word' id='word_1_200' title='bbox 2764 2286 2910 2360; x_wconf 70' lang='lat' dir='ltr'><strong>pauet</strong></span> 
     </span>
     <span class='ocr_line' id='line_1_24' title="bbox 463 2352 2914 2463; baseline -0 -35"><span class='ocrx_word' id='word_1_201' title='bbox 463 2359 545 2428; x_wconf 90' lang='lat' dir='ltr'><strong>de</strong></span> <span class='ocrx_word' id='word_1_202' title='bbox 618 2359 932 2450; x_wconf 89' lang='lat' dir='ltr'><strong>pluribus</strong></span> <span class='ocrx_word' id='word_1_203' title='bbox 979 2352 1428 2451; x_wconf 86' lang='lat' dir='ltr'><strong>ex‘plicamus.</strong></span> <span class='ocrx_word' id='word_1_204' title='bbox 1488 2360 1829 2439; x_wconf 86' lang='lat' dir='ltr'><strong>Quaedam</strong></span> <span class='ocrx_word' id='word_1_205' title='bbox 1895 2361 2077 2429; x_wconf 90' lang='lat' dir='ltr'><strong>enim</strong></span> <span class='ocrx_word' id='word_1_206' title='bbox 2135 2361 2361 2463; x_wconf 89' lang='lat' dir='ltr'><strong>puella</strong></span> <span class='ocrx_word' id='word_1_207' title='bbox 2417 2358 2841 2433; x_wconf 87' lang='lat' dir='ltr'><strong>miserabilem</strong></span> <span class='ocrx_word' id='word_1_208' title='bbox 2875 2354 2914 2420; x_wconf 69' lang='lat' dir='ltr'><strong>ih</strong></span> 
     </span>
     <span class='ocr_line' id='line_1_25' title="bbox 464 2443 2915 2531; baseline 0 -14"><span class='ocrx_word' id='word_1_209' title='bbox 464 2448 743 2518; x_wconf 90' lang='lat' dir='ltr'><strong>modum</strong></span> <span class='ocrx_word' id='word_1_210' title='bbox 791 2462 924 2519; x_wconf 89' lang='lat' dir='ltr'><strong>tota</strong></span> <span class='ocrx_word' id='word_1_211' title='bbox 957 2461 1326 2531; x_wconf 84' lang='lat' dir='ltr'><strong>contracta,</strong></span> <span class='ocrx_word' id='word_1_212' title='bbox 1366 2462 1430 2518; x_wconf 90' lang='lat' dir='ltr'><strong>et</strong></span> <span class='ocrx_word' id='word_1_213' title='bbox 1478 2448 1889 2530; x_wconf 21' lang='lat' dir='ltr'><strong>diversis-ae</strong></span> <span class='ocrx_word' id='word_1_214' title='bbox 1946 2449 2364 2521; x_wconf 82' lang='lat' dir='ltr'><strong>ritudmibus</strong></span> <span class='ocrx_word' id='word_1_215' title='bbox 2404 2450 2527 2520; x_wconf 91' lang='lat' dir='ltr'><strong>diu</strong></span> <span class='ocrx_word' id='word_1_216' title='bbox 2583 2461 2815 2526; x_wconf 84' lang='lat' dir='ltr'><strong>vexata,</strong></span> <span class='ocrx_word' id='word_1_217' title='bbox 2842 2443 2915 2511; x_wconf 84' lang='lat' dir='ltr'><strong>ad·</strong></span> 
     </span>
     <span class='ocr_line' id='line_1_26' title="bbox 465 2535 2912 2628; baseline -0.002 -22"><span class='ocrx_word' id='word_1_218' title='bbox 465 2538 721 2606; x_wconf 89' lang='lat' dir='ltr'><strong>monita</strong></span> <span class='ocrx_word' id='word_1_219' title='bbox 782 2560 899 2628; x_wconf 91' lang='lat' dir='ltr'><strong>per</strong></span> <span class='ocrx_word' id='word_1_220' title='bbox 954 2560 1303 2620; x_wconf 89' lang='lat' dir='ltr'><strong>somnum,</strong></span> <span class='ocrx_word' id='word_1_221' title='bbox 1342 2538 1426 2607; x_wconf 90' lang='lat' dir='ltr'><strong>ad</strong></span> <span class='ocrx_word' id='word_1_222' title='bbox 1475 2539 1626 2628; x_wconf 89' lang='lat' dir='ltr'><strong>ejus</strong></span> <span class='ocrx_word' id='word_1_223' title='bbox 1689 2551 1882 2607; x_wconf 88' lang='lat' dir='ltr'><strong>tumu</strong></span> <span class='ocrx_word' id='word_1_224' title='bbox 1916 2560 2032 2607; x_wconf 92' lang='lat' dir='ltr'><strong>um</strong></span> <span class='ocrx_word' id='word_1_225' title='bbox 2099 2540 2302 2619; x_wconf 85' lang='lat' dir='ltr'><strong>venit,</strong></span> <span class='ocrx_word' id='word_1_226' title='bbox 2361 2551 2427 2608; x_wconf 90' lang='lat' dir='ltr'><strong>et</strong></span> <span class='ocrx_word' id='word_1_227' title='bbox 2478 2540 2647 2608; x_wconf 89' lang='lat' dir='ltr'><strong>intra</strong></span> <span class='ocrx_word' id='word_1_228' title='bbox 2698 2535 2912 2607; x_wconf 75' lang='lat' dir='ltr'><strong>biduum</strong></span> 
     </span>
     <span class='ocr_line' id='line_1_27' title="bbox 461 2626 2908 2716; baseline -0.002 -20"><span class='ocrx_word' id='word_1_229' title='bbox 461 2637 700 2696; x_wconf 90' lang='lat' dir='ltr'><strong>sanata</strong></span> <span class='ocrx_word' id='word_1_230' title='bbox 746 2626 895 2697; x_wconf 87' lang='lat' dir='ltr'><strong>fuit.</strong></span> <span class='ocrx_word' id='word_1_231' title='bbox 951 2626 1294 2709; x_wconf 90' lang='lat' dir='ltr'><strong>Quaedam</strong></span> <span class='ocrx_word' id='word_1_232' title='bbox 1349 2626 1484 2696; x_wconf 89' lang='lat' dir='ltr'><strong>alia</strong></span> <span class='ocrx_word' id='word_1_233' title='bbox 1538 2626 1762 2716; x_wconf 92' lang='lat' dir='ltr'><strong>puella</strong></span> <span class='ocrx_word' id='word_1_234' title='bbox 1814 2649 1851 2695; x_wconf 92' lang='lat' dir='ltr'><strong>a</strong></span> <span class='ocrx_word' id='word_1_235' title='bbox 1900 2626 2132 2696; x_wconf 88' lang='lat' dir='ltr'><strong>dolore</strong></span> <span class='ocrx_word' id='word_1_236' title='bbox 2179 2627 2539 2698; x_wconf 88' lang='lat' dir='ltr'><strong>oculorum</strong></span> <span class='ocrx_word' id='word_1_237' title='bbox 2579 2639 2674 2697; x_wconf 85' lang='lat' dir='ltr'><strong>est</strong></span> <span class='ocrx_word' id='word_1_238' title='bbox 2718 2635 2908 2695; x_wconf 71' lang='lat' dir='ltr'><strong>curata·</strong></span> 
     </span>
     <span class='ocr_line' id='line_1_28' title="bbox 460 2714 2912 2805; baseline -0.003 -22"><span class='ocrx_word' id='word_1_239' title='bbox 460 2716 683 2785; x_wconf 82' lang='lat' dir='ltr'><strong>Abbas</strong></span> <span class='ocrx_word' id='word_1_240' title='bbox 723 2715 1029 2786; x_wconf 88' lang='lat' dir='ltr'><strong>coenobii</strong></span> <span class='ocrx_word' id='word_1_241' title='bbox 1082 2715 1298 2784; x_wconf 91' lang='lat' dir='ltr'><strong>sancti</strong></span> <span class='ocrx_word' id='word_1_242' title='bbox 1342 2715 1691 2785; x_wconf 75' lang='lat' dir='ltr'><strong>Michaelis</strong></span> <span class='ocrx_word' id='word_1_243' title='bbox 1739 2738 1776 2784; x_wconf 91' lang='lat' dir='ltr'><strong>a</strong></span> <span class='ocrx_word' id='word_1_244' title='bbox 1811 2714 2043 2784; x_wconf 90' lang='lat' dir='ltr'><strong>dolore</strong></span> <span class='ocrx_word' id='word_1_245' title='bbox 2098 2715 2324 2798; x_wconf 87' lang='lat' dir='ltr'><strong>tibiae,</strong></span> <span class='ocrx_word' id='word_1_246' title='bbox 2384 2718 2536 2805; x_wconf 87' lang='lat' dir='ltr'><strong>ejus</strong></span> <span class='ocrx_word' id='word_1_247' title='bbox 2577 2715 2814 2785; x_wconf 89' lang='lat' dir='ltr'><strong>meritis</strong></span> <span class='ocrx_word' id='word_1_248' title='bbox 2853 2721 2912 2776; x_wconf 60' lang='lat' dir='ltr'><strong>es}</strong></span> 
     </span>
     <span class='ocr_line' id='line_1_29' title="bbox 460 2802 2912 2891; baseline -0.003 -20"><span class='ocrx_word' id='word_1_249' title='bbox 460 2816 764 2873; x_wconf 89' lang='lat' dir='ltr'><strong>curatus.</strong></span> <span class='ocrx_word' id='word_1_250' title='bbox 805 2802 1038 2872; x_wconf 87' lang='lat' dir='ltr'><strong>Plures</strong></span> <span class='ocrx_word' id='word_1_251' title='bbox 1085 2826 1355 2891; x_wconf 89' lang='lat' dir='ltr'><strong>quoque</strong></span> <span class='ocrx_word' id='word_1_252' title='bbox 1393 2804 1614 2874; x_wconf 83' lang='lat' dir='ltr'><strong>devoti</strong></span> <span class='ocrx_word' id='word_1_253' title='bbox 1655 2804 1967 2875; x_wconf 89' lang='lat' dir='ltr'><strong>homines</strong></span> <span class='ocrx_word' id='word_1_254' title='bbox 2002 2805 2361 2891; x_wconf 87' lang='lat' dir='ltr'><strong>utriusque</strong></span> <span class='ocrx_word' id='word_1_255' title='bbox 2394 2827 2618 2885; x_wconf 78' lang='lat' dir='ltr'><strong>sexuS,</strong></span> <span class='ocrx_word' id='word_1_256' title='bbox 2662 2815 2912 2872; x_wconf 73' lang='lat' dir='ltr'><strong>nocturno</strong></span> 
     </span>
     <span class='ocr_line' id='line_1_30' title="bbox 462 2892 2910 2993; baseline -0 -33"><span class='ocrx_word' id='word_1_257' title='bbox 462 2901 767 2992; x_wconf 87' lang='lat' dir='ltr'><strong>tempore</strong></span> <span class='ocrx_word' id='word_1_258' title='bbox 807 2892 889 2960; x_wconf 88' lang='lat' dir='ltr'><strong>ad</strong></span> <span class='ocrx_word' id='word_1_259' title='bbox 936 2893 1330 2993; x_wconf 87' lang='lat' dir='ltr'><strong>sepulcrum</strong></span> <span class='ocrx_word' id='word_1_260' title='bbox 1364 2893 1491 2962; x_wconf 86' lang='lat' dir='ltr'><strong>viri</strong></span> <span class='ocrx_word' id='word_1_261' title='bbox 1545 2893 1656 2961; x_wconf 90' lang='lat' dir='ltr'><strong>Dei</strong></span> <span class='ocrx_word' id='word_1_262' title='bbox 1695 2892 2114 2981; x_wconf 88' lang='lat' dir='ltr'><strong>psalmodiae</strong></span> <span class='ocrx_word' id='word_1_263' title='bbox 2147 2907 2388 2963; x_wconf 88' lang='lat' dir='ltr'><strong>cantus</strong></span> <span class='ocrx_word' id='word_1_264' title='bbox 2438 2916 2510 2963; x_wconf 88' lang='lat' dir='ltr'><strong>se</strong></span> <span class='ocrx_word' id='word_1_265' title='bbox 2568 2893 2835 2969; x_wconf 85' lang='lat' dir='ltr'><strong>audisse,</strong></span> <span class='ocrx_word' id='word_1_266' title='bbox 2869 2904 2910 2951; x_wconf 67' lang='lat' dir='ltr'><strong>a·-</strong></span> 
     </span>
     <span class='ocr_line' id='line_1_31' title="bbox 460 2979 2908 3082; baseline -0.002 -33"><span class='ocrx_word' id='word_1_267' title='bbox 460 2979 832 3081; x_wconf 76' lang='lat' dir='ltr'><strong>luminaria</strong></span> <span class='ocrx_word' id='word_1_268' title='bbox 894 2980 1225 3082; x_wconf 74' lang='lat' dir='ltr'><strong>divinitus</strong></span> <span class='ocrx_word' id='word_1_269' title='bbox 1282 3004 1570 3051; x_wconf 88' lang='lat' dir='ltr'><strong>accensa</strong></span> <span class='ocrx_word' id='word_1_270' title='bbox 1621 2981 1893 3061; x_wconf 89' lang='lat' dir='ltr'><strong>vidisse,</strong></span> <span class='ocrx_word' id='word_1_271' title='bbox 1951 2995 2015 3052; x_wconf 91' lang='lat' dir='ltr'><strong>et</strong></span> <span class='ocrx_word' id='word_1_272' title='bbox 2065 2982 2219 3051; x_wconf 89' lang='lat' dir='ltr'><strong>miri</strong></span> <span class='ocrx_word' id='word_1_273' title='bbox 2267 2981 2499 3053; x_wconf 89' lang='lat' dir='ltr'><strong>odoris</strong></span> <span class='ocrx_word' id='word_1_274' title='bbox 2551 2979 2908 3072; x_wconf 81' lang='lat' dir='ltr'><strong>fragrantiam</strong></span> 
     </span>
     <span class='ocr_line' id='line_1_32' title="bbox 462 3082 1348 3142; baseline -0.003 -5"><span class='ocrx_word' id='word_1_275' title='bbox 462 3091 533 3138; x_wconf 87' lang='lat' dir='ltr'><strong>se</strong></span> <span class='ocrx_word' id='word_1_276' title='bbox 582 3091 876 3140; x_wconf 87' lang='lat' dir='ltr'><strong>sens1sse</strong></span> <span class='ocrx_word' id='word_1_277' title='bbox 912 3082 1125 3142; x_wconf 84' lang='lat' dir='ltr'><strong>testati</strong></span> <span class='ocrx_word' id='word_1_278' title='bbox 1167 3083 1348 3140; x_wconf 91' lang='lat' dir='ltr'><strong>sunt.</strong></span> 
     </span>
    </p>
   </div>
   <div class='ocr_carea' id='block_1_3' title="bbox 2936 508 2939 1502">
    <p class='ocr_par' dir='ltr' id='par_1_5' title="bbox 2936 508 2939 1502">
     <span class='ocr_line' id='line_1_33' title="bbox 2936 508 2939 1502; baseline 0 0"><span class='ocrx_word' id='word_1_279' title='bbox 2936 508 2939 1502; x_wconf 95' lang='lat' dir='ltr'><strong> </strong></span> 
     </span>
    </p>
   </div>
   <div class='ocr_carea' id='block_1_4' title="bbox 2936 1927 2939 2929">
    <p class='ocr_par' dir='ltr' id='par_1_6' title="bbox 2936 1927 2939 2929">
     <span class='ocr_line' id='line_1_34' title="bbox 2936 1927 2939 2929; baseline 0 0"><span class='ocrx_word' id='word_1_280' title='bbox 2936 1927 2939 2929; x_wconf 95' lang='lat' dir='ltr'><strong> </strong></span> 
     </span>
    </p>
   </div>
   <div class='ocr_carea' id='block_1_5' title="bbox 786 3376 2665 3477">
    <p class='ocr_par' dir='ltr' id='par_1_7' title="bbox 786 3376 2665 3477">
     <span class='ocr_line' id='line_1_35' title="bbox 786 3376 2665 3477; baseline -0.002 0"><span class='ocrx_word' id='word_1_281' title='bbox 786 3377 1324 3477; x_wconf 69' lang='lat' dir='ltr'><strong>CERTAMEN</strong></span> <span class='ocrx_word' id='word_1_282' title='bbox 1397 3376 1862 3477; x_wconf 83' lang='lat' dir='ltr'><strong>GLORlOSl</strong></span> <span class='ocrx_word' id='word_1_283' title='bbox 1947 3376 2254 3476; x_wconf 73' lang='lat' dir='ltr'><strong>MART.</strong></span> <span class='ocrx_word' id='word_1_284' title='bbox 2331 3376 2665 3475; x_wconf 74' lang='lat' dir='ltr'><strong>AGAPll</strong></span> 
     </span>
    </p>
   </div>
   <div class='ocr_carea' id='block_1_6' title="bbox 459 3587 2906 3755">
    <p class='ocr_par' dir='ltr' id='par_1_8' title="bbox 459 3587 2906 3755">
     <span class='ocr_line' id='line_1_36' title="bbox 459 3587 2906 3658; baseline -0.003 -10"><span class='ocrx_word' id='word_1_285' title='bbox 459 3602 535 3648; x_wconf 74' lang='lat' dir='ltr'><strong>EX</strong></span> <span class='ocrx_word' id='word_1_286' title='bbox 582 3598 831 3649; x_wconf 80' lang='lat' dir='ltr'>EUSEBH</span> <span class='ocrx_word' id='word_1_287' title='bbox 878 3599 1339 3648; x_wconf 70' lang='lat' dir='ltr'>CAESAREENSIS</span> <span class='ocrx_word' id='word_1_288' title='bbox 1386 3598 1901 3648; x_wconf 73' lang='lat' dir='ltr'>ECCLESIASTICAE</span> <span class='ocrx_word' id='word_1_289' title='bbox 1949 3598 2307 3658; x_wconf 63' lang='lat' dir='ltr'><strong>msmmm,</strong></span> <span class='ocrx_word' id='word_1_290' title='bbox 2352 3600 2474 3647; x_wconf 64' lang='grc' dir='ltr'><strong>[ΑΒ.</strong></span> <span class='ocrx_word' id='word_1_291' title='bbox 2513 3600 2647 3656; x_wconf 74' lang='lat' dir='ltr'><strong>vui,</strong></span> <span class='ocrx_word' id='word_1_292' title='bbox 2682 3596 2798 3644; x_wconf 64' lang='lat' dir='ltr'><strong>cst».</strong></span> <span class='ocrx_word' id='word_1_293' title='bbox 2826 3587 2906 3640; x_wconf 66' lang='lat' dir='ltr'><strong>Ul,</strong></span> 
     </span>
     <span class='ocr_line' id='line_1_37' title="bbox 935 3703 2530 3755; baseline -0.001 -1"><span class='ocrx_word' id='word_1_294' title='bbox 935 3706 1318 3755; x_wconf 70' lang='lat' dir='ltr'>INTRRPRETB.</span> <span class='ocrx_word' id='word_1_295' title='bbox 1367 3706 1609 3754; x_wconf 71' lang='lat' dir='ltr'><strong>JOANNE</strong></span> <span class='ocrx_word' id='word_1_296' title='bbox 1659 3704 2255 3754; x_wconf 71' lang='lat' dir='ltr'><strong>cums‘rornonsouo</strong></span> <span class='ocrx_word' id='word_1_297' title='bbox 2304 3703 2530 3755; x_wconf 76' lang='lat' dir='ltr'><strong>ANGLO.</strong></span> 
     </span>
    </p>
   </div>
   <div class='ocr_carea' id='block_1_7' title="bbox 1074 3866 2389 3936">
    <p class='ocr_par' dir='ltr' id='par_1_9' title="bbox 1074 3866 2389 3936">
     <span class='ocr_line' id='line_1_38' title="bbox 1074 3866 2389 3936; baseline 0.001 -12"><span class='ocrx_word' id='word_1_298' title='bbox 1074 3869 1273 3924; x_wconf 82' lang='lat' dir='ltr'><strong>Anno</strong></span> <span class='ocrx_word' id='word_1_299' title='bbox 1300 3868 1428 3922; x_wconf 82' lang='lat'><strong>305</strong></span> <span class='ocrx_word' id='word_1_300' title='bbox 1456 3866 1769 3933; x_wconf 78' lang='lat' dir='ltr'><strong>martyrii</strong></span> <span class='ocrx_word' id='word_1_301' title='bbox 1797 3866 2047 3922; x_wconf 82' lang='lat' dir='ltr'><strong>meruit</strong></span> <span class='ocrx_word' id='word_1_302' title='bbox 2074 3868 2389 3936; x_wconf 77' lang='lat' dir='ltr'><strong>palmam.</strong></span> 
     </span>
    </p>
   </div>
   <div class='ocr_carea' id='block_1_8' title="bbox 456 4032 2903 4308">
    <p class='ocr_par' dir='ltr' id='par_1_10' title="bbox 456 4032 2903 4308">
     <span class='ocr_line' id='line_1_39' title="bbox 545 4032 2903 4137; baseline -0.006 -15"><span class='ocrx_word' id='word_1_303' title='bbox 545 4051 579 4137; x_wconf 72' lang='grc' dir='ltr'>ξ</span> <span class='ocrx_word' id='word_1_304' title='bbox 632 4056 703 4121; x_wconf 80' lang='grc' dir='ltr'><strong>Ι.</strong></span> <span class='ocrx_word' id='word_1_305' title='bbox 760 4054 1013 4131; x_wconf 89' lang='lat' dir='ltr'><strong>Quarto</strong></span> <span class='ocrx_word' id='word_1_306' title='bbox 1062 4069 1245 4116; x_wconf 88' lang='lat' dir='ltr'><strong>anno</strong></span> <span class='ocrx_word' id='word_1_307' title='bbox 1303 4046 1801 4137; x_wconf 88' lang='lat' dir='ltr'><strong>persecutionis</strong></span> <span class='ocrx_word' id='word_1_308' title='bbox 1858 4047 1925 4114; x_wconf 91' lang='lat' dir='ltr'><strong>in</strong></span> <span class='ocrx_word' id='word_1_309' title='bbox 1981 4068 2105 4115; x_wconf 92' lang='lat' dir='ltr'><strong>nos</strong></span> <span class='ocrx_word' id='word_1_310' title='bbox 2156 4046 2560 4136; x_wconf 85' lang='lat' dir='ltr'><strong>grassantis,</strong></span> <span class='ocrx_word' id='word_1_311' title='bbox 2611 4043 2685 4113; x_wconf 90' lang='lat' dir='ltr'><strong>ad</strong></span> <span class='ocrx_word' id='word_1_312' title='bbox 2723 4032 2903 4132; x_wconf 50' lang='lat' dir='ltr'><strong>duod&amp;</strong></span> 
     </span>
     <span class='ocr_line' id='line_1_40' title="bbox 456 4129 2900 4227; baseline -0.009 -19"><span class='ocrx_word' id='word_1_313' title='bbox 456 4139 714 4208; x_wconf 88' lang='lat' dir='ltr'><strong>cimum</strong></span> <span class='ocrx_word' id='word_1_314' title='bbox 752 4137 1023 4207; x_wconf 86' lang='lat' dir='ltr'><strong>Calend.</strong></span> <span class='ocrx_word' id='word_1_315' title='bbox 1072 4136 1485 4218; x_wconf 79' lang='lat' dir='ltr'><strong>DecembriS‚</strong></span> <span class='ocrx_word' id='word_1_316' title='bbox 1535 4135 1661 4205; x_wconf 87' lang='lat' dir='ltr'><strong>hoc</strong></span> <span class='ocrx_word' id='word_1_317' title='bbox 1689 4149 1812 4216; x_wconf 91' lang='lat' dir='ltr'><strong>est,</strong></span> <span class='ocrx_word' id='word_1_318' title='bbox 1853 4135 2182 4225; x_wconf 88' lang='lat' dir='ltr'><strong>vigesimo</strong></span> <span class='ocrx_word' id='word_1_319' title='bbox 2230 4134 2341 4203; x_wconf 90' lang='lat' dir='ltr'><strong>die</strong></span> <span class='ocrx_word' id='word_1_320' title='bbox 2380 4134 2629 4204; x_wconf 90' lang='lat' dir='ltr'><strong>mensis</strong></span> <span class='ocrx_word' id='word_1_321' title='bbox 2671 4129 2900 4227; x_wconf 73' lang='lat' dir='ltr'><strong>quimus</strong></span> 
     </span>
     <span class='ocr_line' id='line_1_41' title="bbox 458 4218 2895 4308; baseline -0.005 -14"><span class='ocrx_word' id='word_1_322' title='bbox 458 4239 779 4308; x_wconf 87' lang='lat' dir='ltr'><strong>vocatur,</strong></span> <span class='ocrx_word' id='word_1_323' title='bbox 834 4227 944 4296; x_wconf 89' lang='lat' dir='ltr'><strong>die</strong></span> <span class='ocrx_word' id='word_1_324' title='bbox 994 4225 1314 4305; x_wconf 81' lang='lat' dir='ltr'><strong>VeneriS,</strong></span> <span class='ocrx_word' id='word_1_325' title='bbox 1383 4224 1450 4293; x_wconf 89' lang='lat' dir='ltr'><strong>in</strong></span> <span class='ocrx_word' id='word_1_326' title='bbox 1511 4224 1747 4293; x_wconf 90' lang='lat' dir='ltr'><strong>eadem</strong></span> <span class='ocrx_word' id='word_1_327' title='bbox 1810 4225 1982 4293; x_wconf 86' lang='lat' dir='ltr'><strong>urbe</strong></span> <span class='ocrx_word' id='word_1_328' title='bbox 2050 4227 2420 4303; x_wconf 88' lang='lat' dir='ltr'><strong>Caesarea,</strong></span> <span class='ocrx_word' id='word_1_329' title='bbox 2484 4222 2609 4293; x_wconf 84' lang='lat' dir='ltr'><strong>tale</strong></span> <span class='ocrx_word' id='word_1_330' title='bbox 2663 4218 2895 4287; x_wconf 78' lang='lat' dir='ltr'><strong>facinus.</strong></span> 
     </span>
    </p>
   </div>
   <div class='ocr_carea' id='block_1_9' title="bbox 460 4366 2898 4489">
    <p class='ocr_par' dir='ltr' id='par_1_11' title="bbox 460 4366 2898 4489">
     <span class='ocr_line' id='line_1_42' title="bbox 512 4366 2898 4444; baseline -0.002 -19"><span class='ocrx_word' id='word_1_331' title='bbox 512 4387 538 4444; x_wconf 65' lang='lat'><strong>⁹.</strong></span> <span class='ocrx_word' id='word_1_332' title='bbox 566 4387 683 4425; x_wconf 80' lang='lat' dir='ltr'><strong>Eum</strong></span> <span class='ocrx_word' id='word_1_333' title='bbox 720 4396 860 4435; x_wconf 83' lang='lat' dir='ltr'><strong>porro</strong></span> <span class='ocrx_word' id='word_1_334' title='bbox 892 4383 1150 4427; x_wconf 71' lang='lat' dir='ltr'><strong>coelitibus</strong></span> <span class='ocrx_word' id='word_1_335' title='bbox 1184 4387 1412 4435; x_wconf 68' lang='lat' dir='ltr'><strong>adjunxit.</strong></span> <span class='ocrx_word' id='word_1_336' title='bbox 1445 4388 1640 4435; x_wconf 75' lang='lat' dir='ltr'><strong>ejusque</strong></span> <span class='ocrx_word' id='word_1_337' title='bbox 1678 4394 1848 4434; x_wconf 82' lang='lat' dir='ltr'><strong>corpus</strong></span> <span class='ocrx_word' id='word_1_338' title='bbox 1868 4386 1922 4425; x_wconf 83' lang='lat' dir='ltr'><strong>de</strong></span> <span class='ocrx_word' id='word_1_339' title='bbox 1943 4388 2072 4425; x_wconf 75' lang='lat' dir='ltr'><strong>terra.</strong></span> <span class='ocrx_word' id='word_1_340' title='bbox 2092 4386 2365 4434; x_wconf 76' lang='lat' dir='ltr'><strong>erigendum</strong></span> <span class='ocrx_word' id='word_1_341' title='bbox 2387 4389 2434 4426; x_wconf 75' lang='lat' dir='ltr'><strong>et</strong></span> <span class='ocrx_word' id='word_1_342' title='bbox 2453 4386 2573 4425; x_wconf 73' lang='lat' dir='ltr'><strong>intur</strong></span> <span class='ocrx_word' id='word_1_343' title='bbox 2589 4378 2815 4423; x_wconf 59' lang='lat' dir='ltr'><strong>Senem</strong></span> <span class='ocrx_word' id='word_1_344' title='bbox 2829 4366 2898 4408; x_wconf 58' lang='lat'><strong>¹¹²5·</strong></span> 
     </span>
     <span class='ocr_line' id='line_1_43' title="bbox 460 4437 2357 4489; baseline 0.001 -11"><span class='ocrx_word' id='word_1_345' title='bbox 460 4446 596 4486; x_wconf 69' lang='lat' dir='ltr'><strong>qmna</strong></span> <span class='ocrx_word' id='word_1_346' title='bbox 614 4439 936 4482; x_wconf 73' lang='lat' dir='ltr'><strong>collocandum</strong></span> <span class='ocrx_word' id='word_1_347' title='bbox 956 4437 1195 4489; x_wconf 64' lang='lat' dir='ltr'><strong>praecepit</strong></span> <span class='ocrx_word' id='word_1_348' title='bbox 1217 4440 1511 4480; x_wconf 67' lang='lat' dir='ltr'><strong>coelestinus</strong></span> <span class='ocrx_word' id='word_1_349' title='bbox 1529 4440 1610 4488; x_wconf 81' lang='lat' dir='ltr'><strong>Pp.</strong></span> <span class='ocrx_word' id='word_1_350' title='bbox 1635 4440 1715 4484; x_wconf 88' lang='lat'><strong>111,</strong></span> <span class='ocrx_word' id='word_1_351' title='bbox 1739 4437 1815 4479; x_wconf 83' lang='lat' dir='ltr'><strong>die</strong></span> <span class='ocrx_word' id='word_1_352' title='bbox 1835 4441 2002 4479; x_wconf 65' lang='lat' dir='ltr'><strong>oct-v·</strong></span> <span class='ocrx_word' id='word_1_353' title='bbox 2014 4439 2222 4487; x_wconf 72' lang='lat' dir='ltr'><strong>januarii</strong></span> <span class='ocrx_word' id='word_1_354' title='bbox 2242 4440 2357 4480; x_wconf 68' lang='lat'><strong>1193.</strong></span> 
     </span>
    </p>
   </div>
   <div class='ocr_carea' id='block_1_10' title="bbox 2934 3324 2941 4672">
    <p class='ocr_par' dir='ltr' id='par_1_12' title="bbox 2934 3324 2941 4672">
     <span class='ocr_line' id='line_1_44' title="bbox 2934 3324 2941 4672; baseline 0 0"><span class='ocrx_word' id='word_1_355' title='bbox 2934 3324 2941 4672; x_wconf 95' lang='lat' dir='ltr'><strong> </strong></span> 
     </span>
    </p>
   </div>
  </div>
 </body>
</html>
