2993 4837
66 327 209 396 NOV.
254 326 291 392 3
739 344 817 389 na
866 344 922 389 s.
972 340 1293 389 naucum
1340 341 1439 388 131¹.
1493 342 1840 389 mar-:umas
2389 328 2471 391 97

64 429 414 498 adversariis
448 452 463 495 ε
518 429 591 496 in
647 449 764 497 ore
850 425 1010 496 ladii
1048 426 1368 495 consumi
1403 426 1663 506 omnia,
1701 440 1767 495 et
1798 426 2007 515 diripi
2058 426 2237 496 bona
2270 449 2555 498 eorum:

64 538 261 590 uxores
300 537 573 605 quoque
621 538 705 585 ac
742 450 994 586 ἥξει-οε
1029 514 1174 584 tolli
1205 528 1269 584 et
1296 514 1577 584 abduci.
1624 515 1745 584 His
1784 514 2065 595 auditis,
2114 517 2366 587 reversi
2400 531 2564 587 sunt

60 605 423 676 festinanter.
479 604 964 692 Sequebantur
1001 603 1231 674 ultimi
1281 603 1543 694 primos
1571 658 1586 685 ‚
1630 625 1768 690 quo
1815 604 2017 684 irent,
2071 617 2190 674 aut
2227 605 2396 692 quid
2447 628 2564 676 ac·

60 695 277 776 ciderit,
324 694 732 764 nescientes.
800 698 932 763 Nec
992 692 1178 762 enim
1243 713 1484 763 omnes
1534 692 1898 762 audierant
1946 694 2127 763 viros
2175 693 2560 781 loquentes.

65 787 315 870 Cumque
344 784 719 864 venissent,
749 795 814 852 et
841 781 1264 851 invenissent
1289 780 1466 849 nihil
1493 781 1740 851 horum
1770 803 1948 868 quae
1982 783 2313 852 nunciata
2342 796 2561 866 erant,

66 869 280 942 confusi
322 885 505 954 sunt,
562 871 979 961 deprehensi
1028 870 1098 938 in
1137 868 1403 938 malitia
1440 892 1593 940 sua.
1646 875 1724 940 Et
1769 882 2239 961 cognoverunt
2286 872 2568 962 spiritui

65 960 267 1032 erroris
307 982 375 1030 se
419 960 717 1030 traditos
753 973 1027 1050 propter
1064 959 1398 1028 nuncium
1444 957 1840 1040 Malachiae,
1878 981 2083 1047 quem
2115 959 2561 1050 deceperunt,

60 1059 113 1120 et
149 1070 363 1118 nomen
411 1049 608 1150 ejus,
665 1049 845 1136 quod
901 1059 1327 1138 spreverunt.
1383 1051 1591 1117 Porro
1647 1048 2031 1138 Episcopus
2079 1048 2371 1120 audiens
2419 1049 2568 1120 fru-

60 1147 261 1210 stratos
285 1138 666 1227 proditores
692 1139 762 1206 in
794 1137 1153 1224 iniquitate
1182 1157 1331 1217 sua,
1363 1157 1573 1223 quam
1603 1137 2089 1227 cogitaverant,
2117 1160 2277 1225 cum
2309 1140 2566 1228 gaudio

52 1227 449 1390 {meavit-tad
513 1227 953 1309 Malachiam,
1006 1224 1308 1295 referens
1356 1225 1594 1294 omnia
1634 1246 1755 1314 per
1806 1225 2118 1295 ordinem
2161 1248 2339 1315 quae
2384 1229 2567 1299 acci-

103 1329 338 1387 erantst
392 1338 435 1384 1.

134 1405 163 1492 5
199 1409 326 1475 u.
379 1405 624 1475 Sciens
671 1402 1044 1473 Malachias
1081 1400 1424 1492 ejusmodi
1453 1399 1817 1472 occasione
1864 1425 2102 1492 pacem
2145 1426 2294 1474 esse
2331 1405 2567 1476 turba-

68 1501 194 1575 tam,
234 1507 465 1576 nactus
531 1506 1008 1584 opportunum
1061 1504 1374 1581 tempuS‚
1432 1512 1668 1581 pacem
1720 1512 1843 1581 per
1890 1504 2106 1562 semet
2152 1495 2332 1564 inter
2379 1495 2567 1584 ipsos

64 1605 85 1639 ἰ
111 1603 247 1651 nuo
288 1582 659 1652 reformare
709 1582 997 1661 curavit,
1038 1592 1106 1650 et
1136 1578 1412 1648 firmare
1444 1578 1907 1662 reformatam,
1948 1580 2129 1651 datis
2176 1594 2242 1652 et
2276 1585 2568 1674 receptis

120 1669 414 1742 trinsecus
462 1672 606 1741 fide
654 1683 722 1741 et
758 1670 1179 1760 juramento.
1231 1673 1481 1739 Verum
1525 1668 1649 1750 illi,
1695 1669 1950 1757 quibus
1979 1684 2138 1740 ante
2179 1693 2307 1761 pax
2355 1671 2570 1743 fracta

56 1774 107 1819 J·
127 1759 185 1841 it,
230 1761 507 1849 injuriae
560 1780 947 1839 memore5‚
1001 1757 1311 1849 neglecto
1362 1770 1560 1847 pacto
1607 1770 1673 1827 et
1722 1770 2083 1849 praecepto
2144 1760 2518 1831 Malachiae
2549 1818 2564 1843 ,

124 1863 463 1920 ctaverunt
512 1849 605 1919 de
652 1849 800 1917 vice
848 1845 1221 1917 reddenda.
1286 1851 1364 1916 Et
1411 1869 1536 1917 con
1598 1847 1808 1938 regati
1874 1869 2115 1920 omnes
2164 1851 2233 1918 in
2288 1872 2508 1920 unum
2550 1906 2565 1931 ‚

64 1942 217 2007 ·¹·.·-nt
252 1953 324 2008 ut
366 1939 756 2028 imparatos
791 1947 1397 2026 praeoccuparent,
1442 1958 1517 2005 re
1570 1937 1945 2023 derentque
1988 1937 2055 2005 in
2093 1949 2302 2028 caput
2330 1960 2569 2009 eorum

176 2048 300 2108 um,
348 2028 532 2114 quod
576 2026 713 2097 sibi
752 2024 973 2096 facere
1021 2026 1457 2116 cogitassent.
1498 2030 1575 2094 Et
1608 2046 1859 2115 magno
1899 2024 2211 2108 flumine,
2251 2027 2433 2114 quod
2469 2029 2570 2096 in·

72 2128 280 2198 ιιι,
328 2115 666 2186 facillime
699 2114 1160 2194 transvadato,
1214 2113 1531 2195 fluviolo,
1585 2135 1791 2201 quem
1844 2134 1978 2183 non
2034 2115 2270 2204 procul
2320 2117 2404 2185 ab
2454 2116 2571 2186 illo

96 2226 367 2287 :cv-mere,
423 2205 680 2275 retenti
730 2215 912 2272 sunt.
968 2209 1197 2290 Neque
1235 2202 1418 2272 enim
1462 2204 1607 2292 jam
1662 2202 2010 2283 fluviolus,
2051 2203 2163 2272 sed
2209 2203 2411 2293 plane
2444 2205 2572 2274 ssu-

72 2304 185 2357 tm:
224 2292 455 2385 ingens
517 2292 900 2383 apparuit,
954 2291 1213 2379 ubique
1261 2292 1372 2360 sui
1428 2292 1719 2360 transire
1767 2291 2155 2363 volentibus
2208 2293 2571 2361 transitum

72 2406 192 2471 ‘·'·³;:
221 2405 293 2455 ιε.
331 2383 565 2453 MIrari
606 2403 850 2452 omnes
895 2393 1161 2451 tantum
1200 2402 1387 2450 nunc
1417 2400 1590 2460 esse,
1644 2380 1988 2451 tantillum
2038 2381 2325 2451 antehac
2362 2379 2573 2452 fuisse

376 2486 441 2543 et
493 2471 689 2558 loqui
736 2471 913 2540 inter
959 2492 1071 2539 se:
1127 2468 1382 2539 «Unde
1435 2469 1797 2540 inundatio
1851 2472 2071 2540 haec?
2115 2474 2239 2541 Aer
2288 2492 2573 2541 serenus

22 2562 25 2569 '
64 2583 165 2638 222,
197 2560 432 2633 imbres
485 2582 628 2631 non
684 2572 868 2640 sunt,
919 2581 1041 2628 nec
1076 2559 1384 2650 proxime
1433 2558 1649 2629 fuisse
1690 2560 2162 2629 meminimus.
2199 2565 2275 2630 Et
2305 2560 2362 2630 si
2397 2559 2572 2630 mul·

109 2671 169 2708 ιιι
210 2648 505 2738 pluisset,
548 2649 712 2736 quis
748 2663 1061 2718 nostrum
1105 2669 1418 2734 unquam
1458 2647 1793 2717 hactenus
1829 2649 2142 2719 meminit
2175 2648 2242 2718 in
2280 2662 2574 2736 quanta—

24 2822 29 2829 ·
74 2757 127 2804 3..
158 2759 315 2823 nque
353 2738 599 2809 illuvie
649 2738 737 2805 ita
795 2736 1238 2816 intumuisse,
1284 2749 1360 2806 ut
1399 2736 1696 2826 operiret
1737 2749 2023 2817 terram,
2077 2750 2222 2807 sata
2269 2751 2333 2807 et
2382 2751 2576 2829 prata

182 2825 456 2897 aderet?
507 2826 782 2916 Digitus
829 2825 943 2895 Dei
997 2837 1099 2895 est
1146 2825 1312 2894 iste:
1365 2838 1430 2894 et
1489 2824 1823 2894 Dominus
1873 2826 2047 2914 sepit
2103 2827 2246 2895 vias
2308 2841 2574 2899 nostras

22 2912 27 2921 ’
82 2939 125 2988 5³¹
157 2941 198 2974 ²¹»
240 2946 247 2954 ·
326 2930 650 2987 sanctum
691 2936 895 2984 suum
939 2913 1344 3007 Malachiam
1370 2968 1385 2995 ,
1429 2912 1636 3070 cu{us
1677 2934 1923 2982 sumus
1961 2914 2406 3004 praevaricati
2452 2939 2575 3007 pa-

152 3029 239 3087 ηρ,
282 3003 700 3094 transgressi
743 3001 1169 3073 mandatum.
1209 3025 1244 3069 »
1280 3007 1380 3071 lta
1426 3014 1491 3071 et
1549 3002 1596 3070 ιί
1634 3000 1883 3072 infecto
1931 3003 2236 3094 negotio,
2292 3004 2380 3073 ad
2450 3026 2576 3076 sua

22 3096 27 3121 ⁷
101 3117 232 3150 ⁶⁵³¹·-
276 3094 550 3164 confusi
604 3092 1126 3182 repedaverunt.
1186 3090 1625 3180 Divulgatum
1674 3103 1776 3160 est
1819 3091 2100 3161 verbum
2140 3115 2259 3183 per
2299 3094 2576 3163 univer-

92 3194 187 3246 -ιιι
213 3184 578 3273 regionem,
608 3194 673 3251 et
698 3180 1195 3251 benedicebant
1231 3186 1469 3261 Deum,
1517 3179 1637 3267 qui
1678 3180 2204 3268 comprehendit
2232 3203 2302 3251 sa
2363 3182 2575 3253 ientes

72 3295 118 3326 ·÷·
161 3273 378 3342 astutia
436 3295 613 3353 sua,
681 3283 746 3341 et
800 3269 1243 3359 confringens
1292 3290 1554 3339 cornua
1624 3280 2109 3360 peccatorum,
2177 3271 2308 3340 sub
2341 3271 2576 3340 imavit

26 3415 29 3418 .
74 3371 243 3429 :arou
275 3361 520 3431 Christi
576 3360 774 3430 sui...
1056 3362 1059 3365 ’

138 3447 350 3531 §²²-
402 3449 639 3519 Habes
673 3447 973 3536 diligens
1023 3445 1232 3516 lector
1279 3446 1348 3514 in
1405 3444 1741 3517 Malachia
1790 3446 1955 3534 quid
2003 3447 2315 3530 mireris,
2364 3449 2574 3519 habes

62 3536 282 3630 ,qnid
315 3538 633 3608 imiteris.
688 3542 882 3605 Nunc
915 3535 1058 3625 jam
1102 3533 1267 3621 quid
1323 3535 1447 3605 tibi
1487 3557 1568 3604 ex
1617 3536 1725 3605 his
1782 3536 2203 3624 sperandum
2263 3539 2371 3617 sit,
2427 3549 2574 3606 stu-

108 3639 263 3695 tosus
288 3640 415 3697 atte
510 3648 582 3709 ,e.
622 3630 789 3695 Nam
840 3623 1003 3693 finis
1051 3622 1326 3703 horum,
1376 3625 1676 3725 pretiosa
1718 3647 1903 3694 mors
1951 3639 2074 3696 est.
2131 3630 2573 3695 Percontatus

74 3709 777 3807 :iquandoffffuonam
818 3714 889 3781 in
930 3711 1103 3793 loco,
1158 3712 1215 3781 si
1251 3726 1437 3804 optio
1469 3713 1695 3795 detur,
1730 3726 2106 3784 extremum
2148 3716 2340 3786 malit
2373 3737 2573 3806 agere

22 3816 216 3893 ¹.1t².m
261 3803 371 3892 (de
424 3804 558 3873 hoc
607 3803 664 3871 si
717 3801 952 3871 uidem
1010 3799 1254 3871 fratres
1309 3803 1730 3890 quaerebant
1787 3803 1966 3873 inter
2013 3826 2129 3885 se,
2183 3826 2387 3890 quem
2441 3805 2574 3875 sibi

22 3972 27 3979 ‚
148 3888 317 3975 isque
362 3825 745 3982 deligereil),
784 3902 1171 3970 cunctatur,
1207 3903 1271 3960 et
1306 3914 1440 3961 non
1479 3890 1869 3981 respondet.
1925 3894 2352 3964 Instantibus
2382 3893 2522 3964 illis
2555 3919 2567 3962 :

24 4060 25 4067 ἵ
66 4001 77 4008 “
129 3975 360 4050 Sibinc
400 3982 495 4051 mi
553 4002 650 4062 ro,
701 3979 952 4067 inquit,
999 4000 1340 4065 nusquam
1385 3981 1739 4062 libentiuS,
1777 4003 1987 4068 quam
2020 3982 2206 4052 unde
2239 4005 2381 4053 una
2413 4006 2569 4054 cum

22 4132 25 4137 .
80 4078 264 4135 -wstro
290 4073 533 4157 Aposto
565 4091 604 4139 o
654 4089 1011 4159 resurgere
1046 4069 1331 4158 possim.
1374 4070 1686 4157 (Dicebat
1718 4082 1946 4139 autem
1997 4085 2313 4141 sanctum
2368 4076 2577 4143 Patri-

74 4149 279 4244 cium.)
322 4159 387 4227 Si
439 4157 865 4250 peregrinari
914 4168 1276 4247 oporteret,
1315 4172 1380 4228 et
1420 4160 1513 4228 ita
1545 4159 1879 4250 permittit
1919 4162 2119 4239 DeuS,
2161 4160 2578 4232 claramval-

82 4232 182 4309 lem
213 4242 443 4337 delegi.
482 4271 521 4315 »
572 4246 968 4333 Requisitus
1008 4246 1166 4316 item
1205 4246 1291 4329 de
1332 4259 1659 4337 tempore,
1713 4246 1897 4316 diem
1941 4248 2297 4336 respondit
2327 4249 2582 4318 solem->

72 4355 186 4392 ,ω
226 4337 525 4408 omnium
565 4334 1075 4404 defunctorum.
1131 4336 1200 4404 Si
1242 4336 1535 4426 simplex
1575 4350 1806 4406 votum
1861 4347 2164 4424 putatur,
2210 4336 2576 4423 impletum

22 4474 23 4479 ,
86 4428 177 4486 eat.
216 4423 277 4491 Si
314 4424 694 4517 prophetia,
744 4445 828 4492 ne
852 4422 995 4512 jota
1031 4424 1400 4515 praeteriit.
1442 4424 1632 4495 Sicut
1671 4422 2093 4502 audivimus,
2135 4424 2234 4492 sic
2276 4424 2581 4494 vidimus

200 4543 420 4605 surim
447 4575 475 4590 -
515 4543 687 4605 Vnae
719 4538 823 4604 ss.
851 4573 876 4586 -
900 4539 1029 4603 vol.
1059 4539 1157 4602 xi.
2388 4538 2423 4597 7
2721 4488 2814 4545 ‘⁴¹‘
