2993 4837
470 304 598 369 422
1283 320 1360 364 nn
1407 319 1463 364 s,
1520 317 1793 366 nAnrmo
1844 318 2001 364 rara
2585 298 2742 365 Not.
2781 299 2845 365 ti

384 406 559 475 veris
591 405 1018 487 discernere3
1059 424 1175 492 per
1222 402 1524 472 Ethicam
1567 415 1853 473 conatus
1885 415 1986 472 est
2023 425 2244 471 mores
2275 423 2700 492 componere:
2730 398 2853 473 illos

384 496 478 563 ita
510 492 774 563 studuit
807 513 1181 582 propagare
1218 502 1418 578 atque
1453 491 1935 581 pronunciare.
1982 491 2213 561 Decisa
2248 514 2546 579 namque
2581 491 2856 577 caesarie,

383 583 707 652 honorem
744 580 1104 649 clericatus
1130 580 1408 650 devotus
1440 579 1724 671 accepit,
1762 593 1963 667 atque
1995 579 2079 649 ad
2118 579 2620 652 Ecclesiasticos
2646 578 2863 670 gradus
2906 632 2913 641 -

382 669 781 740 conscendit
817 668 1294 760 dignissimus.
1329 674 1564 738 Postea
1607 679 1783 739 totus
1815 668 1881 737 in
1920 673 2051 738 Deo
2084 690 2491 758 suspensuS,
2520 669 2604 739 de
2634 668 2865 739 animae

383 780 548 837 suae
588 757 806 828 salute
852 779 1120 849 semper
1164 769 1306 827 erat
1353 756 1688 827 sollicitus
1718 812 1733 839 ,
1778 770 1843 827 et
1874 759 1965 827 ita
2013 780 2252 827 servus
2299 757 2462 827 vixit
2508 759 2574 826 in
2622 755 2865 836 seculo,
2909 826 2920 838 ,

383 862 459 917 ut
491 847 656 916 dum
708 847 1006 935 genuina
1046 845 1428 917 substantia
1474 845 1845 935 opulentus
1894 845 2257 926 videretur,
2289 845 2435 933 jam
2488 847 2681 934 quasi
2726 844 2871 917 nihil

383 935 667 1015 habenS,
706 948 770 1004 et
806 936 1036 1004 omnia
1086 934 1464 1025 possidens,
1512 956 1774 1024 pauper
1819 956 1977 1005 cum
2027 935 2408 1015 monachis,
2445 935 2689 1025 spiritu
2714 932 2872 1003 dim
2910 988 2919 993 .

379 1038 521 1093 erat
569 1024 851 1093 Christo.
921 1029 1123 1093 Totus
1181 1022 1549 1093 crucifixus
1615 1035 1759 1093 erat
1821 1021 2131 1098 mundo,
2197 1023 2744 1111 quandoquidem
2787 1020 2875 1091 illi

382 1112 685 1182 mundus
732 1123 874 1181 erat
920 1113 1310 1182 crucifixus,
1365 1112 1596 1180 Vivere
1641 1111 1898 1200 quippe
1932 1111 2031 1181 illi
2074 1112 2382 1181 Christus
2413 1124 2577 1193 erat,
2619 1122 2681 1180 et
2728 1110 2877 1179 mori

381 1201 699 1271 lucrum:
752 1200 1168 1270 desiderium
1214 1221 1508 1287 namque
1561 1200 1903 1270 multoties
1939 1200 2179 1270 habuit
2210 1222 2369 1269 cum
2420 1199 2727 1290 Apostolo
2761 1198 2880 1270 dis-

379 1289 571 1370 solvi,
615 1302 679 1358 et
711 1311 858 1358 esse
889 1312 1044 1359 cum
1098 1289 1403 1372 Christo;
1455 1288 1712 1377 quippe
1757 1289 1877 1375 qui
1917 1290 2225 1377 martyrii
2264 1288 2586 1379 palmam,
2635 1288 2690 1359 si
2731 1300 2877 1357 tem·

380 1378 565 1466 poris
612 1378 879 1447 occasio
929 1398 1062 1446 non
1112 1388 1286 1447 esset
1332 1376 1848 1464 impedimento,
1900 1376 2387 1448 ardentissimo
2411 1377 2557 1463 jam
2601 1390 2759 1446 tunc
2798 1376 2879 1445 si·

380 1467 587 1536 tiebat
686 1488 757 1535 ro
820 1466 1093 1535 veritate
1147 1464 1509 1535 desiderio.
1575 1465 1700 1534 Sed
1757 1466 2192 1555 omnipotens
2257 1471 2430 1535 Deus
2485 1464 2877 1535 desiderium

377 1554 568 1623 illius
615 1488 903 1634 distulit,
964 1568 1164 1640 atque
1216 1553 1459 1622 ovibus
1499 1554 1645 1623 suis
1687 1553 1886 1622 talem
1941 1555 2222 1624 arietem
2267 1555 2647 1624 necessario
2697 1575 2882 1622 reser-

375 1643 574 1723 vavit,
605 1643 820 1712 donec
851 1664 967 1730 per
1000 1641 1400 1731 pastoralem
1434 1663 1669 1711 curam
1708 1642 2086 1732 perveniret
2113 1642 2198 1712 ad
2224 1643 2529 1732 martyrii
2554 1663 2880 1713 coronam.

377 1730 501 1800 Sed
543 1732 686 1821 jam
734 1732 899 1800 ratio
945 1729 1208 1800 ordinis
1247 1731 1662 1799 examussim
1709 1731 1998 1819 expetit,
2050 1744 2125 1800 ut
2162 1731 2456 1819 qualiter
2499 1731 2588 1800 ad
2638 1732 2885 1801 univer·

376 1819 587 1889 salem
622 1833 689 1889 et
710 1819 1158 1911 Apostolicam
1198 1823 1541 1888 Romanae
1575 1818 1911 1889 Ecclesiae
1937 1818 2166 1888 sedem
2204 1820 2437 1889 divina
2468 1820 2555 1890 sit
2578 1819 2881 1888 electione

377 1921 751 1998 permotuS,
794 1906 1063 1994 qualive
1113 1907 1313 1977 modo
1357 1928 1479 1995 pro
1527 1908 1901 1977 assertione
1940 1908 2237 1978 veritatis
2276 1908 2745 1998 improborum
2792 1907 2887 1974 in·

374 1996 570 2068 sidiis
599 1996 683 2065 de
718 1998 994 2087 propria
1028 1995 1186 2066 sede
1216 1995 1419 2064 fuerit
1453 1995 1824 2085 impulsuS,
1865 2009 2068 2084 atque
2099 1996 2475 2078 exsiliatuS,
2521 2002 2647 2067 Deo
2678 1995 2881 2086 opitu-

376 2085 578 2165 lante,
623 2086 1111 2173 qualicumque
1149 2083 1324 2174 stylo
1363 2084 1770 2154 elucubrare
1799 2085 2197 2155 debeamus.

461 2177 635 2261 §a
710 2179 947 2243 Beatae
1013 2172 1500 2242 recordationis
1565 2178 1744 2272 Papa
1810 2172 2156 2243 Theodoro
2221 2174 2254 2208 ¹*
2311 2173 2443 2243 vita
2496 2172 2877 2249 excedente.

375 2264 690 2351 viamque
741 2263 1093 2331 universae
1139 2261 1367 2330 carnis
1416 2260 1862 2349 ingrediente,
1909 2274 2145 2332 sancta
2174 2275 2238 2331 et
2265 2261 2647 2352 Apostolica
2689 2273 2882 2331 mater

374 2350 826 2422 Ecclesiarum
868 2354 978 2420 Dei
1011 2355 1315 2421 Romana
1343 2348 1665 2430 Ecclesia,
1705 2372 1744 2420 a
1773 2351 2047 2440 proprio
2087 2363 2351 2437 pastore
2374 2351 2675 2433 viduata,
2704 2362 2881 2438 atqua

374 2439 901 2510 lamentabiliter
954 2439 1268 2508 destituta
1303 2493 1319 2520 ,
1378 2460 1462 2507 ne
1510 2438 1684 2508 ovile
1733 2441 2004 2509 Domini
2059 2439 2321 2510 diutius
2366 2453 2430 2508 et
2480 2439 2638 2530 plus
2685 2458 2922 2526 aequo-

376 2529 719 2618 provisore
752 2541 1029 2608 careret,
1065 2527 1624 2608 Archidiaconu8‚
1660 2528 1941 2598 collecto
1975 2529 2042 2597 in
2076 2551 2294 2598 unum
2330 2527 2536 2608 clero,
2579 2529 2763 2598 omni
2812 2546 2883 2596 ue

371 2616 581 2687 simul
610 2630 801 2686 coetu
830 2621 1157 2695 Romano,
1196 2616 1577 2702 disquirere
1610 2617 1831 2706 coepit
1856 2617 2210 2686 communi
2241 2617 2549 2686 omnium
2588 2617 2777 2688 consi
2804 2615 2877 2712 io,

371 2704 662 2793 qualiter
711 2717 981 2773 sanctae
1033 2704 1371 2773 Ecclesiae
1422 2704 1881 2786 consulerent,
1920 2717 1985 2774 et
2033 2704 2322 2794 dignum
2371 2704 2612 2775 domui
2661 2704 2881 2775 Christi

375 2792 937 2883 patremfamilias
974 2806 1486 2893 praeponerent.
1533 2792 1625 2861 Ad
1661 2795 1841 2880 quod
1882 2794 2346 2883 peragendum
2378 2815 2457 2863 ex
2492 2792 2881 2890 praeceden·

374 2882 544 2951 tium
588 2881 1083 2950 consuetudine
1138 2893 1405 2971 patrum
1458 2904 1494 2948 a
1547 2885 1676 2950 Deo
1728 2883 1993 2952 monuit
2038 2903 2185 2952 esse
2242 2881 2758 2968 quaerendum;
2804 2901 2885 2949 st-

372 2968 655 3057 mulque
704 2970 957 3039 indicto
999 2970 1264 3059 jejunio
1300 2969 1642 3050 triduan0,
1680 2992 1919 3040 omnes
1952 2971 2372 3040 unanimiter
2407 2993 2633 3040 rerum
2671 2971 2881 3038 inven-

372 3071 583 3127 torem
628 3058 872 3127 obnixe
919 3081 1000 3128 su
1057 3058 1333 3148 plicant,
1385 3077 1729 3144 quatenus
1776 3059 2131 3128 orbitatem
2184 3058 2525 3129 Ecclesiae
2564 3081 2729 3128 suae
2766 3056 2878 3126 cita

368 3147 770 3238 dignaretur
800 3167 1007 3216 conso
1039 3147 1260 3216 atione
1304 3146 1540 3215 lenire.
1593 3151 1741 3228 Quo
1774 3161 1968 3236 pacto
2001 3169 2241 3218 omncs
2288 3170 2325 3215 a
2364 3147 2652 3216 minimo
2684 3164 2878 3232 usqne

367 3236 454 3305 ad
508 3236 880 3305 maximum
933 3236 1165 3304 divino
1215 3234 1547 3303 instinctu
1585 3237 1838 3312 attacti,
1879 3240 1949 3304 B.
1988 3235 2350 3304 Martinum
2394 3235 2873 3325 Theosophum‚

366 3347 444 3394 ac
486 3323 892 3392 'tudertinae
923 3325 1214 3393 civitatis
1261 3321 1749 3413 philosophum
1791 3323 2222 3415 dignissimis
2268 3324 2603 3394 extollunt
2649 3320 2877 3393 sancti·

368 3413 524 3483 tatis
554 3426 755 3500 atque
794 3412 1167 3500 sapientiae
1207 3410 1534 3481 laudibus
1565 3434 1787 3500 usque
1827 3413 1895 3481 in
1933 3411 2224 3491 coelum,
2268 3412 2632 3499 solumque
2672 3413 2874 3501 ipsum

365 3502 436 3569 in
483 3515 613 3570 toto
652 3501 814 3570 orbe
855 3505 1157 3570 Romano
1209 3511 1392 3569 tanto
1445 3500 1842 3590 praesulatu
1894 3500 2209 3590 dignum,
2267 3501 2695 3588 nimiumque
2749 3495 2873 3567 ido·

367 3612 570 3658 neum
613 3589 895 3659 existere
942 3588 1228 3658 altisona
1267 3609 1425 3658 voce
1463 3589 1912 3677 proclamant.
1953 3593 2259 3675 Cumque
2290 3610 2530 3660 omnes
2574 3588 2713 3675 pari
2748 3595 2871 3654 voto

366 3678 651 3767 parique
701 3698 1043 3747 consensu
1093 3676 1335 3747 Christi
1394 3689 1700 3766 tyronem
1766 3677 2129 3748 Martinum
2171 3676 2599 3767 eligerent*
2642 3671 2870 3769 directa

364 3768 767 3855 Imperatori
806 3765 908 3802 μ’
959 3765 1270 3855 epistola,
1314 3764 1710 3834 electionem
1753 3765 2101 3835 Pontificis
2132 3766 2570 3834 annuntiant.
2614 3763 2737 3847 Qui
2779 3758 2869 3830 di·

363 3855 628 3923 vinitati
694 3866 917 3944 grates
968 3853 1235 3934 retulit,
1301 3875 1591 3940 moxque
1646 3854 2143 3943 praescriptum
2198 3854 2471 3923 beatum
2532 3852 2865 3922 Martinam

363 3944 669 4013 ordinari
707 3943 1094 4033 praecepit;
1150 3942 1366 4012 laetus
1416 3942 1644 4029 itaque
1683 3956 1746 4011 et
1791 3941 2348 4029 gratulabundus
2396 3954 2573 4011 totus
2618 3946 2861 4036 senatus

361 4054 497 4102 una
566 4054 725 4101 cum
791 4031 1059 4101 clericis
1123 4054 1202 4101 ac
1276 4030 1690 4120 presbyteris
1760 4030 2110 4117 simulque
2183 4030 2375 4100 omni
2446 4027 2859 4120 populosuate

363 4125 691 4200 Romana,
734 4132 997 4189 tantum
1040 4119 1381 4204 talemque
1430 4125 1770 4188 Pastorem
1809 4119 2136 4208 suscepit,
2180 4130 2246 4188 et
2293 4119 2547 4188 honore
2586 4130 2855 4206 praema-

361 4210 614 4299 gnifico
648 4211 715 4276 in
759 4208 918 4278 sede
956 4208 1336 4298 Apostolica
1372 4207 1794 4278 sublimavit.

410 4369 438 4395 ’Φ
465 4369 620 4415 Hujus
639 4366 840 4407 nominis
863 4367 1057 4417 primus,
1075 4371 1156 4417 qut
1178 4379 1235 4409 ex
1255 4369 1341 4408 hac
1360 4370 1461 4407 vita
1481 4366 1765 4408 discesserat
1786 4378 1906 4408 anno
1926 4369 2015 4409 64⁹.
2244 4369 2298 4395 *⁸
2326 4371 2459 4408 Anno
2487 4369 2572 4406 ⁶4⁹.

412 4421 493 4447 Μ’*
523 4420 712 4460 Scilicet
734 4422 959 4462 Constans
981 4423 1041 4467 11,
1060 4423 1141 4470 qui
1160 4423 1257 4462 fato
1282 4423 1517 4462 concessit
1539 4432 1657 4462 anno
1677 4423 1767 4464 668.
