2993 4837
542 284 671 348 476
1047 301 1125 347 nn
1172 300 1225 348 s.
1281 300 1634 348 munem-10
1683 299 1974 348 Ancurae.
2030 300 2408 348 nuatmssxffl
2677 280 2839 347 Nov.
2887 284 2906 347 l

454 384 736 474 perdere
773 383 1023 453 milites
1067 406 1252 454 suos.
1305 389 1435 454 Nec
1489 396 1716 454 tamen
1762 384 2060 454 reddidit
2097 407 2254 455 eum
2309 384 2509 474 patri,
2557 384 2678 453 sed
2723 384 2884 455 cuid
2912 416 2934 447 ω

452 473 790 562 Episcopo
823 473 1357 553 Glindalacensi,
1396 474 1606 560 idque
1655 474 1764 543 his
1850 474 2020 543 actis
2078 473 2388 565 legibuS‚
2441 494 2526 542 ne
2575 473 2771 543 illum
2814 487 2931 563 pat

451 561 856 640 restitueret,
903 563 1034 629 nisi
1072 562 1265 651 prius
1298 563 1406 631 sui
1448 562 1700 631 milites
1734 563 1790 630 si
1847 563 1864 630 i
1903 562 2370 632 redderentur.
2412 563 2605 631 Missi
2639 576 2798 632 sunt
2830 584 2861 630 e
2896 592 2941 645 :¹

454 650 706 718 milites
739 649 825 718 ad
858 651 1295 740 Episcopum,
1334 652 1450 736 qui
1488 652 1653 742 Regi
1700 651 2021 721 Dei-mitio
2053 673 2169 721 eos
2212 651 2661 721 remittendos
2700 651 2924 720 curarit

454 760 744 828 puerum
782 752 1007 808 autem
1062 761 1181 828 per
1217 739 1580 809 duodecim
1618 740 1765 808 dies
1805 741 1989 829 apud
2043 762 2117 809 se
2168 740 2491 817 retinuit,
2537 752 2608 809 et
2651 739 2942 830 capellan

452 849 576 896 suo
611 839 687 896 ut
717 848 952 896 curam
991 827 1075 896 de
1108 826 1225 896 illo
1255 839 1538 916 gereret,
1591 830 1708 916 qui
1753 828 2087 897 inciderat
2126 829 2193 896 in
2238 828 2538 898 latrones
2575 883 2592 908 ,
2653 841 2896 915 tamque
2932 860 2941 889 ι

451 915 676 985 bonus
712 916 1184 985 Samaritanus
1232 917 1600 986 commisit.
1655 922 1722 986 Is
1772 939 1927 986 vero
1971 939 2260 1006 puerum
2307 917 2614 1007 benigne
2654 918 2924 1005 suscepit

452 1017 516 1074 et
570 1005 785 1072 instar
844 1005 1199 1094 prudentis
1249 1006 1602 1075 stabularii
1660 1027 1792 1073 non
1846 1007 2080 1074 minus
2129 1006 2453 1095 spiritus,
2506 1028 2731 1093 quam
2778 1004 2933 1074 carni

452 1114 699 1250 gerens
734 1115 998 1173 curam,
1042 1115 1175 1162 non
1223 1115 1505 1183 erogare
1536 1117 1614 1163 ea
1665 1107 1954 1174 tantum,
1992 1096 2250 1181 quibus
2285 1116 2541 1182 corpus
2582 1095 2674 1163 de
2710 1093 2845 1164 suis
2883 1093 2934 1159 in

477 1183 895 1250 trinitatibus
928 1181 1395 1251 convalescere
1426 1195 1674 1272 posset,
1722 1182 2029 1252 studuit:
2090 1205 2320 1252 verum
2361 1183 2573 1252 etiam
2649 1204 2872 1271 super·
2918 1206 2929 1241 ι

454 1270 682 1360 gando
719 1270 803 1339 ad
854 1271 1007 1356 ejus
1040 1271 1358 1359 spiritum
1396 1270 1922 1352 confovendum,
1982 1293 2100 1359 per
2147 1270 2336 1341 illius
2386 1284 2523 1340 tam
2578 1271 2809 1340 brevis
2838 1282 2887 1337 te
2919 1301 2942 1333 ι..

456 1360 643 1444 poris
676 1359 973 1448 spatium
1018 1359 1085 1427 in
1138 1360 1441 1429 oratione
1482 1361 1867 1440 Dominica,
1915 1372 1980 1428 et
2023 1360 2266 1448 primis
2320 1360 2477 1429 fidei
2532 1359 2930 1430 rudimentis

455 1447 583 1517 hoc
617 1462 739 1528 est,
779 1447 843 1515 in
880 1447 1214 1537 symbolo,
1252 1448 1429 1518 sicut
1459 1448 1751 1529 dicebat,
1795 1449 2157 1538 parvulum
2196 1449 2649 1518 Laurentium
2687 1447 2942 1518 erudiri

455 1537 563 1604 Sic
602 1537 814 1623 igitur
847 1558 1017 1623 puer
1038 1537 1519 1606 convalescens
1551 1538 1635 1606 de
1677 1538 2196 1607 infirmitatibus
2226 1539 2394 1612 suis,
2436 1537 2638 1606 fortis
2665 1538 2877 1606 factus
2909 1565 2939 1593 υ

453 1625 747 1710 maiora,
810 1626 863 1693 si
911 1625 1185 1713 juberet
1225 1626 1593 1707 DominnS,
1638 1625 2014 1705 toleranda,
2064 1647 2184 1715 pro
2227 1648 2389 1714 pace
2440 1629 2715 1713 patriae
2765 1647 2921 1714 pass·

452 1714 714 1792 exsilia,
768 1713 1156 1782 duodennis
1189 1714 1275 1782 ab
1307 1714 1546 1784 exsilio
1588 1728 1948 1795 revertenS,
1998 1736 2230 1804 pacem
2278 1715 2536 1805 populo
2587 1715 2896 1786 reddidit,
2926 1738 2942 1769 ·-1

451 1802 783 1892 gaudium
820 1803 1178 1871 universae
1218 1817 1456 1871 terrae.
2927 1889 2932 1894 Ι

534 1893 576 1978 ,ξ
624 1896 707 1963 cl.
764 1895 916 1960 Post
963 1889 1110 1959 dies
1174 1903 1399 1960 autem
1459 1890 1822 1960 duodecim
1887 1891 2257 1960 adveniens
2316 1905 2554 1978 pater,
2617 1891 2939 1984 sollicita·⁸

454 1979 893 2068 Episcopum,
946 1993 1021 2047 ut
1058 2001 1176 2068 per
1214 1993 1460 2048 sortem
1499 1980 1896 2067 inquireret,
1949 2002 2152 2067 quem
2190 1979 2274 2048 de
2308 1980 2546 2049 liberis
2590 1982 2753 2050 suis
2799 1999 2919 2047 aser

455 2067 638 2137 beret
673 2068 980 2138 Clericali
1014 2068 1321 2145 militiae,
1356 2083 1419 2136 et
1465 2067 1720 2137 divinis
1753 2069 2105 2156 obsequiis
2140 2068 2507 2138 dedicaret.
2563 2070 2704 2139 Sed
2744 2069 2942 2137 divin

456 2156 1097 2246 praedestinationis
1143 2157 1471 2226 electione
1508 2158 1651 2246 jam
1700 2162 1826 2226 Deo
1876 2159 2156 2228 sortitus
2206 2179 2375 2246 puer
2421 2159 2836 2228 Laurentius
2871 2155 2942 2252 lin

456 2246 777 2326 audienS,
842 2246 1075 2314 risisse
1124 2245 1383 2326 lemur,
1435 2258 1501 2314 et
1533 2247 1830 2314 dixisse:
1885 2252 2088 2315 «Non
2145 2258 2246 2315 est
2277 2268 2476 2334 opus
2533 2261 2758 2336 pater,
2810 2265 2870 2314 so

454 2335 657 2404 tione.
713 2339 874 2425 Ego,
932 2336 987 2403 si
1031 2334 1366 2424 permittis
1399 2388 1413 2412 ,
1467 2334 1880 2403 Clericorum
1940 2348 2187 2404 sortem
2235 2334 2415 2404 ultro
2454 2335 2692 2427 elig03
2747 2346 2938 2427 caete·-

454 2438 677 2493 autem
733 2437 1081 2510 tamquam
1152 2445 1371 2503 vana,
1437 2425 1861 2493 amatoribus
1921 2425 2165 2493 mundi
2229 2424 2564 2511 relinqua.
2616 2449 2657 2491 »
2720 2418 2937 2493 Puerilt

454 2527 678 2581 autem
717 2513 930 2581 animi
960 2512 1192 2582 audita
1221 2512 1536 2581 comitate
1556 2527 1620 2581 et
1652 2511 2042 2591 dulcedine,
2070 2526 2260 2603 pater
2285 2512 2593 2592 subrisit,
2625 2516 2896 2604 Episcop
2926 2537 2941 2560 ·-·

459 2614 524 2671 et
569 2622 809 2670 omnes
841 2602 958 2687 qui
1000 2601 1411 2680 audierunt,
1468 2601 1693 2670 mirati
1754 2616 1916 2671 sunt
1967 2615 2034 2671 et
2091 2602 2327 2691 gavisi,
2377 2602 2557 2688 quod
2616 2625 2793 2692 puer
2834 2598 2939 2668 ad

453 2688 729 2767 nobilis,
771 2702 1159 2779 contempta
1211 2689 1623 2758 haereditate
1673 2689 2056 2776 temporali,
2100 2712 2276 2777 quae
2318 2691 2544 2779 ipsum
2600 2692 2892 2774 contin·
2932 2697 2942 2736 ·'

460 2778 834 2867 potuisset,
890 2777 1229 2847 Christum
1284 2778 1413 2846 sibi
1466 2777 1532 2845 in
1600 2778 2083 2847 haereditatem
2144 2779 2346 2869 elegit
2405 2779 2753 2849 alacriter.
2813 2783 2942 2846 Pa·

461 2887 617 2935 vero
647 2866 707 2934 ei
747 2868 1180 2936 consentiens
1220 2879 1285 2935 et
1372 2867 1704 2946 ratulanS,
1758 2872 2030 2957 arrepta
2074 2866 2228 2952 ejus
2275 2867 2546 2937 dextera
2577 2923 2593 2948 ,
2652 2883 2935 2953 tamqua·¹

457 2954 809 3023 sinistram
858 2976 1219 3044 spernens,
1269 2955 1312 3023 il
1351 2977 1463 3024 um
1508 2960 1638 3025 Deo
1682 2956 1951 3036 obtulit,
1990 2968 2056 3024 et
2102 2969 2337 3025 sancto
2379 2958 2752 3047 CoenginO,
2790 2950 2924 3023 eccl

453 3043 593 3111 siae
641 3043 1052 3112 cathedralis
1095 3044 1390 3144 regionis
1428 3043 1618 3113 illius
1656 3057 1938 3133 patrono
1968 3043 2256 3123 devovit,
2291 3046 2438 3133 jam
2471 3046 2641 3114 dicti
2684 3046 2930 3135 Episcop

456 3153 664 3200 curae
701 3154 857 3200 eum
893 3132 1348 3202 nibilominus
1385 3132 2019 3209 commendansut
2058 3132 2280 3214 illum,
2319 3134 2439 3220 qui
2481 3156 2553 3202 se
2592 3147 2830 3223 sponte
2859 3150 2935 3197 su

453 3221 688 3289 divino
728 3221 1107 3289 ministerio
1142 3221 1674 3309 mancipaverat,
1723 3221 2118 3291 ministrum
2162 3221 2483 3291 idoneum
2524 3223 2876 3292 litteratura
2903 3224 2945 3281 et

454 3310 763 3379 moribus
795 3310 1167 3378 exhiberet.-

537 3402 573 3483 ξ
618 3405 705 3470 5.
762 3403 966 3467 Datus
1016 3399 1226 3488 igitur
1274 3415 1551 3467 sanctae
1598 3398 1936 3469 Ecclesiae
1988 3412 2310 3489 perpetuo
2353 3400 2757 3479 servituruS‚
2809 3392 2945 3463 velut

455 3486 625 3555 alter
674 3486 944 3556 Samuel
998 3490 1084 3555 ab
1133 3486 1431 3556 Helcana
1480 3499 1670 3575 patre
1704 3510 1851 3569 suo,
1892 3488 2020 3558 sub
2070 3488 2424 3577 Episcopo,
2464 3501 2807 3576 tamquam
2850 3479 2940 3550 sub

451 3576 624 3658 Heli,
665 3576 991 3666 magistro
1032 3575 1181 3655 fuit,
1235 3575 1572 3662 quamdiu
1624 3577 1802 3644 idem
1843 3576 2005 3645 vixit
2054 3578 2454 3666 EpiscoptiS,
2494 3577 2614 3664 qui
2668 3597 2813 3646 eum
2855 3570 2940 3636 do-

452 3666 590 3734 cuit
644 3665 845 3734 verbo
897 3665 1151 3754 pariter
1196 3677 1260 3732 et
1306 3665 1640 3754 exemplo.
1695 3666 1823 3734 Sed
1883 3667 2001 3751 qui
2059 3687 2216 3735 eum
2277 3666 2573 3755 elegerat
2631 3664 2934 3761 Domi-nus.

452 3774 609 3822 eum
662 3753 727 3822 in
765 3753 996 3823 schola
1046 3754 1275 3821 Sancti
1318 3754 1616 3842 Spiritus
1664 3753 1938 3842 plenius
1985 3754 2302 3833 edocuit,
2355 3768 2419 3822 et
2469 3754 2822 3845 multiplici
2863 3765 2936 3809 va-

453 3843 686 3911 rietate
739 3843 1063 3911 virtutum
1101 3842 1389 3910 ornavit.
1445 3842 1730 3911 Profecit
1772 3841 2058 3933 proinde
2089 3856 2303 3912 aetate
2333 3856 2398 3911 et
2447 3844 2792 3933 sapientia,
2827 3854 2944 3929 pn?

448 3929 606 3999 fecit
654 3943 718 3999 et
778 3931 996 4020 gratia
1051 3930 1235 4019 apud
1302 3934 1512 3999 Deum
1563 3944 1628 4000 et
1686 3932 2025 4000 homines.
2074 3935 2238 4000 Nam
2290 3932 2510 4022 gratia
2561 3934 2672 4000 Dei
2731 3938 2850 3998 erat
2883 3942 2928 3987 ¹1¹

448 4018 590 4094 illo,
621 4034 683 4088 et
721 4019 1058 4089 naturalia
1091 4019 1870 4107 corporisincrementa,
1906 4019 2375 4109 spiritualium
2408 4018 2930 4111 prosequebantur

450 4122 822 4197 augmenta
870 4108 1277 4198 gratiarum.
1341 4112 1632 4195 Eratque
1678 4108 1866 4178 coelo
1922 4121 2104 4178 totus
2152 4107 2430 4180 inhians
2461 4164 2476 4190 ,
2544 4107 2848 4178 mundum
2884 4106 2944 4179 θῑ,

454 4197 804 4265 mundana
841 4197 1238 4285 repudians,
1270 4196 1537 4266 fervens
1571 4198 1637 4263 in
1672 4197 2040 4279 audiendo,
2073 4219 2280 4286 sagax
2309 4199 2378 4265 in
2408 4196 2776 4287 repetendo,
2806 4208 2924 4278 pru·

453 4282 625 4351 dens
673 4286 741 4351 in
793 4285 1270 4362 discernendo,
1327 4284 1661 4353 sollicitus
1709 4286 1942 4355 audita
1984 4288 2201 4355 tenaci
2244 4287 2613 4355 memoriae
2642 4294 2944 4354 commen-1

452 4369 703 4437 dando.
731 4376 892 4439 Nam
924 4373 991 4439 in
1020 4373 1164 4461 lege
1193 4373 1461 4441 Domini
1487 4373 1616 4442 fuit
1643 4373 1956 4444 voluntas
1981 4376 2158 4462 ejuS,
2195 4387 2259 4444 et
2293 4376 2360 4444 in
2391 4375 2506 4444 illa
2542 4368 2922 4443 meditabatur
