2993 4837
556 304 682 366 558
1203 319 1280 364 ns
1329 318 1383 365 s.
1439 315 1753 364 caesonio
1802 315 2271 364 manumve-eo
2663 298 2830 363 NOV.
2869 300 2930 360 Π

468 425 600 472 non
633 402 849 484 locuS,
889 424 1023 471 non
1060 401 1331 480 domus,
1372 402 1488 470 sed
1533 403 1678 490 ipse
1708 416 1852 471 erat
1900 402 2030 472 sibi
2066 403 2296 470 omnia
2329 425 2343 467 ι
2388 400 2487 468 vel
2523 401 2735 489 potius
2767 400 2937 468 virtus

465 505 531 561 et
583 490 756 560 fides
795 504 939 560 erat
1001 491 1061 559 ei
1099 492 1347 580 patria:
1381 503 1445 559 et
1495 490 1711 571 socuS‚
1769 504 1834 559 et
1884 490 2185 563 divitiae.
2238 496 2596 576 Postquam
2652 511 2806 578 ergo
2841 488 2937 556 fuit

462 581 742 667 quidem
780 582 957 648 intra
1000 580 1364 658 civitatem,
1423 580 1507 649 ad
1541 580 2040 667 quiescendum
2092 593 2319 648 autem
2375 600 2704 664 nusquam
2746 578 2937 645 eierat

465 670 738 748 domuS,
778 691 908 739 non
944 669 1267 747 Ecclesia,
1303 690 1434 736 non
1468 670 1776 757 propria:
1812 668 1917 747 iis,
1965 669 2308 754 quierant
2342 691 2499 736 cum
2537 669 2701 756 ipso,
2741 668 2937 734 tumul-

467 758 845 839 tuantibuS,
899 773 962 827 et
999 756 1342 843 quomodo
1396 757 1880 836 diversaretur,
1933 771 1998 824 et
2043 756 2231 845 apud
2282 779 2485 842 quem
2529 768 2937 843 tegumentum

466 848 822 928 inveniret,
859 846 1361 915 dubitantibus:
1408 868 1444 911 «
1482 845 1654 927 Quid
1696 846 1860 914 haec
1906 846 2164 934 (inquit
2213 845 2294 913 ad
2334 867 2449 914 eos
2483 846 2821 932 magister)
2851 843 2937 909 du-

464 936 695 1005 bitatis
731 949 1076 1021 tamquam
1110 936 1257 1003 sitis
1279 948 1461 1003 extra
1496 935 1608 1002 Dei
1636 946 2134 1023 tegumentum,
2160 935 2447 1002 ubinam
2477 949 2682 1003 vestra
2713 953 2937 1018 corpora

464 1025 673 1110 quieti
711 1024 939 1092 daturi
974 1025 1168 1091 sitis?
1216 1023 1508 1092 Vobisne
1541 1045 1750 1113 parva
1782 1023 2032 1092 domus
2069 1023 2335 1092 videtur
2367 1044 2517 1092 esse
2557 1027 2746 1100 θεας,
2785 1022 2937 1103 siqni-

465 1115 619 1181 dem
656 1114 721 1179 in
758 1113 907 1201 ipso
957 1113 1272 1191 vivimus,
1309 1126 1373 1180 et
1406 1134 1784 1190 movemur,
1824 1123 1887 1179 et
1918 1114 2194 1181 sumus?
2242 1116 2714 1200 Angustumne
2745 1108 2937 1177 ducitis

464 1201 632 1270 coeli
664 1214 1163 1290 tegumentum,
1215 1215 1278 1268 et
1313 1201 1397 1268 ab
1430 1223 1508 1269 eo
1547 1202 1877 1287 quaeritis
1925 1200 2112 1268 aliud
2149 1200 2655 1269 diversorium?
2688 1198 2785 1266 Sit
2809 1198 2932 1263 vohis

471 1291 697 1358 studio
753 1312 893 1357 una
928 1290 1198 1366 domus,
1262 1311 1506 1377 nempe
1542 1312 1666 1357 sua
1716 1290 2095 1374 unicuique
2142 1290 2299 1369 vita,
2345 1310 2523 1374 quae
2560 1310 2676 1374 per
2723 1287 2922 1354 virtutes

465 1379 889 1458 aedificatur,
929 1391 992 1446 et
1027 1379 1091 1445 in
1131 1378 1343 1446 altum
1380 1380 1693 1467 erigitur.
1755 1383 1895 1446 Hoc
1955 1378 2180 1446 solum
2245 1378 2438 1445 vobis
2488 1377 2578 1445 sit
2608 1394 2912 1447 curae,ae

468 1468 595 1536 tale
624 1466 1092 1535 babitaculum
1127 1468 1209 1535 sit
1236 1467 1432 1535 nobis
1464 1468 1905 1556 imparatum.
1944 1466 2390 1534 Terrestrium
2426 1465 2610 1533 enim
2644 1480 2912 1532 murorm

465 1557 767 1626 ambitus
830 1578 961 1623 non
1005 1556 1297 1623 afferunt
1357 1556 1627 1624 lucrum
1693 1557 1778 1623 iis
1837 1555 1957 1642 qui
2011 1557 2244 1624 vivunt
2292 1557 2361 1622 in
2428 1554 2715 1627 virtute:
2775 1552 2920 1640 potis

465 1659 691 1714 autem
728 1645 935 1713 abiis
985 1645 1102 1731 qui
1147 1644 1304 1711 vitio
1363 1646 1839 1731 inquinantur,
1902 1646 2239 1732 parietum
2284 1666 2453 1712 usus
2493 1643 2653 1730 jure
2705 1640 2930 1727 requin-

468 1748 599 1812 tur‚
644 1734 967 1819 quoniam
1006 1732 1429 1802 occultorum
1469 1733 1875 1822 probrorum
1918 1732 2168 1800 domus
2203 1754 2405 1820 saepe
2430 1745 2531 1799 est
2564 1730 2924 1823 operculutn.

467 1824 594 1904 Qui
638 1836 862 1891 autem
915 1844 993 1890 ex
1042 1822 1289 1890 virtute
1338 1822 1541 1890 vitam
1593 1834 1863 1911 gerunt,
1920 1842 2055 1889 non
2107 1822 2376 1905 habent,
2426 1821 2740 1908 parietes,
2795 1812 2932 1903 qmd·

467 1933 623 1979 nam
668 1933 903 1979 eorum
941 1910 1305 1979 occultent.
1343 1932 1378 1975 »

554 2002 589 2087 ξ
636 2004 767 2070 11.
807 2006 970 2067 Cum
1024 2012 1249 2069 autem
1304 1998 1468 2066 haec
1518 1997 1774 2065 diceret
1825 1998 1907 2067 iis
1955 1998 2073 2081 qui
2124 2019 2281 2066 cum
2338 1997 2488 2085 ipso
2526 1997 2927 2065 versabantur.

464 2089 796 2156 accedens
828 2088 1112 2174 quidam
1165 2088 1264 2155 vir
1315 2086 1632 2173 insigniS‚
1672 2086 1788 2172 qui
1841 2108 2088 2175 genere
2142 2098 2206 2153 et
2253 2086 2534 2164 divitiis,
2580 2084 2937 2170 reliquisque

465 2178 681 2266 copiis
722 2188 787 2245 et
828 2178 1126 2265 potentia
1174 2189 1317 2244 erat
1364 2176 1540 2243 inter
1591 2175 1851 2263 primos
1907 2174 2405 2255 numeranduS‚
2455 2176 2724 2242 nomine
2779 2178 2930 2240 Mus?

468 2267 669 2345 nius,
725 2288 880 2333 cum
937 2266 1214 2333 vidisset
1265 2264 1517 2332 multos
1575 2264 1814 2332 eodem
1869 2264 2077 2331 teneri
2130 2263 2389 2344 studio,
2456 2279 2531 2332 ut
2599 2262 2930 2351 Gregorium

465 2355 612 2424 suis
661 2355 947 2424 aedibus
1003 2355 1409 2444 exciperent,
1463 2373 1812 2441 occupans
1860 2352 2016 2422 aliis
2069 2353 2393 2442 praeripit
2443 2352 2622 2421 hanc
2672 2352 2922 2441 gratiam.

468 2466 739 2534 rogans,
785 2456 861 2513 ut
909 2443 1023 2512 ille
1074 2466 1367 2532 magnus
1418 2441 1713 2530 hospitio
1747 2465 1784 2510 a
1818 2464 1889 2510 se
1922 2442 2369 2531 exciperetur,
2405 2454 2470 2509 et
2514 2442 2818 2530 ingressu
2855 2435 2928 2500 do·

466 2556 656 2601 mum
700 2555 895 2601 suam
947 2533 1333 2604 honoraret.
1372 2542 1447 2599 ut
1494 2543 1672 2599 esset
1712 2530 2139 2619 splendidior
2181 2547 2244 2598 et
2294 2530 2661 2619 gloriosior
2705 2530 2768 2597 in
2805 2527 2926 2594 futu·

466 2643 644 2701 rum,
684 2635 747 2688 et
784 2622 1181 2689 memoriam
1230 2620 1435 2706 hujus
1475 2619 1756 2688 honoris
1796 2619 1878 2686 ad
1938 2632 2240 2708 posteros
2288 2620 2795 2688 transmitteret.
2819 2621 2922 2682 tjum

463 2724 688 2778 autem
724 2722 1206 2778 concurrentes
1258 2708 1454 2777 multi
1504 2707 1739 2776 eadem
1785 2721 2124 2796 rogarent,
2164 2730 2462 2794 aequum
2500 2729 2651 2776 esse
2682 2721 2920 2794 censens

462 2820 609 2866 eam
660 2800 949 2887 gratiam
1000 2797 1369 2867 concedere
1425 2797 1511 2877 ei,
1563 2798 1682 2882 qui
1736 2810 2198 2885 praevenerat,
2246 2819 2402 2863 cum
2457 2795 2633 2864 alios
2683 2796 2925 2880 benignis

467 2885 689 2954 verbis
741 2901 1139 2973 prosecutus
1178 2898 1375 2966 esset,
1429 2899 1493 2953 et
1543 2885 1841 2953 vicissim
1896 2886 2330 2954 honorasset:
2385 2884 2662 2954 divertit
2701 2884 2776 2952 ad
2821 2897 2921 2948 eum

461 2974 582 3060 qui
646 2977 830 3063 prior
879 2977 1218 3045 invitarat.
1298 2979 1461 3042 Cum
1515 2989 1741 3043 autem
1794 2987 1970 3042 esset
2024 2975 2313 3062 exiguus
2365 2995 2700 3042 numerus
2749 2985 2921 3039 eorum

460 3064 581 3150 qui
632 3065 823 3151 prius
879 3064 944 3132 in
1007 3066 1206 3133 verbo
1255 3062 1505 3131 initiati
1553 3075 1617 3131 et
1676 3063 1988 3131 instructi
2044 3062 2362 3141 fuerant,
2420 3076 2782 3149 antequam
2831 3056 2926 3123 dies·

464 3154 943 3253 praeteriisset,
979 3167 1042 3222 et
1085 3152 1191 3221 Sol
1236 3152 1531 3220 venisset
1563 3151 1644 3219 ad
1683 3173 2032 3231 occasum,
2069 3164 2299 3221 tantus
2332 3153 2623 3220 accessit
2667 3160 2926 3239 numerus

463 3264 530 3309 in
584 3242 799 3331 prima
845 3243 1348 3330 congressione,
1389 3255 1466 3310 ut
1508 3240 1588 3307 ad
1644 3240 2193 3309 constituendam
2245 3239 2482 3328 populi
2528 3249 2926 3329 congregatio·

464 3353 617 3399 nem
670 3331 1009 3400 sufficeret
1060 3330 1428 3399 multitudo
1492 3351 1728 3398 eorum
1780 3330 1899 3415 qui
1950 3329 2404 3397 crediderant.
2463 3333 2658 3396 Mane
2709 3330 2924 3395 advene

463 3433 587 3498 rat,
627 3432 690 3488 et
742 3442 982 3489 rursus
1022 3418 1255 3487 aderat
1315 3419 1613 3508 populus
1670 3440 1790 3507 pro
1830 3417 2118 3496 foribus,
2157 3430 2221 3485 et
2279 3418 2295 3484 i
2353 3417 2434 3496 si,
2493 3430 2557 3484 et
2616 3437 2848 3488 uxores,
2886 3419 2922 3468 et

463 3508 615 3588 filii,
661 3522 725 3576 et
772 3523 955 3577 aetas
1003 3507 1306 3576 confecta
1359 3508 1572 3587 seniO,
1627 3520 1691 3575 et
1739 3506 1796 3574 si
1844 3507 2001 3592 quis
2041 3519 2160 3574 aut
2206 3529 2245 3574 a
2339 3506 2745 3574 aemonibus
2793 3519 2920 3568 vexa·

461 3609 596 3677 tus,
635 3613 755 3665 aut
802 3599 887 3667 ab
936 3597 1166 3683 aliquo
1215 3596 1347 3664 alio
1379 3596 1817 3664 incommodo
1851 3608 1914 3663 et
1947 3595 2331 3663 calamitate
2379 3595 2711 3682 corporis,
2744 3591 2920 3672 illeque-

461 3685 529 3753 in
586 3687 1093 3755 rrredio'eorum
1138 3685 1220 3753 ad
1272 3707 1478 3753 usum
1535 3706 1768 3754 eorum
1835 3685 1954 3770 qui
2011 3696 2492 3763 convenerant,
2545 3689 2923 3770 congruenter

461 3775 694 3843 virtuti
745 3775 1029 3864 spiritus
1090 3797 1160 3842 se
1220 3774 1557 3853 dividens,
1617 3772 2044 3861 praedicans,
2104 3773 2532 3842 examinans,
2588 3774 2912 3840 admonens.

461 3863 736 3942 docenS,
776 3886 1052 3932 curans.
1094 3868 1234 3930 Hac
1266 3864 1447 3930 enim
1507 3862 2009 3952 praedicatione
2053 3862 2304 3929 multos
2357 3861 2650 3928 maxime
2695 3857 2917 3952 adducr-

461 3953 598 4033 bat,
648 3954 829 4039 quod
882 3953 1067 4020 visus
1121 3953 1203 4020 ad
1258 3951 1571 4019 auditum
1626 3951 2007 4029 accederet,
2073 3965 2138 4019 et
2195 3972 2313 4039 per
2378 3964 2667 4035 utraque
2721 3948 2912 4014 divinae

464 4042 735 4110 virtutis
792 4042 860 4109 in
913 4064 990 4110 eo
1043 4040 1555 4129 resplenderent
1620 4040 1898 4108 indicia.
1960 4044 2169 4108 Aures
2230 4040 2415 4106 enim
2469 4061 2707 4114 serniO,
2751 4031 2913 4123 oculo-³⁴

462 4153 618 4198 vero
653 4131 1091 4199 adducebant
1144 4131 1212 4197 in
1264 4129 1815 4210 admirationem,
1870 4150 2044 4214 quae
2097 4129 2164 4196 in
2214 4141 2491 4217 aegroto
2544 4127 2790 4198 fiebant,
2832 4139 2910 4212 tm·

464 4220 720 4287 racula.
781 4222 908 4301 Qui
978 4219 1299 4307 lugebat,
1362 4218 1685 4287 audiebat
1734 4219 1912 4304 quod
1966 4240 2122 4286 eum
2176 4217 2662 4286 consolaretur.
2708 4213 2907 4299 Juvents

361 4308 366 4312 ’
463 4308 947 4395 castigabatur,
991 4321 1055 4375 et
1092 4307 1465 4375 docebatur
1506 4309 2051 4395 temperantiam.
2091 4307 2246 4376 Seni
2283 4306 2738 4398 porrigebatur
2758 4291 2902 4365 medi·

464 4395 617 4461 cina
665 4395 886 4464 verbis
926 4396 1515 4466 convenientibus.
1555 4397 1740 4465 Servi
1776 4396 2219 4476 docebantur,
2252 4408 2328 4464 ut
2362 4395 2532 4463 bene
2566 4392 2900 4462 afficerentur
