2993 4837
43 326 189 393 ΠΟΥ.
241 327 306 390 -·l·l
730 342 811 390 m:
860 346 892 390 s
969 345 1246 392 marino
1296 346 1392 391 BP.
1445 342 1798 393 “tunonensi
2318 331 2443 394 397

41 430 122 497 sui
171 430 474 499 Defensor
521 428 815 509 audiret,
855 428 1018 515 quia
1067 449 1149 497 ex
1196 450 1311 497 ore
1358 428 1724 498 infantium
1781 443 1985 517 atque
2026 430 2420 500 lactentium
2466 432 2535 500 in

41 519 286 588 Eartino
336 518 607 587 Domini
659 518 860 587 laude
895 517 1212 606 perfecta,
1265 531 1331 586 et
1374 531 1692 588 ostensus
1725 518 1999 608 pariter,
2042 532 2108 588 et
2145 519 2536 588 destructus

40 622 112 675 nst
144 608 473 676 inimicus,
495 613 651 676 ,lam
686 628 836 674 vero
862 620 1142 694 sumpto
1169 607 1604 695 Episcopatu,
1630 607 1901 693 qualem
1937 629 2031 683 se,
2060 623 2537 695 quantumque

43 698 431 783 praestiterit,
474 717 612 764 non
664 708 765 764 est
797 709 1069 763 nostrae
1115 694 1460 764 facultatis
1508 695 1832 765 evolvere.
1890 696 2075 765 Idem
2135 697 2316 765 enim
2376 720 2536 766 con-

41 787 416 855 stantissime
464 784 964 872 perseverabat,
1002 786 1119 869 qui
1167 785 1360 872 prius
1421 784 1665 854 fuerat.
1720 784 1966 853 Eadem
2020 785 2088 853 in
2137 785 2342 853 corde
2388 788 2539 875 ejus

41 872 396 944 humilitas:
449 874 692 943 eadem
745 874 812 942 in
871 874 1114 941 vestitu
1160 874 1312 962 ejus
1359 873 1586 942 vilitas
1633 887 1797 942 erat.
1866 878 2078 960 Atque
2141 874 2236 943 ita
2287 873 2534 963 plenus

41 965 420 1033 auctoritatis
493 975 561 1030 et
631 964 935 1053 gratiae,
994 961 1324 1062 implebat
1386 962 1702 1051 Episcopi
1762 962 2215 1052 dignitatem:
2267 977 2345 1032 ut
2400 985 2536 1031 non

41 1065 228 1121 tamen
291 1054 716 1141 propositum
787 1050 1105 1120 monachi
1171 1051 1628 1138 virtutemque
1697 1051 2057 1120 desereret.
2121 1052 2540 1137 Aliquandiu

41 1161 172 1221 ergo
213 1142 605 1210 adhaerenti
641 1140 725 1208 ad
774 1139 1133 1208 ecclesiam
1186 1138 1439 1209 cellula
1494 1162 1668 1209 usus
1714 1153 1838 1208 est.
1904 1140 2159 1209 Deinde
2223 1162 2382 1209 cum
2435 1142 2541 1208 in-

41 1230 469 1314 quietudinem
524 1252 600 1298 se
663 1228 1244 1315 frequentantium
1320 1227 1492 1297 ferre
1549 1249 1683 1297 non
1757 1242 2029 1317 posset,
2083 1228 2354 1298 duobus
2402 1229 2541 1299 fere

46 1331 192 1386 extra
235 1320 570 1387 civitatem
626 1317 938 1386 millibus
988 1317 1479 1385 monasterium
1530 1317 1659 1386 sibi
1702 1318 1960 1386 statuit.
2000 1319 2131 1400 Qui
2175 1318 2366 1387 locus
2405 1331 2538 1386 tam

49 1420 302 1476 secretus
345 1421 411 1476 et
446 1419 754 1475 remotus
801 1419 968 1485 erat,
1010 1418 1087 1474 ut
1143 1407 1352 1475 eremi
1410 1405 1854 1475 solitudinem
1902 1427 2035 1475 non
2089 1406 2534 1475 desideraret.

47 1496 116 1562 Ex
155 1517 278 1565 uno
331 1497 516 1564 enim
590 1495 796 1563 latere
845 1495 1153 1583 praecisa
1216 1496 1467 1563 montis
1514 1495 1762 1565 excelsi
1834 1517 2008 1583 rupe
2075 1495 2534 1576 ambiebatur,

49 1582 334 1669 reliquam
374 1584 728 1673 planitiem
782 1584 847 1652 Li
903 1604 978 1650 er
1025 1582 1281 1652 fluvius
1328 1583 1361 1617 ¹*
1403 1583 1681 1652 reducto
1733 1583 2093 1673 paululum
2148 1586 2308 1654 sinu
2346 1584 2540 1653 clau-

47 1686 213 1739 serat.
255 1678 387 1743 Una
429 1686 729 1751 tantum,
773 1606 1152 1758 eagemque
1199 1684 1385 1740 arcta
1434 1671 1808 1742 admodum
1862 1674 1970 1741 via
2018 1673 2193 1741 adiri
2248 1686 2531 1762 poterat.

51 1760 174 1856 lpse
197 1783 266 1829 ex
315 1762 521 1853 lignis
569 1775 950 1829 contextam
989 1759 1311 1829 cellulam
1350 1761 1680 1829 habebat:
1724 1761 2062 1848 multique
2100 1785 2179 1831 ex
2213 1762 2539 1831 fratribus

55 1866 110 1913 tn
145 1849 433 1920 eumdem
483 1848 792 1918 modum.
846 1849 1158 1935 Plerique
1207 1871 1368 1917 saxo
1410 1851 1776 1938 superjecti
1829 1853 2078 1920 montis
2126 1864 2385 1927 cavato,
2443 1873 2544 1920 re-

58 1940 352 2021 ceptacula
414 1940 550 2007 sibi
618 1936 938 2006 fecerant.
995 1937 1327 2026 Discipuli
1379 1959 1535 2005 vero
1582 1937 1924 2025 octoginta
1972 1951 2212 2019 erant,
2279 1941 2399 2026 qui
2456 1939 2541 2007 ad

59 2026 391 2114 exemplum
474 2027 655 2096 beati
734 2027 1040 2115 magistri
1113 2028 1675 2096 instituebantur.
1728 2031 1950 2113 Nemo,
2010 2028 2103 2096 ibi
2167 2029 2540 2114 quicquam

65 2116 360 2201 proprium
412 2116 733 2194 habebat,
785 2115 1019 2185 omnia
1060 2115 1127 2183 in
1173 2115 1479 2184 medium
1521 2114 2072 2185 conserebantur.
2113 2121 2252 2184 Non
2289 2137 2538 2194 emere,

69 2216 156 2268 aut
192 2205 462 2273 vendere
498 2208 611 2294 (ut
657 2203 1000 2292 plerisque
1049 2204 1407 2274 monachis
1459 2205 1672 2273 moris
1718 2204 1849 2292 est)
1900 2206 2224 2291 cuiquam
2272 2204 2540 2273 licebat.

67 2292 160 2356 Ars
193 2292 295 2373 ibi,
329 2316 485 2363 exce
544 2294 629 2363 tis
668 2292 1145 2381 scriptoribus,
1186 2294 1377 2361 nulla
1429 2293 1855 2362 habebatur:
1912 2294 2023 2362 cui
2079 2306 2302 2361 tamen
2355 2294 2543 2382 operi

67 2378 240 2449 minor
267 2396 447 2454 aetas
527 2405 564 2452 e
621 2382 978 2451 utabaturx
1028 2382 1317 2471 majores
1372 2382 1663 2451 orationi
1724 2382 2080 2451 vacabant.
2129 2386 2350 2452 Rarus
2401 2382 2546 2450 cui-

61 2485 223 2548 quam
266 2486 443 2542 extra
495 2495 574 2542 ce
610 2471 818 2540 lulam
854 2492 1050 2540 suam
1083 2492 1426 2561 egressus,
1464 2472 1596 2540 nisi
1632 2494 1790 2540 cum
1828 2471 1910 2540 ad
1953 2471 2176 2540 locum
2217 2472 2547 2540 orationis

61 2561 527 2652 conveniebant.
586 2561 825 2630 Cibum
874 2581 1011 2628 una
1062 2581 1301 2629 omnes
1336 2574 1485 2649 post
1520 2561 1757 2628 horam
1795 2561 2043 2650 jejunii
2088 2560 2539 2649 accipiebant.

63 2643 266 2716 Vinum
321 2672 521 2720 nemo
587 2661 886 2729 noverat,
926 2648 1058 2717 nisi
1109 2670 1313 2734 quem
1378 2649 1748 2719 infirmitas
1810 2649 2166 2739 coegisset.
2237 2649 2547 2736 Plerique

61 2737 424 2808 cannelorum
498 2741 663 2808 setis
713 2738 1215 2808 vestiebantur:
1273 2737 1547 2805 mollior
1603 2738 1696 2808 ibi
1749 2738 2026 2808 habitus
2086 2761 2207 2827 pro
2255 2739 2546 2808 crimine

63 2836 188 2888 erat.
235 2829 412 2908 Quod
459 2851 539 2898 eo
591 2827 812 2918 magis
844 2828 932 2895 sit
984 2826 1234 2895 mirum
1277 2846 1553 2894 necesse
1585 2840 1708 2904 est,
1757 2828 1938 2913 quod
1994 2829 2191 2897 multi
2228 2828 2401 2896 inter
2430 2850 2546 2896 eos

69 2909 282 2984 nobiles
319 2916 770 2995 habebantur,
809 2915 926 3000 qui
965 2913 1165 3005 longe
1204 2914 1403 2982 aliter
1432 2914 1730 2995 educati,
1783 2916 1864 2983 ad
1920 2916 2094 2986 hanc
2145 2940 2217 2985 se
2267 2917 2546 2986 humili·

70 3005 227 3096 tatem
270 3018 331 3073 et
378 3005 772 3094 patientiam
813 3006 1201 3093 coegerant.
1248 3001 1621 3089 Pluresque
1660 3026 1739 3072 ex
1771 3004 1878 3072 his
1917 3018 2141 3090 postea
2176 3007 2546 3096 Episcopos

73 3085 337 3162 vidimus,
382 3100 571 3177 Quae
616 3095 799 3162 enim
841 3105 1017 3162 esset
1047 3092 1311 3170 civitaS,
1351 3104 1471 3160 aut
1518 3091 1842 3170 Ecclesia,
1881 3114 2057 3178 quae
2109 3115 2239 3161 non
2284 3095 2414 3163 sibi
2464 3094 2547 3162 de

71 3171 288 3248 Martini
323 3183 732 3251 monasterio
763 3193 1043 3270 cuperet
1074 3180 1544 3251 sacerdotem?

134 3265 162 3347 ξ
199 3270 264 3336 ².
303 3270 420 3339 Sed
460 3284 536 3341 ut
568 3268 863 3355 reliquas
904 3271 1186 3339 virtutes
1221 3270 1396 3356 ejus,
1436 3291 1612 3356 quas
1661 3269 1726 3337 in
1774 3269 2180 3358 Episcopatu
2216 3270 2375 3359 egit,
2422 3292 2542 3358 ag-

70 3351 313 3426 grediar:
362 3372 504 3428 erat
552 3359 736 3427 haud
790 3358 988 3446 longe
1035 3358 1121 3425 ab
1169 3358 1425 3448 oppido
1479 3359 1831 3448 proximus
1882 3359 2293 3428 monasterio
2327 3359 2543 3438 locuS,

71 3455 231 3519 quem
291 3445 451 3516 salsa
501 3447 863 3516 hominum
928 3446 1186 3533 opinio,
1255 3446 1441 3517 velut
1496 3469 1700 3516 conse
1757 3446 1918 3515 ultis
1966 3447 2062 3516 ibi
2132 3447 2549 3535 martyribus

71 3543 549 3605 consecraverat.
588 3540 752 3604 Nam
788 3547 855 3603 et
882 3535 1093 3602 altare
1145 3535 1237 3604 ibi
1294 3560 1329 3604 a
1367 3537 1702 3624 superiori
1759 3558 1840 3604 us
1889 3536 2244 3624 Episcopis
2291 3535 2549 3604 consti-

75 3623 250 3685 tutum
299 3622 691 3694 habebatur.
763 3622 885 3691 Sed
943 3624 1275 3693 Martinus
1347 3646 1480 3693 non
1548 3637 1799 3693 temere
1869 3624 2206 3694 adhibens
2273 3624 2551 3692 incertis

73 3697 261 3803 fidegn,
319 3713 400 3782 ab
448 3714 579 3793 his,
625 3713 745 3799 qui
797 3713 1091 3801 majores
1154 3726 1317 3782 natu
1385 3726 1602 3792 erant,
1662 3714 2075 3803 presbyteris
2134 3713 2231 3781 vel
2282 3713 2551 3780 clericis

76 3786 370 3879 flagitabat
438 3824 684 3872 nomen
747 3802 878 3870 sibi
937 3803 1257 3890 martyris
1288 3857 1303 3882 ‚
1370 3814 1434 3869 et
1483 3816 1791 3902 tempora
1841 3802 2179 3891 passionis
2226 3801 2541 3870 ostendi:

77 3884 276 3980 gra-ndi
330 3911 398 3958 se
453 3890 780 3979 scrupulo
831 3891 1256 3978 permoveri,
1319 3891 1500 3976 quod
1579 3891 1749 3959 nihil
1815 3891 1980 3959 certi
2047 3903 2369 3960 constans
2419 3889 2552 3958 sibi

79 3965 354 4070 Majorum
405 3979 733 4048 memoria
782 3979 1198 4048 tradidisset.
1225 3985 1390 4048 Cum
1442 3978 1852 4065 aliquandiu
1883 4001 2044 4068 ergo
2074 4002 2115 4048 a
2151 3978 2296 4048 loco
2332 3977 2449 4046 illo
2483 3999 2555 4045 se

81 4051 482 4157 abstinuisset,
526 4090 646 4136 nec
687 4067 1027 4157 derogans
1077 4068 1416 4157 religioni,
1472 4068 1633 4154 quia
1685 4068 1989 4136 incertus
2034 4080 2212 4137 erat:
2269 4089 2392 4135 nec
2432 4088 2558 4135 au-

79 4151 392 4221 ctoritatem
427 4178 623 4224 suam
664 4156 871 4245 vulgo
904 4155 1459 4235 accommodans,
1491 4178 1574 4224 ne
1605 4155 1998 4243 superstitio
2028 4155 2550 4235 convalesceret,

84 4235 325 4310 quodam
364 4243 493 4325 die,
536 4245 775 4334 paucis
823 4266 1057 4315 secum
1110 4243 1439 4313 adhibitis
1488 4244 1841 4324 fratribuS,
1881 4244 1963 4312 ad
2018 4244 2247 4313 locum
2306 4245 2549 4334 pergit.

87 4388 411 4493 delngfflfigmn'
433 4403 719 4465 coenobium
752 4406 851 4451 hoc.
874 4419 900 4448 a
919 4408 961 4448 S.
988 4403 1190 4446 Mai-tino
1212 4407 1481 4446 extructum
1504 4406 1553 4445 tn
1574 4405 1677 4445 loco
1698 4405 1781 4454 qui
1803 4406 2114 4446 Marmouti‘era
2135 4407 2323 4451 dicunt,
2343 4416 2558 4457 magnam

305 4459 402 4503 ptus
421 4462 495 4500 est
516 4456 851 4500 celebritatem.
