2993 4837
541 314 666 376 368
1139 329 1218 373 nr.
1265 330 1321 375 s.
1375 326 1726 374 Gom-:ritmo
1775 330 1873 374 fir.
1927 329 2310 375 aasumensi
2709 311 2870 376 NOV.
2916 318 2947 367 a

457 413 625 481 illud
680 411 1167 480 monasterium
1205 433 1242 480 a
1283 411 1752 481 fundamentis
1790 413 2216 493 instauravit,
2263 426 2327 482 et
2359 413 2729 502 disciplina
2754 435 2955 493 mona-

457 502 624 570 stica
664 501 932 589 egregie
984 499 1369 569 illustravit.
1431 505 1500 569 Is
1546 502 1667 570 ubi
1714 501 1884 591 ipsis
1919 502 2105 571 seriis
2154 503 2398 571 horum
2446 516 2815 591 martyrum
2857 525 2956 571 au·

456 590 625 658 divit
671 589 1111 660 Godefridum
1170 589 1583 678 Episcopum
1651 611 1768 679 per
1815 591 2214 660 Suessiones
2262 590 2511 660 habere
2564 592 2733 672 iter,
2790 591 2962 660 mittit

457 701 685 748 servos
731 700 916 757 sum,
957 691 1030 746 ut
1063 678 1422 747 observent
1461 677 1937 748 adventantem
1991 678 2216 759 illum,
2268 692 2653 769 cogantque
2683 680 2763 747 ad
2815 702 2960 747 mar-

458 781 683 856 tyrum
739 766 1234 836 solemnitatem
1291 768 1543 836 venire.
1602 769 1865 836 Abeunt
1905 766 2029 846 illi,
2082 769 2263 836 venit
2301 769 2684 857 Episcopus
2720 769 2819 836 via
2862 791 2963 858 pu·

457 856 638 925 blica
687 855 818 923 sub
861 856 1093 925 horam
1148 855 1438 935 tertiam,
1492 854 1861 925 deducitur
1893 857 1980 924 ab
2028 855 2167 925 illis
2216 857 2299 925 ad
2349 859 2859 933 monasterium,
2898 856 2961 923 ab

455 944 708 1013 Abbate
733 944 964 1013 Odone
1003 944 1374 1012 honorifice
1403 944 1763 1032 excipitur,
1809 944 2267 1014 celebritatem
2308 945 2496 1014 illam
2537 946 2755 1014 multa
2785 946 2961 1013 animi

456 1033 867 1102 exultatione
895 1032 1036 1101 illic
1073 1033 1355 1121 peragit.
1389 1032 1513 1100 Sed
1541 1033 1867 1122 quiajam
1898 1033 2206 1103 Christus
2232 1033 2379 1120 ejus
2408 1035 2719 1115 virtutes,
2753 1034 2963 1120 quibus

461 1121 810 1212 praeclare
863 1133 1146 1191 ornatus
1196 1134 1382 1200 erat,
1441 1121 1715 1191 coelesti
1770 1122 2316 1192 remuneratione
2364 1122 2639 1192 afficere
2690 1123 2957 1197 volebat,

463 1211 721 1301 placuit
767 1210 826 1278 ei
869 1210 988 1279 illo
1037 1210 1103 1277 in
1156 1208 1302 1278 loco
1353 1210 1527 1278 vitae
1557 1210 1710 1297 ejus
1763 1210 1964 1278 linem
2012 1212 2387 1300 imponere.

547 1302 583 1385 ἓ
629 1303 786 1371 53.
841 1298 1153 1367 Proxima
1203 1309 1394 1367 nocte
1441 1321 1599 1367 cum
1650 1297 1845 1367 beata
1897 1300 2200 1368 membra
2247 1300 2548 1369 dedisset
2597 1300 2850 1387 quieti,
2896 1300 2961 1365 se-

459 1387 727 1457 bricula
763 1387 1024 1476 pulsari
1057 1387 1301 1476 coepit.
1357 1392 1550 1455 Mane
1581 1386 1766 1477 apud
1803 1387 2153 1456 beatorum
2195 1401 2577 1477 martyrum
2617 1390 2763 1458 Cris
2817 1388 2894 1456 ini
2924 1402 2961 1451 rt

462 1475 873 1564 Crispiniani
910 1498 1192 1563 corpora
1231 1475 1424 1544 humi
1463 1488 1866 1564 prostratus,
1907 1497 2143 1575 preces
2177 1476 2385 1546 fudit:
2439 1477 2606 1546 inde
2641 1500 2714 1546 se
2747 1412 2855 1545 [pm
2890 1476 2960 1542 iti·

468 1565 637 1645 neri,
685 1578 747 1633 et
795 1566 931 1652 jam
985 1564 1065 1631 ad
1114 1566 1239 1633 tria
1282 1563 1439 1653 plus
1482 1565 1713 1633 minus
1756 1563 2076 1633 milliaria
2115 1588 2563 1656 progressuS,
2613 1567 2849 1635 morbo
2890 1566 2959 1631 in·

465 1653 863 1733 valescente,
909 1651 1074 1721 dicit
1106 1654 1473 1722 comitibus
1513 1653 1801 1732 itineriS,
1841 1674 1911 1721 se
1944 1676 2079 1722 non
2125 1676 2320 1742 posse
2354 1654 2531 1723 ultra
2586 1655 2955 1745 procedere:

467 1742 895 1810 redeundum
931 1762 1078 1810 esse
1116 1742 1198 1809 ad
1233 1743 1722 1811 monasterium
1761 1755 2167 1829 martyrum.
2209 1742 2953 1831 Lacrymantur'omnes

464 1832 657 1918 ajunt
696 1853 851 1899 eum
897 1852 1031 1899 non
1070 1843 1243 1898 recte
1293 1831 1588 1899 sentire:
1644 1829 1887 1899 debere
1938 1829 2077 1900 illic
2114 1832 2463 1920 paulisper
2495 1833 2870 1918 quiescere,
2900 1828 2955 1895 ci·

465 1919 687 2005 boque
719 1942 790 1987 se
833 1918 1128 1987 reficere.
1166 1923 1240 1987 At
1269 1917 1381 1986 ille
1417 1920 1718 1988 sentiens
1743 1941 1813 1988 se
1846 1919 2105 1988 viribus
2133 1919 2447 1990 destitui:
2473 1942 2510 1985 «
2534 1926 2951 2008 Nequaquam,

465 2010 580 2089 ait,
634 2007 849 2087 filioli,
888 2007 1068 2094 quod
1108 2029 1224 2076 vos
1256 2006 1484 2089 vultis,
1530 2008 1671 2076 fieri
1712 2019 1949 2097 potest.
1980 2009 2353 2096 ,Superiori
2393 2010 2577 2078 enim
2621 2023 2816 2079 nocte
2846 2028 2951 2076 cum

471 2118 579 2166 me
617 2097 683 2164 in
739 2096 985 2165 lectulo
1031 2095 1496 2175 collocassem,
1550 2096 1776 2165 videre
1822 2096 1991 2164 mihi
2033 2097 2219 2165 visus
2266 2120 2420 2166 sum
2474 2120 2513 2166 a
2563 2112 2857 2185 quatuor
2884 2098 2955 2163 he-

466 2186 751 2264 roibuS,
813 2184 1326 2254 candidissimis
1378 2184 1571 2253 stolis
1610 2184 1911 2264 indutis,
1958 2186 2025 2252 in
2082 2185 2313 2254 lectica
2373 2208 2478 2254 me
2528 2186 2599 2254 in
2661 2185 2953 2274 quoddam

465 2274 837 2343 oratorium
870 2273 1139 2351 deferri,
1182 2272 1648 2360 molaremque
1677 2272 2002 2361 lapidem,
2041 2275 2308 2343 cunctis
2342 2277 2817 2363 spectantibus
2837 2269 2955 2341 mul·

471 2375 755 2450 tumque
805 2363 1314 2443 moerentibu3‚
1372 2362 1541 2431 mihi
1594 2362 1955 2452 imponi.»
2009 2367 2174 2431 Tum
2229 2385 2385 2433 vero
2440 2384 2691 2436 omnes
2744 2380 2953 2433 summo

469 2452 681 2520 animi
746 2451 976 2521 dolore
1038 2450 1551 2520 exclamarunt:
1624 2475 1659 2518 α
1708 2452 1975 2520 Domini
2048 2452 2356 2521 voluntas
2415 2452 2557 2521 fiat.
2613 2478 2653 2520 »
2714 2451 2953 2523 Habebat

467 2553 691 2609 autem
745 2542 811 2607 in
851 2542 1175 2610 comitatu
1226 2562 1351 2609 suo
1382 2540 1751 2626 quemdam
1797 2541 2112 2628 egregiae
2160 2540 2412 2610 indolis
2453 2542 2783 2628 juvenem
2818 2543 2953 2610 Nice

471 2628 684 2703 laum,
725 2630 1136 2698 monachum
1177 2629 1722 2697 cluniacensem.
1777 2634 1843 2697 Is
1875 2629 2184 2698 celeriter
2217 2632 2585 2719 praecessit
2626 2631 2710 2699 ad
2758 2643 2953 2720 patrem

471 2739 674 2785 suum
713 2719 1109 2798 Henricum,
1163 2716 1327 2785 olim
1385 2727 1742 2786 strenuum
1798 2718 2109 2798 militem,
2171 2731 2333 2786 tunc
2390 2721 2813 2788 monachum
2853 2737 2956 2785 san-

476 2817 738 2874 ctorum
799 2806 1087 2896 Crispini
1137 2819 1198 2873 et
1248 2805 1655 2894 Crispiniani
1692 2859 1710 2885 ,
1766 2820 1830 2874 et
1880 2807 2075 2875 villae
2140 2820 2651 2896 procuratorem
2697 2803 2955 2876 fidelissi-

472 2917 688 2971 mum,
729 2894 939 2962 mirae
982 2894 1444 2982 simplicitatis
1473 2906 1537 2962 et
1570 2895 2000 2964 innocentiae
2048 2895 2267 2964 virum
2301 2918 2314 2961 :
2372 2896 2635 2965 indicat
2671 2898 2731 2964 ei
2766 2894 2963 2964 adven-1

473 2995 613 3050 tare
648 2982 1083 3052 Godefridum
1122 2983 1362 3072 Episco
1418 3005 1562 3062 um,
1619 3005 1779 3083 prae
1820 2983 2166 3052 debilitate
2203 2984 2327 3052 iter
2359 3000 2761 3075 susceptum
2802 2977 2963 3052 conti-¹

472 3093 623 3139 cere
662 3092 792 3140 non
826 3072 1185 3140 valentem.
1223 3076 1351 3140 Con
1382 3071 1582 3139 'estim
1616 3071 1728 3140 ille
1757 3073 2076 3153 accurrit,
2108 3073 2356 3162 excipit
2386 3095 2489 3154 eo,
2521 3097 2661 3161 quo
2698 3095 2817 3162 par
2842 3081 2955 3138 erat.

475 3160 732 3229 honore
780 3161 1242 3250 Episcopum,
1307 3161 1563 3249 gratias
1621 3161 1994 3230 immensas
2042 3183 2254 3248 agens
2319 3166 2498 3242 De0,
2569 3163 2750 3249 quod
2814 3158 2959 3249 talem

473 3263 878 3335 tantumque
932 3262 1302 3317 mereretur
1351 3247 1601 3317 habere
1648 3249 2010 3336 hospitem.
2067 3250 2318 3318 Triduo
2381 3273 2538 3320 vero
2600 3251 2741 3319 illic
2803 3248 2961 3336 haesit

474 3338 876 3426 EpiscopuS‚
930 3350 993 3406 et
1051 3338 1117 3405 in
1171 3337 1318 3405 dies
1366 3337 1666 3405 deterius
1715 3337 1965 3406 habere
2015 3360 2084 3407 se
2134 3339 2365 3407 sensit.
2417 3339 2491 3407 Id
2537 3340 2659 3408 ubi
2707 3339 2962 3426 cognom!

475 3426 615 3495 Odo
662 3427 883 3495 Abbas
925 3426 1332 3496 venerabilis
1361 3478 1378 3505 ,
1437 3426 1782 3515 adjunctis
1832 3426 2058 3506 sociis,
2110 3426 2401 3497 festinus
2444 3429 2628 3498 venit
2675 3426 2756 3495 ad
2803 3443 2961 3502 eunii

475 3515 920 3602 crebriusque
980 3515 1445 3583 exosculatum
1499 3516 1655 3582 navi
1706 3527 2085 3584 reverenter
2133 3517 2470 3604 imponit,
2526 3530 2590 3585 et
2639 3515 2721 3585 ad
2776 3507 2962 3581 monal

477 3604 759 3672 sterium
813 3603 1288 3672 advehendum
1337 3615 1555 3684 curat,
1621 3625 1752 3673 non
1799 3604 2228 3673 mediocriter
2263 3605 2533 3674 interim
2577 3604 2828 3674 dolens.
2876 3595 2959 3695 Ille

477 3714 631 3760 vero
675 3706 856 3762 tanto
891 3693 1213 3761 attentius
1255 3691 1574 3781 precibus
1600 3705 1663 3761 et
1698 3692 2019 3780 lacrymis
2054 3693 2431 3774 insistebat,
2473 3705 2729 3782 quanto
2757 3701 2960 3758 certius

475 3781 561 3849 ad
622 3781 826 3849 tinem
871 3803 940 3849 se
992 3780 1265 3849 tendere
1303 3781 1805 3870 experiebatur.
1859 3781 2266 3850 Adveniente
2316 3782 2530 3867 hora,
2592 3804 2721 3870 qua
2762 3778 2960 3876 migra?

479 3883 675 3939 turus
705 3883 869 3949 erat,
915 3869 1412 3938 Eucharistiam
1449 3869 1535 3938 de
1570 3892 1779 3938 manu
1815 3870 2123 3958 Lysiardi
2161 3872 2669 3941 Suessionensis
2698 3873 2959 3956 Episcoptj

476 3959 759 4047 accepit,
814 3957 1278 4045 fratribusque
1322 3958 1730 4027 benedicens
1772 3970 1976 4045 atque
2023 3961 2223 4028 etiam
2272 3958 2692 4037 valedicens,
2742 3965 2866 4050 orat
2904 3953 2958 4042 ul

478 4048 546 4115 in
573 4047 799 4126 domn,
836 4071 1041 4134 quam
1075 4046 1528 4136 Capitularem
1563 4060 1825 4126 vocant,
1852 4069 2103 4136 corpus
2132 4048 2352 4136 ipsius
2379 4049 2723 4139 sepeliant.
2754 4032 2956 4130 nemete

480 4137 772 4205 extensis
825 4137 1167 4217 manibuS,
1220 4149 1283 4204 et
1332 4135 1623 4206 sublatis
1670 4137 1741 4205 in
1789 4136 2055 4206 coelum
2106 4137 2325 4206 oculis
2355 4192 2374 4217 ,
2424 4123 2957 4231 spiritumyeddw

482 4225 798 4293 Creatori.
890 4226 1115 4294 Facies
1185 4226 1334 4314 ejus
1406 4225 1599 4294 niveo
1673 4247 1999 4312 roseoque
2082 4226 2306 4295 colore
2379 4225 2685 4316 perfusa,
2737 4230 2939 4310 Juctffl·

485 4311 648 4380 dum
685 4313 1124 4382 cernentibus
1173 4314 1641 4404 spectaculum
1679 4314 2016 4404 praebuit.
2062 4317 2329 4383 Diceres
2360 4316 2647 4384 suaviter
2680 4310 2938 4395 dormtse.

486 4420 618 4466 non
672 4402 804 4469 vita
852 4401 1213 4482 sunctum,
1286 4403 1727 4494 Episcopum.
1784 4405 2076 4475 Decessit
2132 4416 2316 4476 sexto
2375 4403 2537 4474 Idus
2591 4391 2927 4472 Novembris.
