2993 4837
54 325 181 392 nov.
228 326 299 389 ,13
639 344 721 389 nr:
770 330 829 389 s.
881 341 1225 398 oumrtmo
1274 344 1373 389 Er.
1428 342 1855 389 ARVERNORUH
2303 328 2430 390 463

34 426 296 516 injuriae,
324 428 491 496 sicut
518 427 874 514 quondam
908 427 1163 496 Paulus
1192 425 1673 516 Apostolus-de
1702 426 2102 507 Alexandro,
2153 428 2242 496 ita
2292 443 2357 497 et
2407 428 2518 497 hic

34 513 104 600 {de
136 515 388 584 Proculo
435 515 866 598 decantabat,
921 515 1200 585 dicens:
1245 538 1281 582 «
1312 514 1646 585 Proculus
1701 515 2010 585 aerarius
2065 516 2283 595 multa
2336 517 2521 587 mala

97 604 169 672 ihi
205 604 380 673 fecit:
425 605 662 674 reddet
723 604 822 674 illi
887 605 1217 674 Dominus
1270 604 1653 674 secundum
1705 626 1912 694 opera
1951 627 2166 674 sua.»
2202 605 2393 687 Quod
2444 607 2514 674 in

34 621 326 796 {merum
366 693 427 761 ei
481 694 793 764 evenisse
852 693 1289 762 manifestum
1342 707 1464 764 est.
1520 699 1678 763 Erat
1725 707 1950 762 autem
1995 694 2099 763 vir
2149 695 2389 764 beatus
2446 695 2516 762 in

34 781 282 874 {oratioue
309 781 656 863 assiduuS,
710 795 774 851 et
816 783 1156 852 intantum
1210 795 1474 852 amator
1530 782 1767 871 populi
1818 783 1949 864 sui,
1989 796 2065 852 ut
2112 782 2518 852 adveniente
2589 845 2592 848 .

40 867 409 951 theodorico,
453 892 535 939 ac
569 869 864 939 vallante
910 893 1068 940 cum
1112 871 1411 939 exercitu
1462 873 1730 953 urbem,
1799 884 2084 940 sanctus
2127 872 2241 940 Dei
2283 894 2519 942 muros

40 977 126 1046 per
164 972 402 1028 noctem
458 958 817 1050 psallendo
848 959 1194 1040 circuiret,
1239 969 1302 1029 et
1342 973 1418 1029 ut
1453 960 1711 1050 regioni
1752 959 1850 1029 vel
1897 959 2147 1050 populo
2185 961 2517 1030 Dominus

40 1046 292 1115 velociter
335 1070 735 1118 succurrere
782 1048 1207 1138 dignaretur,
1252 1048 1547 1118 afflictus
1582 1048 1650 1117 in
1677 1049 1964 1138 jejuniis
1994 1062 2198 1136 atque
2233 1049 2512 1140 vigiliis,

38 1123 307 1216 instanter
362 1150 607 1208 oraret.
685 1143 890 1207 Porro
938 1138 1401 1207 Theodericus
1450 1143 1587 1207 Rex
1618 1191 1633 1218 ‚
1696 1159 1854 1206 cum
1929 1137 2257 1227 cogitaret
2303 1140 2511 1207 etiam

38 1235 219 1296 muros
263 1226 443 1296 urbis
494 1240 812 1307 evertere,
870 1225 1175 1295 mollitus
1225 1238 1327 1295 est
1382 1225 1851 1295 misericordia
1904 1227 2196 1307 Domini,
2242 1239 2305 1296 et
2352 1249 2510 1296 ora-

40 1309 176 1380 tione
214 1314 574 1383 sacerdotis
610 1315 783 1403 ejus,
823 1336 1026 1401 quem
1080 1315 1147 1381 in
1199 1314 1515 1384 exsilium
1551 1313 1901 1384 retrudere
1932 1316 2297 1404 cogitabat.
2337 1321 2507 1386 Nam

40 1414 183 1468 nocte
224 1423 455 1491 pavore
513 1404 934 1491 perterrituS,
991 1401 1075 1471 de
1113 1415 1331 1471 stratu
1371 1425 1495 1473 suo
1543 1403 1766 1484 exilit,
1822 1425 1901 1472 ac
1933 1404 2124 1473 solus
2175 1426 2292 1493 per
2334 1405 2511 1472 viam

39 1487 315 1570 publicam
366 1490 603 1580 sugere
654 1492 928 1561 nititur:
987 1490 1375 1580 perdiderat
1411 1492 1595 1559 enim
1639 1513 1948 1572 sensum,
1991 1493 2300 1562 nesciens
2340 1493 2508 1580 quid

40 1579 227 1663 ⁸igeret.
260 1578 438 1660 Quod
488 1579 913 1650 advertentes
946 1580 1080 1661 sui,
1134 1601 1431 1667 eumque
1480 1580 1769 1650 retinere
1829 1595 2176 1661 conantes,
2232 1582 2341 1650 vix
2392 1604 2508 1670 po-

40 1665 271 1828 Εῗυηῑ,
307 1668 742 1738 cohortantes
763 1681 837 1737 ut
870 1690 941 1737 se
982 1668 1180 1757 signo
1229 1668 1512 1738 salutari
1543 1669 1864 1738 muniret.
1901 1675 2087 1738 Tunc
2137 1669 2511 1758 Hilpingus

165 1756 479 1827 accedens
519 1758 802 1846 propius
850 1757 935 1825 ad
987 1761 1265 1846 Regem,
1324 1757 1449 1825 ait:
1496 1779 1532 1821 «
1566 1756 1764 1837 Audi,
1805 1758 2299 1845 gloriosissime
2346 1763 2507 1837 Rex,

41 1842 333 1924 eonsilium
404 1845 762 1934 parvitatis
829 1867 1040 1914 meae.
1107 1851 1273 1914 Ecce
1329 1846 1508 1914 muri
1568 1845 1861 1915 civitatis
1912 1846 2111 1917 istius
2161 1846 2515 1916 fortissimi

40 1944 168 2009 mni,
202 1955 479 2021 eamque
523 1934 1043 2024 propugnacula
1081 1933 1384 2024 ingentia
1414 1933 1687 2002 vallant.
1728 1932 1917 2016 Quod
1950 1947 2025 2003 ut
2068 1936 2337 2023 plenius
2371 1956 2515 2002 ma-

38 2018 364 2106 gnificentia
400 2037 624 2092 vestra
656 2036 1044 2112 cognoscat,
1084 2023 1168 2091 de
1216 2023 1498 2102 sanctiS,
1554 2043 1848 2109 quorum
1901 2022 2225 2093 basilicae
2274 2045 2513 2093 muros

38 2107 177 2178 urbis
215 2113 552 2190 ambiunt,
589 2111 755 2180 haec
795 2110 1077 2198 loquor:
1134 2112 1250 2182 sed
1303 2126 1367 2181 et
1414 2112 1706 2182 Antistes
1759 2110 1891 2179 loci
1952 2111 2162 2192 illius,
2221 2134 2516 2200 magnus

37 2196 167 2295 §pud
202 2201 561 2269 Dominum
606 2201 918 2270 habetur.
958 2200 1105 2270 Noli
1153 2200 1373 2270 facere
1418 2200 1599 2288 quod
1652 2200 1937 2289 cogitaS,
1992 2200 2132 2268 noli
2180 2202 2517 2288 Episcopo

36 2286 299 2369 thuriam
338 2288 614 2369 inferre,
658 2303 775 2358 aut
824 2289 1064 2359 urbem
1106 2302 1422 2359 evertere.
1466 2313 1502 2356 »
1535 2290 1744 2378 Cujus
1783 2288 2149 2358 consilium
2203 2295 2340 2358 Rex
2379 2288 2516 2358 cle-

37 2386 240 2471 menter
281 2378 654 2469 accipiens,
717 2392 1148 2469 praeceptum
1210 2379 1455 2468 posuit,
1513 2400 1598 2448 ne
1648 2378 1837 2449 ullus
1889 2377 1975 2447 ab
2038 2390 2274 2448 octavo
2322 2378 2515 2448 urbis

34 2462 295 2536 milliario
329 2468 738 2538 laederetur.
777 2468 967 2549 Quod
1020 2469 1302 2537 obtentu
1346 2468 1730 2539 Sacerdotis
1783 2468 2208 2556 praestitum,
2278 2467 2516 2537 nullus

34 2551 294 2642 tmbigat.
359 2562 551 2627 Tunc
610 2555 938 2625 Proculus
986 2555 1100 2624 ille
1149 2557 1545 2645 presbyter,
1609 2558 1896 2646 irruptis
1959 2557 2261 2626 Utrensis
2309 2557 2514 2625 castri

33 2642 239 2723 muris,
290 2644 376 2714 ab
429 2647 496 2713 in
558 2645 978 2714 redientibus
1024 2644 1362 2726 hostibUS,
1421 2658 1579 2714 ante
1635 2646 1862 2734 ipsum
1919 2645 2247 2717 ecclesiae
2302 2645 2516 2714 altare

33 2724 353 2812 gladiorum
394 2733 507 2803 icti
568 2756 648 2801 us
682 2735 749 2801 in
787 2733 1001 2802 frusta
1048 2732 1435 2823 discerptus
1489 2746 1630 2803 est:
1665 2734 2098 2822 reddiditque
2148 2734 2250 2803 illi
2285 2736 2510 2804 Domi-

33 2832 142 2895 nus,
180 2822 346 2890 sicut
395 2821 724 2890 Sacerdos
756 2831 1030 2890 cantare
1077 2834 1545 2904 consueverat,
1585 2823 1969 2893 secundum
2004 2844 2209 2912 opera
2257 2846 2405 2892 sua.

88 2908 115 2989 ἓ
150 2911 229 2978 8.
284 2915 436 2980 Post
476 2923 819 2999 peractam
871 2910 1080 2999 igitur
1112 2923 1406 2999 stragem
1449 2911 1669 2980 cladis
1700 2918 2056 2993 Arvernae,
2102 2913 2508 2983 Hortensius

33 3008 165 3062 unus
193 3019 266 3066 ex
304 2998 760 3079 senatoribus,
814 2998 1218 3067 Comitatum
1273 3000 1468 3069 urbis
1503 2999 1690 3070 illius
1738 3023 1974 3089 agens,
2027 3001 2373 3086 quendam
2427 3002 2511 3070 de

33 3088 371 3180 parentibus
403 3087 650 3168 sancti,
703 3092 1122 3156 Honoratum
1184 3090 1479 3169 nomine,
1548 3090 1617 3157 in
1674 3090 1869 3159 urbis
1922 3089 2141 3177 platea
2199 3090 2511 3175 nequiter

33 3176 247 3244 retineri
279 3176 505 3263 jussit.
559 3177 751 3260 Quod
783 3176 1092 3245 celeriter
1134 3176 1330 3247 beato
1379 3180 1520 3247 viro
1572 3177 1972 3246 nunciatum
2015 3190 2137 3246 est.
2177 3183 2345 3247 Tum
2402 3178 2517 3247 ille

33 3276 113 3341 per
140 3266 384 3335 amicos
435 3288 598 3337 suos
646 3266 868 3354 coepit
903 3288 1162 3355 rogare,
1209 3279 1283 3336 ut
1326 3288 1512 3347 eum,
1567 3266 1726 3334 data
1780 3264 2132 3334 audientia
2191 3265 2361 3334 solvi
2402 3268 2517 3354 ju-

34 3360 185 3420 ieret.
225 3355 414 3435 Quod
460 3355 573 3423 ille
634 3355 1028 3424 nullatenus
1127 3355 1435 3424 raestitit.
1490 3354 1958 3424 Tuncbeatus
2021 3376 2222 3424 senex
2264 3353 2514 3424 deferri

33 3437 153 3535 {ein
203 3443 517 3531 plateam,
562 3465 698 3530 qua
756 3443 870 3512 ille
927 3377 1304 3523 tenebatur,
1352 3444 1571 3533 jubet.
1626 3442 1884 3512 Allatus
1951 3456 2178 3513 autem
2233 3442 2517 3533 rogabat

33 3526 248 3611 mliteS,
291 3545 369 3601 ut
398 3554 556 3602 eum
601 3531 1043 3601 dimitterent.
1099 3532 1208 3601 Illi
1259 3553 1412 3601 vero
1461 3532 1801 3613 timentes,
1853 3532 2132 3600 obedire
2170 3532 2319 3601 ausi
2372 3552 2507 3600 non

33 3629 145 3684 3unt
186 3621 516 3689 Pontifici.
570 3625 645 3689 At
695 3621 1059 3691 Sacerdos:
1107 3644 1142 3686 «
1180 3620 1273 3689 Ad
1329 3620 1640 3702 domum,
1695 3621 1953 3707 inquit,
2007 3620 2348 3689 Hortensii
2405 3641 2512 3688 me

33 3702 288 3777 {elociter
331 3710 703 3799 deportate.
738 3733 771 3775 »
822 3714 977 3778 Erat
1022 3710 1207 3778 enim
1242 3732 1445 3778 senex
1495 3709 1713 3788 valde,
1760 3722 1825 3777 et
1873 3709 2168 3798 propriis
2220 3708 2514 3797 pedibus

36 3808 91 3888 re
141 3815 263 3865 non
318 3811 598 3888 poterat.
666 3796 1132 3868 Deferentibus
1193 3812 1420 3868 autem
1473 3820 1630 3867 eum
1699 3799 1765 3866 in
1833 3798 2114 3867 domum
2167 3797 2516 3868 Hortensii

34 3881 312 3955 ninistris
358 3888 533 3975 ejus,
575 3888 923 3957 excutiens
973 3886 1041 3954 in
1090 3909 1241 3955 eam
1294 3887 1640 3977 pulverem
1683 3886 2130 3955 calceamenti
2181 3887 2314 3967 sui,
2370 3886 2509 3954 ait:

33 3971 407 4063 [Maledicta
450 3976 535 4044 sit
571 3976 818 4044 domus
852 3975 1043 4055 haec,
1097 3988 1162 4044 et
1198 3976 1541 4045 maledicti
1579 3976 1996 4045 habitatores
2029 3975 2179 4065 ejus
2229 3975 2297 4043 in
2333 3996 2515 4043 sem-

33 4061 319 4156 Jiternum
353 4118 368 4141 ,
426 4061 675 4150 fiatque
737 4063 1025 4143 deserta,
1075 4075 1140 4131 et
1181 4086 1314 4132 non
1366 4065 1450 4134 sit
1517 4066 1634 4152 qui
1685 4064 2022 4133 inhabitet
2083 4065 2150 4132 in
2201 4086 2300 4132 ea.
2343 4086 2378 4130 »
2439 4067 2517 4132 Et

34 4138 151 4214 lixit
178 4153 398 4221 omnis
453 4152 769 4241 populus,
822 4156 1052 4221 Amen.
1109 4157 1186 4220 Et
1219 4153 1508 4239 adjecit:
1567 4179 1602 4220 «
1635 4158 1934 4234 Quaeso,
1978 4154 2281 4233 Domine,
2337 4174 2515 4220 nun-

34 4246 185 4313 {uam
226 4240 307 4307 de
344 4240 542 4309 istius
576 4243 1011 4330 generatione
1050 4255 1529 4329 promoveatur
1570 4242 1936 4327 quisquam
1990 4241 2075 4308 ad
2115 4240 2512 4330 Episcopale

33 4325 464 4422 acerdotium,
519 4330 637 4415 qui
671 4330 1083 4418 Episcopum
1132 4351 1264 4397 non
1317 4329 1683 4398 exaudit.»
1712 4335 1999 4418 Egresso
2047 4342 2275 4396 autem
2309 4350 2384 4397 ex
2433 4351 2512 4397 ea

33 4415 356 4500 sacerdote,
398 4419 711 4507 protinus
760 4440 998 4488 omnes
1048 4417 1372 4497 familiae,
1443 4439 1617 4505 quae
1665 4417 1735 4485 in
1786 4417 1989 4486 domo
2041 4416 2161 4485 illa
2208 4430 2421 4497 erant,
2476 4439 2515 4483 a
