2993 4837
494 346 620 409 32¹8
976 362 1053 408 DE
1102 364 1156 408 s.
1210 363 1611 409 anseranum
1659 361 1952 408 anemae.
2008 360 2383 409 COLONOENSI
2479 330 2487 338 ’
2669 343 2888 408 Nova

404 447 681 515 electus.
736 444 1004 515 Electus
1052 460 1152 514 est
1199 446 1449 515 deinde
1522 447 1589 514 in
1663 446 2076 536 Episcopum
2131 447 2759 515 Monasteriensem:
2802 445 2892 514 sed

401 534 694 604 eundem
737 534 1219 623 Episcopatum
1252 535 1602 625 suscipere
1654 556 1790 602 non
1833 535 2194 621 acquievit,
2233 535 2722 604 adolescentiae
2760 556 2893 603 suae

404 624 573 693 forte
626 623 1139 711 pertimescens.

489 714 524 798 ξ
570 715 660 782 8.
715 712 905 781 Circa
955 711 1131 780 idem
1168 723 1442 800 tempus
1471 710 1798 780 dominus
1829 710 2181 801 adolphus
2215 711 2636 781 coloniensis
2667 710 2895 780 Archio-

403 802 751 891 piscopuS.
801 822 840 869 a
892 802 1119 889 pravis
1166 800 1581 869 consiliariis
1631 799 1992 878 seductuS,
2048 801 2334 890 insuper
2384 800 2602 869 multa
2652 801 2898 889 pecunia

401 901 791 980 corruptuS,
827 888 913 957 ab
940 889 1201 958 Othone
1250 888 1393 958 filio
1441 888 1718 958 Henrici
1754 889 1958 957 Ducis
2008 891 2363 971 Saxoniae,
2417 910 2624 976 quem
2675 888 2806 978 ipse
2840 909 2900 957 ex

397 999 741 1048 consensu
787 976 1051 1047 domini
1098 977 1478 1047 Innocentii
1541 982 1762 1067 Papae
1816 976 1874 1059 *,
1931 982 2396 1048 Romanorum
2449 983 2697 1068 Regem
2745 999 2895 1045 crea·

403 1079 608 1147 verat,
652 1079 717 1135 et
764 1066 1174 1157 Aquisgrani
1228 1078 1690 1146 coronaverat,
1752 1076 1953 1154 rupto
2000 1065 2462 1166 jurejurando
2515 1067 2811 1144 recessit,
2853 1076 2898 1133 et

404 1154 868 1225 adversarium
919 1156 1069 1245 ejus
1103 1154 1327 1244 Philip
1380 1177 1498 1223 um
1552 1158 1800 1223 Ducem
1833 1159 2128 1236 Sveviae,
2171 1155 2392 1225 filium
2439 1154 2760 1224 Friderici
2801 1158 2904 1222 Im·

408 1245 739 1335 peratoris
786 1242 1069 1333 eligens,
1119 1244 1187 1311 in
1233 1265 1305 1314 se
1356 1266 1392 1311 e
1441 1243 1625 1333 regia
1675 1244 2121 1312 consecravit.
2180 1249 2458 1335 Propter
2507 1243 2688 1331 quod
2736 1244 2797 1311 in
2837 1242 2904 1309 ci·

405 1335 605 1402 vitate
655 1332 956 1422 propria,
1011 1331 1285 1401 Colonia
1334 1331 1616 1411 scilicet,
1657 1353 1735 1400 ex
1787 1331 2107 1401 mandato
2150 1332 2296 1420 jam
2333 1332 2502 1402 dicti
2543 1331 2900 1407 Innocentii,

404 1445 441 1490 a
481 1421 840 1510 Judicibus
867 1421 952 1490 ad
989 1421 1118 1489 hoc
1144 1420 1473 1510 delegatis
1512 1420 1782 1499 citatuS‚
1822 1422 2459 1491 excommunicatus
2495 1434 2563 1490 et
2601 1420 2902 1511 depositus

404 1526 525 1581 est.
579 1509 1166 1580 Excommunicati
1201 1522 1363 1578 sunt
1392 1531 1552 1579 cum
1588 1530 1668 1577 eo
1707 1508 2012 1578 universi
2064 1531 2236 1598 pene
2284 1509 2553 1581 nobiles
2604 1521 2900 1587 terrae‚e0

404 1599 585 1687 quod
640 1600 700 1667 ei
758 1597 1173 1679 adhaerent,
1225 1611 1291 1667 et
1339 1596 1639 1687 Philippi
1706 1609 1933 1686 partes
2003 1596 2328 1667 foverent.
2398 1604 2672 1682 Quanta
2717 1596 2906 1667 eodem

404 1702 709 1777 tempore
755 1687 825 1755 in
860 1687 1272 1775 Episcopatu
1321 1686 1705 1756 Coloniensi
1757 1698 2142 1776 perpetrata
2203 1689 2340 1757 sint
2398 1687 2743 1768 incendia,
2791 1706 2904 1775 pro·

404 1777 669 1846 vinciae
716 1787 1036 1855 vastatae,
1092 1775 1537 1845 ecclesiarum
1580 1774 1760 1845 bona
1808 1774 2115 1865 direpta,
2162 1797 2349 1845 nunc
2400 1776 2707 1855 Othone,
2766 1792 2905 1843 nunc

405 1866 724 1954 Philippo
767 1864 1217 1954 praevalente,
1271 1864 1514 1953 paucis
1563 1884 1699 1933 non
1752 1876 1972 1952 potest
2017 1864 2368 1954 explicari.
2422 1865 2735 1956 Adolpho
2787 1883 2904 1959 su03

406 1956 609 2024 cessit
658 1959 909 2035 Brun0,
970 1954 1398 2042 Praepositus
1457 1952 1863 2034 Bonnensis,
1930 1952 2050 2040 qui
2099 1975 2140 2021 a
2186 1953 2509 2042 Philippo
2564 1960 2776 2043 Rege,
2820 1970 2906 2038 qut

406 2066 563 2113 cum
615 2043 912 2112 exercitu
945 2042 1428 2133 Episcopatum
1460 2040 1930 2110 Coloniensem
1965 2042 2354 2122 intraverat,
2401 2043 2470 2110 in
2510 2056 2736 2113 castro
2764 2044 2906 2109 Was·

406 2132 689 2221 sinberg
737 2131 959 2221 magis
1006 2129 1208 2209 dolo,
1276 2152 1481 2217 quam
1551 2130 1610 2197 vi
1684 2143 1970 2218 captuS,
2054 2131 2324 2200 vinctus
2363 2143 2463 2199 est
2523 2146 2588 2200 et
2639 2130 2900 2200 eductus.

406 2221 724 2311 Philippo
773 2234 998 2289 autern
1035 2220 1284 2301 occisQ
1324 2231 1389 2287 et
1436 2217 1699 2288 Othone
1734 2219 1802 2286 in
1841 2241 2050 2308 regno
2099 2219 2532 2301 confirmato,
2589 2219 2675 2289 ad
2723 2216 2902 2287 sedem

406 2333 598 2379 suam
645 2309 875 2379 rediit:
929 2321 994 2376 et
1044 2329 1175 2376 non
1218 2306 1431 2376 multo
1484 2319 1634 2396 post
1682 2308 1750 2376 in
1802 2307 1939 2375 fata
1996 2307 2269 2389 cedens,
2324 2308 2744 2378 Theodorico
2787 2325 2902 2376 san·

405 2412 666 2469 ctorum
726 2396 1196 2487 Apostolorum
1249 2396 1637 2486 Praeposito
1708 2396 1937 2467 sedem
2016 2396 2311 2485 reliquit.
2388 2398 2516 2467 Hic
2600 2405 2902 2487 praesente

408 2493 585 2578 Rege
606 2487 866 2558 Othone
899 2488 966 2555 in
1008 2486 1612 2575 Archiepiscopum
1647 2497 1747 2555 est
1793 2484 2072 2566 electuS‚
2103 2499 2168 2555 et
2202 2486 2394 2576 pallii
2436 2488 2768 2579 dignitate
2793 2484 2906 2570 ejus

407 2577 624 2666 gratia
662 2574 953 2645 celerius
1004 2574 1321 2643 donatus.
1357 2579 1536 2674 Rege
1587 2596 1740 2643 vero
1775 2574 1860 2643 ab
1913 2577 2307 2644 Innocentio
2357 2575 2424 2643 in
2463 2581 2904 2666 Imperatorem

405 2677 835 2744 consecrato,
894 2676 1165 2752 propter
1220 2676 1694 2732 retractionem
1748 2675 1963 2732 terrae
1995 2664 2414 2744 MechtildiS,
2467 2686 2682 2752 quam
2731 2668 2903 2750 Papae

406 2753 808 2833 contulerat,
844 2766 977 2821 tam
1005 2773 1241 2839 graves
1280 2752 1452 2820 inter
1481 2773 1597 2820 eos
1644 2752 1963 2821 oriuntur
1998 2752 2420 2833 inimicitiae,
2461 2769 2539 2823 ut
2590 2753 2897 2824 Othonem,

406 2863 607 2926 quem
660 2861 878 2927 usque
935 2840 1017 2909 ad
1075 2841 1197 2910 hoc
1264 2854 1535 2929 tempus
1597 2853 1878 2929 paterno
1927 2839 2175 2910 affectu
2224 2841 2500 2923 foverat,
2560 2858 2904 2911 excommu-

407 2931 687 3010 nicaret,
741 2931 939 3016 eique
998 2928 1413 2998 Eridericum
1466 2930 1743 2999 Henrici
1807 2929 2248 3018 Imperatoris
2312 2929 2538 2998 filium
2589 2944 2656 3000 et
2701 2935 2786 2998 Re
2859 2943 2904 2991 m

408 3018 679 3088 Siciliae
737 3017 1204 3087 adversarium
1272 3018 1655 3086 suscitaret.
1726 3016 1818 3085 Ad
1869 3019 2072 3107 cujus
2141 3019 2644 3107 promotionem
2708 3019 2766 3087 Si
2799 3011 2908 3083 rido

406 3107 908 3198 moguntinensi
939 3106 1465 3196 Archiepiscopo
1519 3105 1896 3194 plenariam
1944 3120 2337 3195 potestatem
2377 3107 2741 3197 legationis
2783 3123 2906 3198 con-

405 3196 604 3266 tulit:
643 3198 761 3284 qui
798 3196 1289 3266 Theodoricum
1345 3195 1976 3284 Archiepiscopum,
2029 3217 2108 3265 eo
2156 3195 2337 3281 quod
2398 3196 2626 3265 fautor
2673 3193 2907 3264 Othonis

403 3298 600 3363 esset,
641 3285 923 3375 indigne
958 3285 1123 3353 satis
1170 3284 1563 3373 deponenS,
1608 3282 1998 3373 Adolphum
2051 3285 2367 3353 restituit.
2426 3290 2676 3354 Neuter
2727 3296 2906 3351 tamen

403 3374 677 3444 illorum
744 3374 1225 3463 Episcopatum
1288 3393 1693 3461 recuperare
1744 3371 1992 3452 valuit,
2048 3372 2203 3441 licet
2267 3373 2334 3441 in
2388 3374 2594 3442 Curia
2643 3377 2903 3441 Romana

406 3464 493 3532 ab
524 3476 811 3551 utroque
848 3463 1011 3531 satis
1037 3484 1156 3550 pro
1185 3459 1302 3528 i·llo
1336 3459 1719 3530 laboratum
1764 3461 1873 3530 sit:
1916 3460 2031 3530 sed
2084 3460 2357 3548 utrique
2409 3475 2740 3531 trecentae
2767 3475 2906 3526 mar·

406 3574 525 3621 cae
570 3575 651 3620 ex
704 3550 1088 3621 redditibus
1127 3549 1653 3640 Episcopalibus
1712 3562 1872 3620 sunt
1920 3549 2329 3649 assignatae.
2393 3550 2730 3619 Ecclesiae
2785 3560 2906 3612 vero

407 3640 792 3710 Coloniensi
828 3639 1039 3708 libera
1087 3637 1324 3707 electio
1375 3639 1663 3709 remissa
1696 3649 1818 3707 est.
1861 3642 2039 3707 Haec
2085 3651 2334 3710 inserta
2389 3652 2575 3721 sunt,
2628 3660 2667 3707 o
2714 3636 2900 3728 lector.

406 3743 482 3799 ut
531 3730 819 3818 posteris
868 3729 1269 3807 innotescat,
1298 3727 1366 3796 in
1402 3727 1589 3814 quali
1620 3737 1797 3797 statu
1831 3726 2229 3806 Ecclesiam,
2275 3727 2632 3818 perlonga
2677 3739 2736 3794 et
2757 3738 2904 3816 varia

409 3818 781 3888 schismata
814 3818 1176 3886 laceratam
1229 3829 1293 3885 et
1341 3815 1565 3904 depau
1620 3828 1873 3884 eratam
1921 3829 2181 3905 martyr
2232 3828 2459 3885 noster
2521 3816 2733 3886 factus
2781 3815 2903 3898 Ept-

409 3930 659 3998 scopus
710 3907 1067 3985 invenerit,
1105 3918 1168 3973 et
1217 3905 1285 3972 in
1318 3905 1506 3991 quali
1557 3904 1743 3972 ilam
1798 3904 2160 3973 dimiserit.

496 3998 530 4083 ξ
579 4002 663 4068 4.
719 4001 873 4065 Post
919 3994 1412 4086 depositionem
1466 3993 1751 4063 Othonis
1810 3992 2153 4063 Eriderico
2224 3992 2644 4070 adhaerens,
2699 4011 2770 4059 ac
2812 4003 2902 4074 per

460 4158 486 4183 *
514 4159 668 4207 Hujus
697 4159 900 4197 nominis
935 4155 1125 4198 Tertius
1154 4155 1430 4203 (1198-1216).
1458 4157 1555 4204 qui,
1574 4166 1695 4200 cnm,
1713 4158 1819 4204 post
1839 4153 2028 4196 Hem-ici
2055 4156 2116 4195 VI
2149 4156 2457 4204 imperatoris
2494 4151 2900 4196 obitum.Germ8m⁸

406 4209 456 4248 in
483 4211 600 4250 duas
628 4213 790 4259 partes
821 4211 1128 4256 scinderetur,
1161 4211 1354 4249 alteram
1385 4220 1568 4256 nempe,
1586 4219 1705 4258 quae
1725 4209 1960 4257 Philippo,
1978 4208 2169 4249 Henrici
2191 4211 2248 4248 VI
2269 4211 2422 4255 fratri.
2443 4208 2725 4249 adhaerebat.
2740 4205 2893 4242 :iteum

407 4271 533 4306 vero,
550 4274 668 4311 quae
686 4262 899 4308 Othonis.
918 4265 1140 4304 saxoniae
1160 4261 1316 4304 Ducis.
1336 4264 1495 4311 partes
1518 4263 1818 4311 sequebatur.
1838 4264 1947 4313 post
1967 4264 2154 4312 longam
2174 4264 2317 4302 animi
2337 4263 2699 4303 fluctuationem.
2713 4257 2894 4314 Othonem

408 4319 460 4353 ut
490 4317 817 4364 imperatorem
846 4318 1010 4357 habuit
1024 4317 1354 4364 salutavitque.
1376 4317 1486 4364 qnia
1506 4317 1750 4364 Philippus
1769 4317 2072 4360 haereditate.
2091 4326 2232 4366 quam
2253 4317 2498 4361 mathilda,
2517 4316 2718 4365 piissima
2737 4311 2895 4349 'ruscum

408 4367 620 4410 nuciam.
650 4371 691 4408 S.
720 4371 856 4409 Petro
888 4371 1136 4413 obtulerat.
1169 4370 1309 4418 impie
1344 4371 1526 4418 potitus
1560 4371 1674 4409 erat.
1709 4372 1765 4409 At
1798 4374 1976 4418 postea.
2013 4381 2120 4410 cum
2145 4368 2313 4419 etipse
2334 4371 2455 4410 Otho
2475 4365 2785 4419 haereditatem
2799 4361 2891 4398 hanc

410 4429 700 4479 occupasset.
728 4422 1029 4480 Innocentius
1058 4423 1125 4462 111
1157 4433 1262 4462 eum
1294 4423 1588 4462 anathemate
1617 4423 1868 4472 percussit.
1901 4427 2042 4472 atque
2081 4422 2387 4470 Fridericum,
2417 4419 2601 4464 Hem-ici
2624 4407 2893 4460 Vlfiitum1⁸d

412 4483 660 4522 imperium
686 4481 932 4523 promovit.
