2993 4837
43 287 183 352 CT.
246 288 354 352 23
896 310 1424 360 uanrrnocoetun
1486 316 1923 366 musteum
2451 308 2617 375 943*

25 395 232 449 enter
267 400 632 449 curarunt
674 397 855 469 atque
885 391 1070 453 humo
1114 393 1367 456 tradide-

26 476 178 527 nnt.
232 467 408 528 Post
491 485 724 544 paucos
788 486 934 531 vero
983 472 1147 546 dieS,
1190 474 1367 536 ambo

36 546 285 620 aliani,
340 546 722 623 imperator
762 550 992 613 scilicet
1032 558 1097 612 et
1138 554 1272 629 ejus
1298 572 1365 614 a·

25 627 375 700 ’unculuffi
437 628 839 690 horrendum
869 633 1066 692 sortiti
1101 638 1364 708 exitum,

30 708 307 768 eternis
344 716 529 768 sunt
583 709 827 784 ignibus
872 713 1225 791 mancipati.

86 849 162 909 B.
200 850 556 911 PETRUS
582 850 1044 915 PASCHASIUS
1074 854 1282 919 Ense.

518 958 599 1000 E‘r
644 942 925 1003 Manrrn.

46 1037 314 1097 Passus·
346 1044 456 1097 est
491 1053 668 1099 anno
700 1037 853 1099 1300
884 1072 952 1081 -
986 1041 1321 1117 Hispanus.

99 1151 522 1214 MAnTYnot..
564 1187 640 1199 -
670 1152 865 1215 Grana
880 1165 968 1217 tae
995 1156 1053 1216 in
1082 1156 1362 1233 Hispania

25 1232 186 1292 beati
240 1232 455 1295 Pmm
493 1233 830 1295 Pascuasn
863 1235 1135 1314 Episcopi
1182 1237 1365 1300 Gien-

31 1315 244 1372 nensis
312 1319 385 1373 et
461 1312 771 1387 Martyris,
837 1312 1085 1376 Ordinis
1157 1318 1363 1381 beatae

30 1392 260 1454 Mariae
278 1392 365 1453 de
394 1393 693 1454 Mercede
710 1394 1147 1473 redemptionis
1170 1395 1364 1538 Cassti·

34 1487 283 1541 vorum,
313 1473 433 1550 qni
476 1490 695 1551 passus
723 1481 809 1534 est
840 1483 1053 1537 octavo
1084 1474 1220 1538 Idus
1304 1495 1360 1539 e-

39 1550 342 1613 cembris.

113 1629 179 1690 B.
226 1632 474 1693 Petrus
545 1631 894 1696 Paschasius
939 1634 1254 1697 valentiae
1296 1638 1357 1697 in

36 1709 358 1787 Hispaniis
420 1711 690 1789 genitus
738 1720 847 1775 est.
896 1712 963 1775 In
1006 1715 1361 1777 ecclesiasti·

39 1806 173 1850 cam
240 1791 557 1853 militiam
600 1791 883 1863 adscitus,
927 1797 1355 1857 canonicatum

40 1869 358 1945 obtinnit;
395 1871 519 1932 sed
567 1888 726 1932 anno
773 1871 949 1944 1251,
978 1873 1217 1936 saeculo
1261 1892 1359 1936 va·

45 1947 340 2022 lacliaens,
392 1952 463 2011 in
538 1947 835 2013 Ordinem
897 1952 966 2013 B.
1020 1955 1242 2016 Mariae
1285 1955 1358 2016 de

45 2026 327 2090 Mercede
361 2032 824 2108 redemptionis
846 2030 1238 2111 Captivorum
1269 2036 1356 2095 in-

54 2109 356 2181 greditur,
391 2109 539 2182 nbi,
570 2127 759 2188 quum
802 2115 1175 2189 tyrocinium
1208 2130 1355 2191 age-

62 2197 168 2259 ret,
200 2188 262 2248 S.
307 2189 579 2250 Petrum
626 2189 946 2254 Nolascum
991 2195 1353 2269 magistrum

63 2269 309 2328 sortitus
355 2281 473 2330 est.
526 2268 754 2331 Pietate
784 2278 844 2331 et
880 2275 1130 2334 scientia
1176 2291 1351 2335 sum—

62 2360 300 2423 mopere
348 2350 763 2426 conspicuum
808 2351 1057 2414 Iacobus
1089 2353 1351 2430 PrimuS,

58 2426 414 2504 Aragouiae
466 2447 615 2502 rex,
663 2447 805 2492 eum
870 2433 1056 2510 elegit
1120 2449 1352 2510 praece-

70 2514 305 2580 ptorem
374 2511 474 2570 sui
541 2510 648 2571 tilii
693 2511 920 2585 Sancii,
965 2514 1069 2591 qui
1126 2522 1186 2575 et
1232 2516 1354 2592 ipse

65 2585 130 2644 ad
195 2589 438 2650 dictum
486 2587 784 2651 Ordinem
845 2594 1113 2654 accessit.
1174 2594 1353 2656 Anno

72 2663 217 2727 129ss
244 2668 317 2728 ad
351 2669 570 2732 sedem
607 2671 1002 2747 episcopalem
1034 2672 1349 2734 Giennen-

67 2759 188 2805 sem
221 2746 432 2826 (laen)
462 2758 712 2809 evectus
741 2759 861 2825 est;
907 2752 1006 2813 sed
1035 2752 1181 2814 olim
1212 2753 1353 2816 Gra·

70 2830 272 2886 natam
336 2830 643 2902 invisenS,
695 2832 854 2908 quod
898 2848 1077 2909 quam
1136 2833 1353 2910 saepis·

72 2903 221 2964 sime
284 2906 569 2978 faciebat,
613 2925 796 2970 suum
861 2927 1100 2973 sacrum
1156 2913 1347 2974 mini-

72 2988 325 3045 sterium
392 2997 797 3058 executurus,
858 3006 889 3050 a
952 2992 1196 3064 MauriS,
1244 2994 1348 3071 qui

78 3061 155 3121 ibi
197 3064 702 3143 dominabantur,
750 3071 811 3129 in
855 3086 1161 3134 carcerem
1211 3089 1349 3136 con-

74 3139 260 3213 iectus
318 3153 446 3219 est3
494 3147 636 3218 ubi,
695 3164 837 3210 cum
897 3152 943 3210 is
991 3153 1252 3214 minime
1317 3169 1347 3214 a

80 3219 245 3281 bonis
286 3226 575 3299 operibus
641 3228 977 3302 desisteret,
1032 3233 1130 3292 die
1191 3240 1347 3294 sexta

87 3295 432 3365 Decembris
462 3309 605 3367 anni
643 3306 818 3383 1230,
853 3318 979 3387 post
1009 3310 1215 3373 Missae
1258 3331 1349 3374 ce·

84 3374 478 3446 lebrationem
535 3387 864 3450 crudeliter
925 3397 1177 3452 necatus
1236 3399 1347 3452 est.

85 3452 355 3523 Clemens
419 3465 531 3525 PP.
576 3466 651 3540 X,
694 3482 856 3528 anno
901 3469 1078 3540 1670,
1136 3472 1347 3532 confir·

87 3540 267 3598 mavit
292 3547 664 3607 sententiam
697 3544 1001 3611 Ordinarii
1031 3548 1352 3612 Giennesis

86 3611 259 3678 latam
322 3640 505 3701 super
550 3625 716 3687 cultu
757 3628 831 3688 ab
876 3629 1346 3693 immemorabili

92 3690 225 3757 huic
264 3698 442 3765 Beato
486 3705 777 3767 exhibitO.
816 3706 966 3784 (Cir.
1004 3709 1266 3789 Butler).

356 3845 416 3907 S.
452 3847 811 3911 IGNATIUS
860 3851 1067 3914 Enisa.

444 3941 594 4006 Obiit
641 3963 806 4009 αηηο
847 3948 985 4009 877.

158 4050 517 4138 lisaniam„
553 4092 628 4106 -—
659 4063 1185 4147 Constantinopoli
1216 4087 1348 4134 san·

101 4133 169 4187 cti
198 4130 735 4222 lena-ruEpiscopi,
768 4148 874 4224 qui
921 4163 1062 4208 cum
1092 4149 1346 4212 Bardam

104 4203 386 4298 Caesarem
431 4224 507 4285 ob
550 4226 929 4301 repudiatam
962 4245 1215 4290 uxorem
1244 4247 1343 4292 ar·

111 4299 329 4383 gnesen
359 4301 430 4361 ab
460 4319 529 4364 eo
561 4304 770 4366 multis
800 4307 1043 4382 injuriis
1072 4309 1345 4388 affectu3‚

108 4378 164 4424 ln
191 4375 428 4443 exilium
475 4384 682 4461 pulsus
724 4392 846 4461 est;
878 4388 980 4449 sed
1024 4404 1057 4451 a
1100 4389 1349 4453 Nicolao

1424 396 1697 459 Romano
1742 399 2032 464 Pontifice
2077 406 2420 480 restitutus,
2453 408 2703 472 tandem

1426 479 1489 537 in
1534 493 1679 552 pace
1707 481 1968 557 quievit.

1505 556 1659 618 Cum
1720 568 1888 636 gesta
1949 562 2138 637 hujus
2194 564 2256 626 S.
2303 567 2575 645 Episcopi
2642 576 2704 632 et

1424 635 1837 708 patriarchae,
1861 645 1965 718 qui
1985 658 2248 706 munere
2264 662 2376 707 suo
2395 655 2516 708 tam
2536 664 2704 725 prae-

1426 714 1584 778 clare
1632 716 2014 798 glorioseque
2075 725 2430 800 perfunctus
2471 736 2585 799 est,
2636 731 2701 789 in

1425 793 1709 857 Historiis
1751 798 2178 865 Ecclesiasticis
2219 805 2406 868 effuse
2451 822 2702 869 narren-

1428 881 1547 950 tur,
1582 892 1660 939 ne
1705 878 1945 955 longius
1991 899 2174 961 quam
2206 885 2380 946 decet
2407 902 2554 962 opus
2599 902 2700 947 no-

1424 960 1618 1017 strum
1665 961 2113 1034 protrahamuS,
2143 980 2210 1024 ea
2246 981 2427 1041 quam
2472 966 2700 1028 brevis·

1421 1035 1574 1096 sime
1600 1037 1860 1100 hocloco
1880 1056 2282 1119 exponemus.
2311 1045 2372 1106 S.
2399 1044 2696 1122 Ignatiu5‚

1423 1116 1529 1191 qui
1576 1117 1639 1177 in
1694 1117 2291 1196 BaptismoNicetae
2335 1140 2560 1187 nomen
2605 1143 2698 1187 ac·

1421 1196 1604 1271 cepit,
1636 1195 2153 1279 Constantinopoli
2188 1212 2357 1264 ortus
2385 1214 2476 1265 est
2504 1222 2688 1278 anno,

1425 1282 1489 1333 ut
1534 1277 1903 1350 probabilius
1932 1281 2193 1353 videtur,
2235 1283 2372 1345 799.
2408 1284 2695 1346 Parentes

1424 1353 1638 1415 habuit
1659 1357 2012 1421 Michaelem
2044 1361 2092 1431 1,
2118 1363 2567 1438 imperatorem,
2588 1366 2693 1440 qui

1427 1432 1818 1511 Curopalates
1879 1440 2137 1514 dicitur,
2209 1449 2270 1502 et
2341 1444 2692 1520 Procopiam

1421 1515 1723 1592 principes
1755 1517 2252 1596 religiosissimos,
2286 1524 2695 1601 omnibusque

1421 1594 1759 1657 virtutibus
1801 1601 2166 1662 cumulatos.
2215 1601 2367 1665 Cum
2403 1605 2443 1664 ii
2487 1620 2551 1664 se
2583 1606 2696 1664 im·

1421 1673 1589 1747 perio
1608 1676 2067 1753 abdicavissent,
2092 1689 2275 1759 atque
2301 1685 2362 1744 in
2387 1683 2696 1759 Principes

1420 1755 1668 1827 insum,
1724 1766 1793 1818 ut
1838 1761 2024 1819 vitam
2077 1764 2465 1824 monasticam
2516 1763 2693 1839 dege-

1418 1843 1581 1906 rent,
1642 1838 2061 1913 secessissent,
2125 1840 2364 1903 Nicetas
2423 1858 2689 1920 quoque,

1417 1914 1520 1990 qui
1570 1920 1713 1977 tunc
1753 1917 1999 1994 quidem
2056 1920 2275 1995 Ignatii
2337 1938 2557 1983 nomen
2603 1939 2692 1983 as·

1415 1998 1651 2066 sumsit,
1698 1998 2116 2060 monachalem
2141 2002 2438 2065 habitum
2470 2002 2688 2063 induit.

1418 2072 1591 2135 Patre
1620 2090 1654 2135 e
1697 2078 1854 2136 vivis
1896 2079 2151 2151 sublato,
2184 2083 2307 2159 ipse
2348 2082 2442 2142 sui
2487 2097 2696 2142 mona·

1413 2154 1581 2214 sterii
1614 2154 1793 2217 abbas
1819 2155 2089 2233 eligitur,
2131 2170 2312 2237 atque
2355 2162 2689 2223 sacerdotio

1414 2242 1828 2307 consecratum
1871 2237 2144 2311 demum,
2187 2256 2349 2301 anno
2395 2240 2535 2311 842,
2580 2241 2690 2319 qui

1412 2311 1726 2375 ecclesiam
1794 2316 2530 2397 constantinopolitanam
2594 2336 2689 2381 re-

1414 2400 1583 2466 geret
1611 2411 1638 2455 a
1672 2395 1889 2474 populo
1932 2404 1992 2458 et
2022 2397 2183 2461 clero
2215 2399 2375 2461 illius
2407 2399 2575 2461 urbis
2603 2400 2691 2462 dt·

1411 2472 1742 2546 gnissimus
1803 2484 2116 2554 reputatus
2173 2485 2285 2540 est.
2333 2481 2528 2553 Quam
2595 2497 2690 2541 ec-

1411 2551 1626 2614 clesiae
1678 2555 1791 2617 sibi
1856 2561 2209 2620 commissae
2274 2561 2691 2637 integritatem

1413 2635 1898 2713 munditiemque
1927 2640 2086 2699 cordi
2138 2639 2386 2702 haberet
2431 2641 2693 2700 foveret-

1410 2728 1555 2788 que,
1585 2723 1932 2793 quantoque
1980 2720 2195 2781 ardore
2242 2727 2303 2780 et
2333 2719 2571 2782 dicendi
2621 2719 2692 2781 li-

1414 2791 1646 2854 bertate
1701 2795 1986 2858 adversus
2031 2800 2244 2877 impios
2285 2808 2346 2861 et
2384 2798 2688 2874 scelestos,

1409 2873 1521 2931 etsi
1568 2874 1872 2950 principes
1900 2884 1961 2936 et
1996 2879 2418 2957 imperatores,
2455 2880 2691 2943 inflam-

1414 2959 1611 3012 matus
1668 2960 1847 3025 esset,
1908 2961 2174 3023 maxime
2220 2960 2502 3039 patefecit
2557 2970 2691 3025 tum

1410 3042 1548 3091 cum
1580 3030 1861 3104 Bardam,
1897 3035 2247 3102 Theodorae
2292 3044 2692 3118 imperatricis

1413 3109 1496 3172 fra
1509 3119 1684 3184 trem,
1711 3114 1965 3176 militiae
1996 3118 2295 3191 palatinae
2319 3120 2689 3198 praefectum

1409 3207 1475 3252 ac
1553 3192 1758 3253 virum
1832 3200 2358 3272 potentissimum,
2415 3203 2689 3275 graviter

1412 3272 1830 3347 reprehendit,
1855 3283 2056 3352 atque,
2081 3286 2416 3357 posti-eme,
2445 3296 2474 3338 a
2507 3282 2692 3342 sacris

1414 3352 1751 3428 prohibuit,
1809 3356 1949 3432 quia
2019 3373 2212 3419 nurus
2273 3374 2417 3420 suae
2480 3358 2690 3421 illicito

1409 3446 1620 3492 amore
1673 3435 1751 3493 ita
1807 3434 2059 3509 fureret,
2109 3447 2174 3498 ut
2221 3440 2352 3516 ejus
2410 3440 2690 3500 criminis

1410 3509 1566 3572 fama
1613 3520 1797 3574 totam
1849 3515 2060 3578 urbem
2107 3527 2477 3595 peragraret.
2531 3518 2691 3584 Hinc

1408 3589 1818 3653 offensionum
1868 3595 2060 3670 prima
2117 3598 2323 3674 origo;
2370 3599 2513 3660 hinc
2557 3600 2690 3662 sons

1411 3673 1691 3731 omnium
1743 3675 2303 3750 perturbationum,
2349 3695 2498 3755 quae
2533 3678 2689 3740 Con·

1406 3750 2015 3827 stantinopolitanam
2061 3756 2391 3818 Ecclesiam
2429 3766 2550 3819 tam
2583 3760 2690 3821 diu

1408 3831 1835 3907 exagitavere;
1872 3834 2016 3898 hinc
2057 3846 2376 3899 aeternum
2422 3838 2685 3900 deflendi

1410 3911 1609 3984 graeci
1641 3911 1981 3975 schismatis
2008 3918 2187 3995 stirps
2215 3926 2274 3977 et
2303 3917 2490 3980 radix.
2526 3918 2689 3979 Post-

1406 4005 1591 4065 quam
1664 3992 1858 4068 igitur
1928 3995 2148 4058 Bardas
2213 3997 2378 4058 nulla
2451 4000 2688 4060 ratione

1406 4067 1467 4129 S.
1516 4069 1851 4146 Ignatium,
1898 4084 1967 4137 ut
2022 4083 2232 4154 sponte
2277 4078 2685 4154 episcopatum

1407 4153 1823 4227 renuntiaret,
1875 4157 2123 4232 adigere
2173 4160 2485 4235 potuisset,
2537 4173 2684 4219 eum

1408 4228 1470 4288 in
1534 4231 1775 4293 vincula
1835 4235 2111 4313 conjecit,
2170 4237 2316 4298 diris
2360 4236 2568 4311 flagris
2623 4244 2685 4298 et

1409 4307 1610 4386 plagis
1643 4313 1986 4386 mulctavit,
2028 4316 2436 4392 omnibusque
2496 4316 2684 4376 modis

1409 4390 1656 4453 vexavit
1703 4394 1783 4454 ita
1829 4399 1896 4454 ut
1939 4395 2306 4457 cruciatibus
2347 4393 2684 4458 doloribus-
