2993 4837
553 326 679 391 574
1324 345 1403 389 m:
1449 344 1507 389 s.
1552 343 1813 391 nonno
1861 345 2152 391 narras
2660 326 2805 390 ΜΠ.
2834 329 2896 392 18

461 447 729 517 rogum,
770 426 1211 512 Imperatoris
1252 427 1395 513 jam
1451 428 1836 517 praesentis
1871 429 2282 498 sententiam
2314 429 2779 519 exspectabant,
2800 429 2898 499 cla·

462 517 707 587 mavit:
753 538 788 581 «
832 516 951 585 Ubi
1003 516 1173 583 milii
1223 515 1432 606 ignis,
1470 522 1779 603 quaeso?
1816 541 1851 584 »
1931 526 1938 531 ’

546 607 583 692 ξ
634 610 722 675 2.
777 609 955 673 Haec
1002 604 1297 684 locutus,
1351 607 1725 675 accersitur
1773 606 1857 675 ad
1927 610 2418 695 Imperatorem
2465 606 2518 687 ³³,
2557 628 2686 693 quo
2720 628 2896 675 nomm

456 706 522 764 et
559 693 967 762 inusitatum
1018 715 1237 784 genus
1281 693 1608 795 supplicii
1659 697 2049 777 sustineret,
2090 708 2163 765 ut
2214 696 2451 786 lingua
2512 696 2802 764 nimirum
2833 695 2900 763 illi

457 794 955 872 amputaretur.
994 782 1184 864 Quod
1236 781 1607 854 fortissime
1644 805 2033 873 perpessus,
2083 782 2289 854 rebus
2328 785 2647 854 omnibus
2686 784 2904 851 declara·

456 871 576 953 vit,
622 871 923 940 divinam
977 872 1111 940 vim
1156 871 1317 950 illis,
1358 872 1477 958 qui
1513 872 1776 959 aliquid
1818 882 1938 963 pro
2023 873 2220 943 ietate
2250 873 2541 943 subeant
2575 873 2902 951 acerbitatis,

459 982 656 1049 opem
710 981 982 1050 semper
1028 974 1393 1049 apportare
1439 960 1658 1030 solere
1688 1016 1703 1043 ,
1763 984 1921 1031 cum
2009 962 2250 1031 abores
2303 974 2368 1031 et
2416 984 2764 1031 aerumnas
2804 960 2904 1030 alle-

457 1048 706 1130 vando,
763 1063 903 1118 tum
955 1050 1171 1118 animi
1212 1048 1629 1119 alacritatem
1686 1052 1878 1119 firme
1927 1051 2459 1120 corroboranda
2498 1055 2630 1120 Iste
2665 1050 2818 1119 enim
2848 1049 2902 1117 si·

460 1138 651 1207 mula
683 1151 841 1224 tque
881 1160 1130 1207 novum
1167 1137 1359 1207 illum
1397 1139 1723 1229 supplicii
1763 1138 2041 1209 modum
2091 1139 2442 1219 intellexit,
2476 1161 2637 1229 prae
2671 1158 2896 1227 generas

459 1227 675 1297 animi
729 1226 1101 1306 alacritate,
1149 1228 1549 1314 neutiquam
1599 1228 2139 1317 obstupefactuS,
2199 1228 2448 1298 lubens
2513 1228 2795 1297 extendit
2827 1225 2890 1293 lie

459 1338 668 1405 guam
706 1370 722 1396 ,
775 1327 840 1383 et
907 1316 1341 1404 paratissimo
1400 1316 1633 1386 animo
1684 1340 1832 1386 eain
1887 1318 2244 1388 lictoribus
2317 1318 2521 1403 quasi
2589 1319 2886 1386 instrum

459 1406 758 1494 praebet.
821 1409 975 1472 Post
1021 1404 1204 1491 quod
1269 1403 1692 1493 supplicium
1746 1406 1813 1473 in
1871 1406 2144 1475 vincula
2192 1408 2572 1491 conjectuS,
2626 1405 2880 1496 longi&

459 1492 786 1581 temporis
839 1493 1058 1581 spatio
1111 1492 1206 1562 ibi
1254 1493 1642 1573 afflictatus,
1709 1493 1981 1563 tandem
2040 1518 2199 1564 cum
2253 1496 2636 1584 vigesimus
2676 1488 2884 1564 anius*¹⁵

455 1582 654 1670 regni
701 1582 1142 1670 Imperatoris
1181 1581 1574 1651 adventaret
1618 1583 1787 1671 (quo
1834 1606 1911 1652 ex
1946 1583 2216 1654 decreto
2262 1605 2674 1653 concessum
2715 1584 2894 1653 eratul

456 1668 736 1741 libertas
782 1671 1130 1750 omnibus,
1184 1671 1304 1758 qui
1354 1671 1421 1738 in
1476 1672 1770 1741 vinculis
1835 1671 2093 1759 ubique
2146 1674 2499 1742 constricti
2558 1674 2894 1747 tenebatis,

456 1758 683 1848 palam
729 1758 1290 1848 praedicaretur),
1345 1759 1535 1830 solus
1585 1761 1712 1830 iste
1761 1761 1826 1828 in
1890 1762 2346 1850 compedibus
2382 1764 2655 1848 jacenS,
2712 1776 2904 1843 utmqoe

456 1847 627 1937 pede
674 1848 757 1917 ad
824 1848 1145 1934 quintum
1214 1848 1519 1918 foramen
1580 1849 1928 1931 distractO,
1997 1849 2241 1937 laqueo
2301 1852 2479 1921 collo
2553 1851 2903 1934 circumjecti

456 1935 952 2061 strangulatu&
1012 1938 1340 2028 martyrio
1393 1936 1702 2021 demum,
1737 1939 1919 2009 sicut
1968 1940 2030 2008 ei
2089 1954 2237 2008 erat
2274 1939 2346 2009 in
2394 1942 2677 2030 optatis,
2714 1941 2904 2008 decori·

457 2038 568 2095 tur
712 2077 727 2093 .

710 2345 963 2425 ITEM
1026 2345 1389 2427 SANOTI
1448 2346 1819 2428 PATRIS
1880 2348 1952 2426 N
1954 2347 2248 2428 OSTRI
2311 2350 2358 2427 J
2362 2347 2741 2429 OANNIS

874 2527 1165 2576 Ancntssp.
1216 2528 1626 2577 CONSTANTIN.
1678 2527 2094 2578 COGNOMENTO
2143 2530 2576 2579 CHRYSOSTOUI

1059 2669 1485 2737 ENCOMIUM
1537 2672 1902 2737 EJUSDEM
1956 2672 2368 2738 MARTYRIS

733 2829 813 2877 111·
858 2830 1144 2878 naamon
1195 2831 1259 2879 ΙΝ
1307 2829 1582 2880 summu:
1629 2832 2101 2893 HETAPHRASTE,
2155 2834 2320 2881 APUD
2367 2833 2714 2882 ALovstmt.

535 3005 572 3091 9
619 3007 693 3076 ί.
733 3006 999 3072 Rursus
1046 3007 1419 3093 Martyrum
1473 3006 1826 3087 memoria,
1862 3016 1926 3075 et
1975 3026 2217 3074 rursus
2257 3005 2404 3074 dies
2439 3005 2657 3076 festus
2702 3018 2759 3075 et
2797 2999 2912 3072 cele·

446 3092 662 3163 britas
738 3092 1092 3180 spiritalia.
1165 3093 1592 3164 Laborarunt
1661 3094 1785 3174 illi,
1838 3106 1904 3163 et
1955 3115 2078 3162 nos
2128 3093 2489 3164 laetamur.
2545 3099 2910 3165 Decertarunt

446 3182 572 3261 illi,
611 3193 675 3249 et
724 3202 847 3250 nos
892 3181 1305 3252 exultamus.
1358 3181 1642 3251 Illorum
1693 3196 1795 3251 est
1844 3204 2096 3252 corona
2143 3197 2206 3251 et
2255 3185 2649 3253 communis
2708 3181 2908 3276 gloria:

444 3270 722 3340 illorum
775 3282 939 3340 sunt
1000 3271 1303 3359 praemia
1360 3284 1424 3339 et
1471 3272 1849 3341 certamina
1884 3327 1899 3352 ,
1959 3284 2024 3341 et
2077 3275 2281 3343 totius
2343 3273 2682 3344 Ecclesiae
2726 3272 2908 3364 gloria.

444 3358 657 3429 decus
694 3371 758 3428 et
805 3359 1141 3449 gloriatio.
1197 3365 1272 3428 Et
1318 3360 1685 3446 quomodo,
1728 3360 1908 3430 dicet
1953 3360 2328 3449 quispiam,
2367 3377 2593 3450 posset
2630 3364 2749 3432 hoc
2777 3355 2911 3427 lien?

444 3449 634 3532 Quod
674 3461 897 3538 partes
934 3461 999 3518 et
1049 3450 1356 3518 membra
1393 3463 1635 3518 nostra
1685 3463 1845 3518 sunt
1895 3455 2243 3538 Martyres.
2297 3452 2634 3533 Quoniam
2679 3452 2802 3520 sive
2835 3463 2908 3539 μᾷ·

443 3538 611 3607 titur
639 3559 858 3606 unum
897 3539 1310 3618 membrum,
1354 3538 1874 3628 compatiuntur
1911 3540 2145 3608 omnia
2187 3539 2533 3621 membra;
2587 3541 2721 3610 sive
2755 3536 2908 3625 giori-

441 3626 690 3696 ficatur
736 3647 954 3696 unum
1009 3627 1423 3707 membrum,
1459 3648 1616 3694 cum
1650 3649 1728 3697 eo
1758 3627 2097 3697 laetantur
2130 3630 2436 3698 membra
2471 3631 2719 3699 omnia.
2751 3629 2906 3716 Caput

441 3727 830 3796 coronatur,
869 3728 933 3784 et
980 3716 1323 3803 reliquum
1387 3737 1639 3806 corpus
1685 3717 1964 3785 exultat.
2012 3717 2112 3785 Fit
2160 3740 2345 3786 unus
2404 3718 2618 3787 victor
2667 3721 2730 3786 in
2774 3708 2903 3803 ludis

442 3805 842 3894 OlympiciS‚
880 3817 945 3874 et
993 3817 1170 3874 totus
1217 3804 1471 3906 gaudet
1523 3805 1843 3906 populuS,
1889 3818 1954 3874 et
1999 3828 2159 3875 cum
2200 3807 2468 3896 magnis
2517 3829 2668 3875 eum
2713 3801 2900 3900 exciffll

443 3893 791 3964 laudibus.
849 3895 916 3963 Si
956 3908 1181 3963 autem
1234 3916 1302 3962 in
1353 3893 1733 3983 olympicis
1770 3895 2287 3976 certaminibus,
2326 3896 2443 3983 qui
2485 3895 2649 3963 nihil
2683 3892 2756 3961 ad
2793 3887 2897 3956 illos

441 3983 727 4053 sudores
774 3981 1235 4064 contulerunt,
1288 3987 1475 4052 tanta
1514 3981 1842 4052 fruuntur
1889 3983 2265 4074 voluptate:
2315 3984 2529 4053 multo
2574 3982 2773 4072 magis
2810 3977 2894 4043 hoc

491 4147 513 4169 ⁰
545 4147 734 4187 scillcet
757 4146 974 4186 Galerius
992 4146 1193 4189 Maxim..
1212 4145 1292 4194 qul
1312 4150 1428 4187 tunc
1446 4146 1721 4186 Antiochiae
1740 4147 2036 4187 versabatur.

490 4200 542 4226 *⁸
579 4199 825 4239 Via-eumcum
854 4199 1023 4249 (fests),
1051 4209 1169 4248 quae
1188 4200 1500 4248 Imperatores
1523 4204 1628 4250 post
1648 4202 1779 4248 regni
1800 4199 1964 4250 viginti
1990 4208 2131 4238 annos
2155 4209 2323 4248 magno
2359 4198 2553 4247 sumptu
2583 4191 2844 4237 celebrum&
2859 4183 2895 4222 Β

439 4254 747 4304 quinquennum
767 4256 814 4292 et
830 4252 1081 4293 decennalia
1101 4254 1475 4293 celebra-bantur.
1496 4255 1744 4293 vicennalia
1765 4257 1920 4293 sutem
1945 4251 2234 4297 Diocletiani,
2256 4263 2377 4291 suno
2399 4254 2491 4297 303,
2510 4253 2660 4291 habits
2676 4249 2780 4306 sunt.

492 4306 569 4331 *⁸⁸
598 4307 769 4345 Eodem
800 4317 921 4346 anno
948 4309 1038 4351 303,
1067 4317 1224 4346 mense
1258 4307 1543 4347 novembris.
1575 4308 1729 4355 HuJus
1761 4303 2071 4355 insignissimi
2103 4307 2337 4354 Martyris,
2373 4316 2482 4345 cum
2515 4307 2742 4345 Laurentio
2768 4292 2888 4336 dvm·

438 4356 593 4396 centio
620 4360 918 4405 compat-snut
948 4361 1170 4398 memoria
1195 4371 1378 4400 summo
1406 4371 1515 4399 cum
1532 4360 1708 4400 honore
1729 4361 1778 4399 in
1798 4359 2007 4413 antiquis
2029 4357 2375 4409 Maris-rotimus
2395 4359 2696 4407 Histoi-iisque
2714 4349 2890 4414 Ffflllffl'

438 4410 551 4458 mun
581 4420 655 4448 res
683 4416 836 4458 gestes
868 4413 1037 4450 cecinit
1068 4413 1349 4452 Prudentius
1380 4414 1568 4461 hymno,
1605 4415 1648 4453 Β.
1680 4414 1890 4453 Joauues
1920 4414 2278 4461 Ohryuostomus
2301 4415 2588 4462 praeclaram
2605 4406 2802 4453 minutae
2815 4404 2886 4449 ¹1³⁰

437 4462 697 4503 oudonem
715 4473 855 4512 quam
875 4475 959 4505 nos
982 4475 1150 4515 operae
1169 4468 1375 4515 pretium
1392 4464 1627 4519 ducimus,
1647 4476 1672 4506 e
1693 4468 1828 4508 Surio
1847 4465 1924 4508 hic
1945 4466 2173 4518 integram
2193 4468 2466 4508 transferre.
