2993 4837
522 356 650 419 308
1059 373 1137 418 ns
1186 373 1239 419 s.
1296 370 1732 419 w1LL1aaonno
1780 373 1877 418 ΕΡ.
1931 370 2343 418 ‘rnaszcrnnffl
2696 351 2853 418 NOV.
2894 354 2923 415 ἰ

440 457 674 543 patris,
729 458 1135 545 intempesta
1163 457 1380 527 noctis
1427 457 1655 543 quiete
1687 456 1977 526 coeleste
2012 456 2078 523 in
2133 456 2397 527 somnis
2437 454 2606 524 vidit
2650 477 2856 524 orama
2880 457 2954 543 ’.ξ

434 546 667 614 Visum
702 558 802 614 est
849 544 933 625 ei,
971 545 1170 631 quasi
1222 567 1463 614 novam
1517 545 1584 613 in
1628 546 1816 615 coelo
1850 544 2110 614 videret
2159 544 2424 625 lunam,
2479 558 2810 615 crescente
2841 544 2930 612 illa

434 654 657 723 usque
704 633 868 702 dum
914 632 1116 722 plena
1163 633 1523 702 videbatur
1568 655 1738 703 esse.
1794 639 2013 716 Quam
2071 633 2474 725 diligentius
2522 634 2807 703 intuens,
2854 654 2954 700 re-¹

433 723 712 812 pentino
746 744 957 791 cursu
1010 722 1198 812 lapsa
1259 723 1394 791 ruit
1443 723 1514 790 in
1564 744 1638 791 os
1702 722 1879 810 ejus.
1926 726 2070 805 Qua
2119 722 2475 804 devorata,
2535 722 2688 812 ejus
2733 721 2928 790 intima

433 810 799 901 splendore
849 809 1123 899 perfusa
1162 823 1347 880 sunt.
1380 810 1728 900 Evigilans
1758 833 1935 893 ver0,
1992 812 2236 881 timore
2278 811 2659 901 perterrita,
2702 810 2930 880 cuidam

435 899 754 991 religioso
806 900 1198 990 presbytero
1250 899 1479 970 retulit
1520 900 1894 981 somnium,
1955 899 2208 987 illoque
2258 899 2743 990 interrogante,
2791 899 2842 968 si
2879 920 2932 968 ea

437 1002 652 1070 nocte,
715 1010 851 1075 qua
899 989 960 1057 ei
1008 988 1178 1058 visio
1234 988 1411 1059 facta
1458 1002 1595 1069 est,
1651 1010 1776 1057 suo
1842 1010 2029 1057 more
2088 988 2286 1058 solito
2325 989 2741 1077 jungeretur
2789 989 2933 1065 viro,

431 1090 846 1168 acceptaque
884 1078 970 1147 ab
992 1099 1070 1146 ea
1096 1079 1244 1166 ejus
1271 1078 1368 1147 rei
1391 1075 1842 1159 confessione,
1882 1078 1973 1147 ita
2011 1076 2393 1164 respondit:
2434 1083 2699 1157 «Luna,
2739 1098 2931 1164 quam,

432 1190 512 1236 ex
561 1166 828 1236 modica
890 1165 1116 1235 vidisti
1168 1167 1236 1234 in
1297 1187 1619 1257 magnam
1683 1166 2023 1247 crevisse,
2097 1166 2285 1235 filius
2332 1178 2466 1246 est,
2519 1188 2730 1253 quem
2778 1166 2837 1233 in
2879 1186 2936 1234 ea

437 1268 629 1326 nocte
658 1255 1053 1344 concepisti:
1092 1256 1213 1342 qui
1253 1254 1405 1325 luce
1442 1254 1740 1324 veritatis
1787 1254 2203 1344 caliginosos
2236 1255 2679 1325 tenebrarum
2714 1274 2936 1323 errores

435 1344 795 1424 discutiet,
861 1357 925 1411 et
971 1365 1409 1430 quocumque
1460 1343 1848 1433 perrexerit,
1912 1344 2280 1414 comitante
2326 1345 2614 1433 superni
2690 1343 2936 1412 luminis

438 1433 824 1522 splendore,
884 1431 1163 1521 plenum
1214 1454 1379 1502 suae
1428 1432 1862 1521 perfectionis
1901 1433 2208 1502 ostendet
2237 1432 2547 1523 globum:
2604 1453 2933 1502 coruscan-

437 1537 635 1609 teque
683 1519 981 1590 rumoris
1028 1520 1176 1590 e'us
1223 1521 1543 1600 candore,
1582 1533 1646 1590 et
1688 1542 1956 1589 morum
2026 1521 2537 1610 pulcritudine,
2601 1521 2932 1591 multorum

441 1611 508 1678 in
561 1631 633 1681 se
679 1609 932 1678 alliciet
986 1632 1023 1677 a
1079 1623 1484 1697 spectum.»
1535 1610 1757 1699 Hujus
1803 1630 1967 1699 ergo
2015 1610 2266 1680 somnii
2321 1610 2934 1699 interpretationem.

441 1721 669 1768 rerum
715 1697 959 1766 veritas
993 1697 1361 1767 subsecuta
1397 1710 1521 1767 est.
2629 1715 2636 1721 ’

525 1789 562 1873 ἓ
608 1792 698 1859 8.
756 1792 1032 1855 Factum
1081 1800 1181 1858 est
1230 1800 1380 1876 post
1426 1785 1765 1856 circulum
1817 1786 2113 1866 dierum,
2178 1800 2243 1855 et
2291 1787 2540 1855 mulier
2593 1788 2850 1877 peperit
2887 1785 2936 1852 fi-

442 1876 610 1945 lium
648 1876 737 1955 ⁴²⁴²,
780 1896 1108 1961 sacroque
1157 1874 1340 1945 fonte
1388 1875 1820 1965 baptismatis
1854 1890 2271 1965 regeneratO,
2313 1875 2650 1964 imposuit
2680 1877 2744 1945 ei
2776 1887 2936 1944 mater

445 1987 689 2035 nomen
712 1963 1075 2036 Wilbrord.
1100 1969 1175 2032 Et
1213 1964 1439 2033 statim
1466 1963 1881 2033 ablactatum
1915 1963 2331 2033 infantulum
2367 1963 2652 2033 tradidit
2679 1987 2829 2034 eum
2855 1984 2936 2053 pa·

446 2068 542 2123 ter
576 2053 1000 2143 Ripensis***
1023 2052 1349 2122 ecclesiae
1380 2052 1729 2131 fratribnS,
1766 2051 2103 2142 religiosis
2128 2052 2378 2122 studiis
2402 2064 2467 2121 et
2493 2054 2718 2124 sacris
2752 2052 2936 2122 litteris

439 2142 923 2220 erudiendum,
983 2154 1057 2211 ut
1102 2139 1412 2232 fragilior
1457 2154 1643 2210 aetas
1692 2139 2143 2211 validioribus
2190 2140 2640 2211 invalesceret
2677 2139 2934 2229 discipli·

442 2231 573 2311 nis,
611 2232 729 2301 ubi
774 2231 944 2300 nihil
980 2230 1236 2299 videret
1272 2231 1400 2300 nisi
1435 2230 1741 2308 honesta,
1783 2229 1953 2298 nihil
1991 2229 2260 2299 audiret
2297 2229 2429 2300 nisi
2465 2244 2734 2301 sancta.
2771 2235 2934 2313 Quem

439 2321 674 2389 divina
710 2343 864 2389 mox
915 2319 1131 2408 gratia
1180 2321 1267 2388 ab
1317 2319 1595 2388 ineunte
1632 2319 1923 2407 pueritia
1967 2332 2033 2405 et
2080 2340 2289 2388 sensu
2332 2318 2691 2408 proficere,
2740 2334 2800 2389 et
2837 2339 2938 2386 mo—

446 2409 637 2478 ribus
680 2408 956 2499 pollere,
996 2421 1331 2495 qnantum
1377 2407 1460 2477 ad
1499 2407 1666 2477 tales
1715 2408 2034 2498 congruit
2067 2430 2308 2487 annos,
2362 2410 2729 2479 concessit:
2786 2409 2864 2476 ita
2891 2416 2936 2473 ut

450 2499 698 2568 nostris
726 2499 1148 2587 temporibus
1199 2520 1448 2566 novum
1486 2495 1757 2566 Samuel
1814 2497 2000 2568 nasci
2053 2513 2353 2586 putareS,
2403 2496 2488 2565 de
2536 2520 2679 2585 quo
2728 2497 2936 2567 dictum

444 2601 580 2656 est:
635 2592 811 2655 Puer
857 2595 1081 2655 autem
1133 2589 1410 2656 Samuel
1443 2586 1827 2677 proficiebat
1854 2641 1868 2665 ,
1922 2597 2123 2675 atque
2171 2586 2520 2667 crescebat,
2575 2598 2641 2655 et
2679 2585 2938 2679 placebat

442 2687 581 2744 tam
621 2676 760 2743 Deo
808 2698 1012 2830 <suam
1046 2675 1419 2744 hominibus
1455 2675 1551 2765 (l.
1587 2681 1747 2764 Iteq.
1788 2674 1888 2762 ιι).
1945 2675 2183 2762 Ibique
2224 2675 2293 2744 in
2350 2674 2706 2764 praedicto
2757 2693 2922 2770 mona

446 2762 650 2832 sterio
702 2785 814 2830 mu
853 2764 937 2832 tis
986 2763 1386 2850 profuturus
1431 2786 1621 2852 puer,
1660 2762 2023 2832 clericatus
2063 2764 2327 2853 accepit
2358 2777 2743 2834 tonsuram.
2781 2777 2839 2832 et
2865 2779 2936 2850 pu

449 2851 868 2941 professione
928 2853 1339 2922 monachum
1384 2874 1453 2922 se
1504 2851 1659 2921 fecit
1706 2872 1903 2931 esse,
1959 2864 2023 2921 et
2087 2852 2267 2922 inter
2320 2865 2625 2922 caeteros
2676 2850 2938 2939 eJusdem

446 2940 863 3009 sanctissimi
918 2941 1310 3010 monasterii
1360 2940 1822 3009 adolescentes
1883 2941 2225 3010 enutritus
2274 2954 2398 3022 est,
2453 2941 2570 3010 sed
2628 2942 2797 3011 nulli
2840 2937 2942 3034 alq-

446 3029 681 3098 critate
724 3028 970 3108 minor,
1029 3029 1203 3099 nulli
1254 3027 1665 3098 humilitatis
1720 3028 1944 3098 officio
2002 3029 2390 3109 secundm,
2456 3029 2631 3100 nulli
2682 3029 2938 3099 lectionis

447 3117 675 3189 studio
716 3117 1031 3188 inferior:
1072 3117 1186 3187 sed
1251 3118 1349 3187 sic
1399 3118 1703 3203 quotidie
1755 3117 1971 3187 bonae
2021 3117 2275 3188 indolis
2316 3141 2487 3207 puer
2545 3117 2934 3208 proficiebat,

448 3219 524 3276 ut
573 3217 839 3282 teneros
901 3208 1233 3297 pueritiae
1286 3228 1542 3286 annos,
1600 3227 1866 3275 morum
1932 3207 2260 3296 gravitate
2310 3207 2833 3276 transcenderet:
2877 3201 2938 3271 sa·

444 3311 732 3454 ptusqlue
778 3308 879 3366 est
934 3296 1367 3386 grandaevus
1423 3317 1679 3376 sensu,
1740 3295 1857 3382 qui
1916 3295 2329 3385 corpusculo
2388 3296 2698 3365 modicus
2754 3294 2865 3365 suit
2900 3299 2940 3356 et

479 3408 545 3454 ra
602 3408 737 3454 its.

536 3410 701 3562 §gel
758 3479 786 3542 I
842 3473 977 3543 itur
1011 3474 1078 3542 in
1130 3473 1344 3542 sacris
1392 3471 1925 3552 eruditionibuS,
1980 3484 2044 3541 et
2093 3471 2159 3539 in
2198 3473 2387 3541 omni
2423 3473 2799 3550 sobrietate,
2839 3489 2942 3538 mo·

451 3584 745 3649 rumque
792 3497 1173 3642 {onestatffi
1227 3561 1627 3631 beatissimo
1668 3581 1886 3646 usque
1934 3559 2017 3628 ad
2072 3560 2475 3631 vicesimum
2537 3563 2771 3632 aetatis
2818 3573 2941 3626 suae

448 3673 712 3719 annum
763 3650 1191 3720 adolescente
1239 3649 1660 3740 proficiente,
1713 3649 2026 3718 arctioris
2075 3648 2248 3718 vitae
2296 3650 2540 3720 ardore
2587 3666 2938 3721 succensus,

447 3751 513 3808 et
563 3739 1132 3830 peregrinationis
1176 3760 1409 3808 amore
1459 3739 1849 3828 instigatus,
1902 3750 1967 3807 et
2017 3738 2182 3825 quia
2230 3739 2299 3808 in
2351 3740 2676 3810 Hibernia
2718 3733 2942 3809 schola·

447 3829 688 3900 sticam
738 3827 1192 3898 eruditionem
1259 3826 1563 3918 viguisse
1622 3827 1923 3907 audivit,
1976 3827 2180 3895 etiam
2240 3827 2672 3914 quorundam
2719 3837 2942 3895 sancto·

451 3940 602 3987 rum
637 3917 936 3986 virorum
973 3917 1155 3987 sama
1197 3927 1540 3994 narrante,
1582 3915 2093 3985 conversatione
2132 3916 2479 3999 incitatus,
2515 3931 2579 3987 et
2625 3914 2938 4008 praecipue

446 4005 827 4075 beatissimi
878 4008 1091 4096 patris
1120 4018 1186 4075 et
1216 4005 1534 4095 Episcopi
1568 4004 1837 4095 Egberti
1869 4004 2032 4086 ****,
2079 4004 2199 4094 qui
2230 4020 2674 4096 cognomento
2702 4011 2938 4094 sanctus

452 4094 842 4176 vocabatur,
886 4117 1148 4165 necnon
1183 4108 1249 4164 et
1299 4094 1617 4164 Wicberti
1665 4092 2074 4163 venerabilis
2122 4094 2247 4162 viri
2304 4108 2368 4164 et
2424 4093 2779 4164 sacerdotis
2824 4093 2930 4156 Det.

452 4204 744 4268 quorum
816 4195 1101 4271 uterque
1162 4183 1250 4252 ob
1311 4182 1622 4253 coelestis
1688 4183 1946 4271 patriae
2006 4204 2359 4263 amorem,
2413 4183 2651 4263 domo,
2703 4176 2930 4269 patria.

504 4377 528 4396 ³*
560 4377 747 4414 Scilicet
765 4379 987 4419 visionem.
1010 4382 1240 4420 Graecum
1262 4381 1546 4421 vocabulum
1568 4381 1653 4420 est.

506 4430 558 4454 ³²*
589 4430 720 4467 Ctrca
741 4440 912 4470 annum
933 4434 1023 4471 658.
1758 4435 1841 4462 nun
1870 4434 2060 4475 Scilicet
2081 4433 2239 4484 Ripon.

504 4481 609 4506 ‘’m''
642 4482 684 4520 S.
704 4482 933 4530 Egbertus
953 4483 1027 4525 die
1048 4486 1099 4524 24
1121 4487 1283 4534 aprilis
1304 4487 1487 4527 colitur.
1514 4488 1628 4529 Vide
1649 4486 1704 4527 ad
1729 4488 1848 4529 hanc
1870 4485 1993 4529 diem
2014 4484 2403 4538 Martsrologium
2423 4488 2586 4528 illustr.
