2993 4837
37 339 170 405 lov.
219 342 296 404 24
662 362 736 406 na
785 362 839 406 s.
892 361 1132 407 somne
1180 365 1217 406 A
1268 360 1464 408 cauca
1515 360 1807 407 confess.
2298 350 2424 413 659

37 445 335 512 arobatum
382 445 715 513 Ecclesiae
762 446 1137 516 catholicae
1189 446 1377 515 dedit
1423 469 1503 517 ea
1555 468 1713 537 pars
1779 446 2153 536 Hispaniae
2194 452 2513 517 Tarraco-

38 534 239 609 προεὶς,
290 533 402 602 cui
452 534 1023 604 Castellaeveteris
1070 536 1104 569 ⁴
1155 557 1400 604 nomen
1452 548 1575 615 est,
1635 557 1893 622 nosque
1946 535 2143 606 illum
2200 535 2326 603 hac
2375 535 2508 618 die,

44 643 70 688 ι]
103 622 407 690 honorem
458 626 526 689 B.
565 624 852 692 Joannis
891 625 1179 713 apostoli
1218 636 1281 693 et
1321 623 1779 714 evangelistae
1820 629 1946 693 Deo
1982 626 2201 702 sacra,
2241 637 2509 694 sancto·

38 731 139 775 *uin
187 708 653 780 confessorum
692 733 825 780 non
865 713 1265 800 pontificum
1299 715 1548 782 canoni
1598 712 1889 781 solemni
1943 717 2008 781 S.
2059 717 2135 781 R.
2178 716 2247 792 E.
2287 735 2514 783 caere-

40 797 212 866 monia
256 798 708 869 adnumerare
756 800 1210 869 decrevimus,

84 981 113 1061 ξ
158 982 223 1046 Ι.
274 980 337 1045 Is
384 990 484 1048 est
532 983 598 1045 B.
642 983 944 1049 ‚Ioannes
975 1001 1013 1047 a
1049 985 1257 1048 Cruce
1306 979 1583 1048 Ordinis
1625 983 1937 1048 Fratrum
1977 984 2047 1046 B.
2089 979 2337 1047 Mariae
2369 979 2513 1047 Vir-

37 1063 164 1149 ginis
196 1089 231 1133 a
270 1070 488 1135 Monte
522 1065 850 1147 CarmelO,
888 1067 1005 1154 qui
1040 1067 1413 1136 Excalceati
1449 1067 1911 1157 appellantur,
1956 1067 2221 1155 primus
2260 1066 2509 1155 profes·

37 1173 107 1218 sor
146 1166 202 1221 et
247 1175 516 1243 parens,
553 1155 670 1242 qui
705 1176 887 1223 anno
936 1156 1182 1225 Christi
1236 1157 1500 1225 Domini
1554 1159 1765 1226 unxtssu
1814 1177 1891 1223 ex
1946 1155 2356 1245 perhonesti}
2399 1160 2512 1223 Le-

40 1241 170 1309 ›esia
202 1241 466 1326 familia
516 1258 705 1312 ortus
753 1258 854 1313 est
892 1244 959 1311 in
994 1244 1247 1333 oppido
1295 1244 1478 1331 quod
1530 1244 1785 1313 dicitur
1833 1248 2007 1313 Fons
2057 1243 2306 1312 Tiberii
2339 1243 2407 1276 *⁸²
2447 1244 2512 1312 in

38 1324 371 1420 episco'patu
420 1332 766 1402 Abulensi.
808 1337 853 1400 A
905 1333 1147 1421 primis
1187 1333 1390 1402 annis
1439 1334 1752 1422 egregiae
1803 1332 2016 1401 animi
2059 1333 2250 1402 dotes
2304 1332 2371 1400 in
2407 1353 2510 1411 ec,

38 1417 107 1500 uie
133 1419 624 1508 christianeque
653 1421 965 1500 educam,
1026 1421 1399 1509 plurimum
1433 1422 1907 1499 emicuerunt;
1962 1443 2309 1508 quamque
2339 1421 2516 1489 dile·

38 1517 141 1574 §tus
183 1520 240 1577 et
277 1530 478 1578 carus
517 1521 695 1578 esset
750 1510 1068 1598 Deiparae
1111 1511 1394 1600 Virgini,
1453 1510 1523 1577 in
1586 1510 1788 1598 cujus
1840 1511 2297 1598 patrocinium
2350 1531 2515 1578 con-

38 1591 263 1682 ligeret,
311 1597 468 1666 inde
522 1598 762 1687 patuit,
815 1598 997 1685 quod
1048 1620 1296 1684 aquam
1347 1621 1382 1667 e
1450 1609 1651 1688 puteo
1711 1597 2121 1679 hausturus,
2193 1600 2256 1665 in
2317 1597 2510 1667 illum

38 1684 361 1774 nolapsus,
409 1691 737 1755 Pati-onae
777 1708 985 1755 manu
1034 1686 1349 1758 sublatus
1385 1686 1759 1756 incolumis
1795 1687 2069 1775 prodiit.
2109 1686 2516 1757 Adolescens

37 1771 262 1842 nimiae
294 1776 564 1864 pietatis
594 1776 801 1845 ducto
833 1776 1446 1864 Metymnaecampi
1472 1775 1575 1810 *⁴²*
1621 1774 2027 1864 hospitalem
2077 1773 2361 1845 domum
2416 1778 2510 1844 in-

37 1881 273 1945 gressuS,
324 1864 826 1954 aegrotantium
864 1878 929 1933 et
981 1886 1360 1953 pauperum
1395 1863 1757 1932 famulatui
1796 1885 1866 1932 se
1897 1863 2179 1944 addixit,
2219 1865 2515 1933 maxima

37 1946 300 2020 :haritate
347 1953 470 2022 diu
528 1966 869 2039 noctuque
930 1952 1420 2041 languentibus
1468 1952 1783 2024 assidens
1817 2007 1831 2032 ,
1891 1975 2010 2021 nec
2065 1953 2264 2020 modo
2314 1953 2514 2040 spiri-

37 2037 216 2112 tualia.
252 2042 359 2110 sed
418 2064 505 2111 ne
549 2041 881 2110 vilissima
928 2041 1205 2127 quidem
1258 2041 1482 2110 officia
1526 2042 1590 2109 in
1647 2042 1731 2109 iis
1770 2040 2100 2129 juvandis
2153 2043 2343 2110 obire
2395 2041 2514 2109 de-

37 2135 310 2208 trectans3
365 2130 555 2199 unde
604 2129 855 2198 sactum
899 2145 971 2198 ut
1004 2131 1205 2199 ceteri
1242 2131 1305 2197 in
1356 2133 1770 2208 nosocomio,
1819 2130 2197 2199 christiana
2228 2130 2517 2197 ,ioannis

37 2226 153 2281 acta
169 2215 488 2297 demirati,
520 2232 950 2306 aegrotorum
989 2220 1396 2306 corporibus
1431 2219 1821 2304 animisque
1852 2217 2182 2287 curandis
2204 2218 2512 2286 certatim

39 2299 158 2399 ejus
192 2308 480 2396 exemplo
526 2307 818 2376 alacrem
872 2319 936 2375 et
980 2307 1341 2378 sollicitam
1392 2329 1669 2396 operam
1712 2306 1973 2375 darent.
2017 2305 2363 2392 Quidquid
2416 2307 2516 2376 in-

38 2399 185 2459 terim
229 2407 350 2465 tam
403 2397 524 2498 pio
576 2396 954 2465 ministerio
1003 2410 1375 2486 supererat,
1444 2396 1835 2486 praeclarus
1879 2395 2156 2486 Juvenis
2211 2394 2515 2465 assiduis

37 2482 318 2576 precibus,
358 2485 643 2576 vigiliis,
694 2485 1017 2573 lacrymis
1077 2500 1141 2554 et
1188 2485 1575 2555 dominicae
1634 2486 1937 2554 Passioni
2001 2485 2515 2574 religiosissimo

38 2588 215 2664 animo
248 2573 672 2653 recolendae,
715 2574 1174 2662 impendebat.
1213 2579 1397 2655 Quae
1445 2573 1720 2644 tandem
1765 2574 1890 2663 ipsi
1935 2574 2018 2643 ad
2072 2573 2361 2642 fratrum
2384 2578 2513 2641 Or·

37 2653 174 2749 ditiis
218 2666 279 2729 B.
324 2664 575 2732 Mariae
620 2663 913 2747 Virginis
970 2684 1009 2730 a
1068 2669 1285 2731 Monte
1340 2663 1646 2732 Carmelo
1697 2663 2084 2732 institutum
2130 2661 2510 2731 ineundum

37 2749 553 2821 iucundissimam
617 2750 790 2819 viam
843 2767 1284 2839 aperuerunt.
1342 2756 1478 2821 Hoc
1529 2752 1620 2821 ita
1675 2751 2034 2840 amplexus
2082 2764 2182 2819 est
2237 2764 2313 2819 ut
2369 2762 2514 2818 vota

38 2834 229 2905 emissa
261 2842 556 2928 purioris
590 2839 997 2928 disciplinae
1023 2840 1251 2908 studio
1279 2852 1592 2909 accurate
1620 2840 2029 2919 observaret,
2063 2839 2146 2909 ad
2186 2838 2513 2928 primitivi

37 2922 255 2995 Ordinis
305 2952 613 2998 normam
667 2950 739 2996 se
785 2928 1068 2997 omnino
1120 2927 1583 3008 conformans,
1637 2950 1756 2997 nec
1810 2929 1939 2997 nisi
1981 2951 2141 2997 cum
2180 2927 2421 2995 timore
2453 2943 2517 2994 et

38 3022 270 3103 tremore
314 3040 391 3086 ac
432 3020 641 3105 jussu
695 3017 1074 3105 majorum,
1130 3018 1216 3085 ob
1266 3039 1608 3086 summam
1667 3017 1759 3084 rei
1828 3017 2100 3085 divinae
2167 3030 2513 3105 praestan-

37 3108 178 3182 tiam,
219 3105 296 3172 ad
334 3106 880 3175 sacratissimum
940 3106 1445 3194 presbyteratus
1488 3104 1780 3195 gradum
1833 3118 2127 3177 evectus.

62 3190 120 3281 ,ξ
165 3196 243 3260 ².
287 3199 509 3276 Quum
568 3216 720 3262 vero
775 3194 884 3261 Dei
938 3196 1123 3283 virgo
1162 3195 1451 3272 Teresia,
1498 3216 1671 3279 qnae
1724 3208 1977 3282 postea,
2033 3192 2318 3265 excelsis
2366 3193 2516 3279 ejus

38 3280 347 3351 virtutibus
398 3284 754 3373 signisque
804 3283 1313 3371 flagitantibus,
1367 3306 1481 3372 per
1533 3282 2164 3359 lelicis,1nemoriae
2212 3293 2516 3350 anteces-

37 3384 205 3434 sorem
272 3387 580 3461 nostrum
647 3373 1043 3460 Gregorium
1117 3378 1359 3461 Papam
1436 3377 1537 3441 XV
1608 3372 1669 3439 in
1724 3384 2114 3441 sanctarum
2170 3370 2512 3458 virginum

38 3471 310 3548 fanonem
380 3460 586 3528 relata
638 3476 772 3539 est,
830 3462 1001 3529 inter
1051 3466 1323 3530 Sorores
1376 3461 1520 3549 jam
1593 3460 1756 3528 dicti
1806 3459 2079 3531 Ordinis
2151 3465 2214 3526 B.
2275 3459 2517 3527 Mariae

37 3539 281 3630 Virginis
313 3571 354 3616 a
404 3555 625 3618 Monte
675 3550 979 3619 Carmelo
1041 3550 1365 3637 primaevi
1411 3549 1696 3620 instituti
1754 3548 2059 3638 regulam
2113 3547 2290 3616 felici
2333 3548 2518 3617 exitu

38 3632 410 3717 ”estituissess
456 3638 775 3723 idemque
813 3660 933 3727 pro
984 3637 1331 3709 Fratribus
1372 3638 1680 3726 ejusdem
1724 3636 2020 3705 familiae
2054 3637 2285 3704 animo
2325 3634 2517 3704 volu—

38 3731 180 3811 '‘lle‘’
226 3726 334 3793 Dei
374 3725 667 3794 ancillae
702 3728 933 3794 manni
971 3727 1197 3814 operis
1227 3749 1455 3794 comes
1484 3727 1780 3795 joannes
1820 3748 1860 3794 a
1893 3731 2126 3807 cruce,
2159 3725 2519 3793 strictioris

40 3799 385 3897 lisciplinae
439 3781 936 3903 promovendae
985 3814 1227 3883 ardore
1278 3816 1707 3883 vehementer
1739 3835 2095 3893 accensuS‚
2140 3812 2336 3901 plane
2371 3835 2518 3881 coe-

48 3905 154 3963 nus
200 3900 395 3971 datus
453 3917 574 3971 est.
632 3910 851 3985 Quare
897 3917 1117 3972 tantae
1170 3905 1258 3972 rei
1325 3904 1591 3992 negotio
1645 3904 1819 3972 inter
1868 3925 2129 3972 sacram
2186 3902 2514 3990 virginem

2001 3990 2138 4023 *ssz*

38 3994 71 4044 ³1
102 3987 199 4053 Dei
236 3988 571 4060 famulum
612 3993 886 4081 agitate,
928 3993 1106 4061 Ordo
1141 3992 1425 4062 fratrum
1462 3991 1981 4062 carmelitarum
2164 3991 2518 4059 communi

68 4193 89 4255 ἦ
108 4197 252 4242 ltalice
280 4205 453 4244 Vct-chia
482 4205 689 4255 casualia
702 4221 717 4253 ,·
747 4205 866 4255 hisp.
896 4205 1316 4255 Caecum-za-Vieja,
1335 4208 1473 4256 cujus
1494 4208 1635 4247 urbes
1657 4205 1944 4247 illustriores
1965 4207 2080 4246 sunt.
2102 4207 2296 4254 Burgos,
2315 4202 2523 4249 Segovia,

37 4246 144 4294 mla,
169 4254 373 4297 valencia
395 4260 443 4297 et
463 4259 735 4298 Santander.
1004 4256 1085 4295 *⁹-

70 4299 111 4327 ¹¹*
138 4306 310 4350 Scilicet
337 4310 603 4351 onttveros.

37 4412 53 4439 ⁸
71 4355 148 4448 Εἰ
161 4359 333 4404 Scilicet
360 4366 530 4404 Medium
560 4366 627 4405 del
654 4365 826 4416 campo.
853 4366 1137 4417 vigesimum
1170 4368 1371 4416 primum
1400 4376 1574 4405 annum
1595 4364 1762 4406 aetatis
1801 4375 1914 4407 suae
1940 4366 2104 4415 agebat
2123 4368 2234 4405 tune
2258 4364 2298 4404 S.
2317 4362 2520 4400 ,Ioannes

91 4432 99 4442 ι
152 4422 211 4452 ce.

73 4458 161 4487 “⁸⁸¹
190 4467 323 4516 Cujus
343 4469 543 4521 Ordinis,
568 4473 634 4511 ita
660 4472 923 4515 instaurati,
946 4471 1043 4522 ipse
1066 4472 1109 4512 S.
1129 4471 1333 4510 Joannes
1355 4469 1485 4509 Prior
1509 4470 1598 4509 snit
1620 4470 1809 4510 clectus.
