2993 4837
30 303 197 368 NOV.
262 304 351 369 43
702 323 778 368 nr,
826 319 917 369 ss.
972 323 1087 369 mi.
1140 322 1439 380 amomo,
1494 323 1747 382 zelum,
1801 321 1938 370 mc.
2381 305 2511 368 457

32 406 592 488 inservientium,
633 428 906 476 cernere
958 407 1233 477 licebat.
1268 408 1444 489 Quin
1487 409 1692 477 etiam
1743 406 1860 475 alii
1909 428 1990 476 ex
2037 405 2317 496 specula
2350 417 2414 475 et
2456 405 2602 475 loco

25 493 218 570 edito,
257 509 631 582 tamquam
660 517 904 585 operae
938 496 1232 585 pretium
1267 496 1539 577 facturi,
1578 518 1662 564 ne
1693 496 2025 566 cadavera
2057 497 2594 584 surriperentur,

28 584 259 652 sedulo
310 585 807 654 observabant.
859 589 1095 671 Itaque
1141 597 1442 674 agrestes
1492 585 1770 665 bestiae,
1817 607 2024 654 canes
2070 597 2134 653 et
2181 605 2338 653 aves
2371 584 2600 652 carni-

25 693 212 742 vorae
268 674 601 742 membra
634 674 1148 762 discerpserunt
1182 674 1523 755 humana,
1585 697 1802 761 eaque
1851 674 1986 743 huc
2039 672 2202 742 illuc
2251 673 2598 760 disperse-

21 776 224 838 runt;
294 775 367 830 et
439 774 578 831 tota
644 763 883 831 civitas
943 761 1252 848 undique
1313 763 1691 832 visceribus
1754 763 2164 849 ossibusque
2231 761 2592 830 hominum

21 861 369 920 constrata
423 850 562 920 fuit
608 851 801 931 ade0,
845 864 921 919 ut
976 850 1112 920 illis
1148 850 1340 940 ipsis,
1380 851 1502 938 qui
1542 865 1698 921 ante
1736 851 2029 922 fuissent
2068 850 2311 921 infesto
2359 850 2595 919 animo

21 939 83 1005 in
120 961 247 1008 nos
286 939 556 1021 affecti,
597 939 766 1008 nihil
806 961 1111 1026 unquam
1145 939 1501 1010 crudelius
1533 995 1548 1021 ,
1611 940 1781 1009 nihil
1824 939 2156 1030 adspectu
2190 938 2595 1009 horribilius

25 1026 415 1098 videretur:
481 1050 702 1116 neque
754 1042 887 1098 tam
938 1050 1174 1096 eorum
1226 1028 1712 1109 calamitatem,
1757 1030 1823 1098 in
1869 1050 2044 1115 quos
2093 1029 2258 1097 haec
2291 1027 2597 1096 admissa

23 1133 230 1198 erant,
266 1139 497 1204 quam
534 1139 692 1186 cum
737 1139 931 1188 suam
971 1118 1305 1206 ipsorum,
1349 1129 1491 1186 tum
1544 1118 1937 1187 communis
1975 1117 2277 1206 parentis
2312 1129 2598 1185 naturae

25 1204 493 1293 ignominiam
523 1205 996 1362 ἀῗιοτθῢᾶηῑ.
1030 1205 1512 1294 Spectaculum
1536 1207 1719 1275 enim
1751 1207 2217 1276 humanarum
2241 1206 2585 1284 carnium,

29 1314 152 1362 non
196 1316 345 1364 uno
384 1294 546 1364 loco
634 1307 1090 1374 evoratarum,
1134 1295 1251 1363 sed
1296 1294 1552 1381 ubique
1605 1295 1849 1363 misere
1898 1295 2341 1384 disjectarum
2381 1294 2594 1450 quOd

29 1404 292 1451 omnem
346 1383 641 1452 dicendi
676 1382 1091 1462 facultatem,
1137 1404 1553 1470 omnemque
1593 1383 2006 1472 Tragoediae
2042 1383 2339 1471 speciem
2418 1405 2597 1470 onge

30 1472 342 1560 superat)
396 1494 619 1561 prope
674 1472 967 1541 civitatis
1034 1484 1263 1561 portas
1310 1471 1648 1559 cujusque
1700 1472 1923 1541 oculis
1986 1472 2378 1559 subjectum
2440 1471 2590 1541 suit.

28 1559 347 1630 Nonnulli
400 1557 639 1630 autern
689 1562 999 1631 membra
1033 1615 1048 1639 ‚
1110 1559 1444 1629 cadavera
1483 1559 1794 1650 integra,
1851 1574 1917 1630 et
1976 1561 2316 1631 viscerum
2368 1573 2595 1650 partes

30 1648 220 1718 etiam
266 1649 464 1718 intra
497 1662 729 1740 portas
777 1672 848 1719 se
884 1649 1134 1721 vidisse
1173 1648 1517 1718 dixerunt.

109 1740 145 1824 ξ
191 1744 289 1809 8.
350 1744 538 1807 Dum
593 1759 711 1826 per
760 1738 997 1807 multis
1045 1737 1292 1807 diebus
1341 1737 1472 1806 ista
1531 1737 1992 1826 gerebantur,
2056 1737 2189 1807 tale
2244 1737 2594 1824 quoddam

34 1825 453 1896 miraculum
506 1825 781 1896 accidit.
822 1831 989 1896 Cum
1023 1826 1208 1895 clara
1242 1839 1419 1896 esset
1450 1826 1803 1906 serenitaS‚
1842 1838 1906 1896 et
1940 1829 2056 1895 aer
2093 1826 2327 1915 pulcre
2362 1827 2597 1915 splen-

34 1911 348 1996 desceret,
417 1915 770 2002 totiusque
811 1915 984 1984 coeli
1027 1915 1261 1984 omnia
1306 1935 1432 1985 suo
1487 1914 1853 2003 complexu
1901 1916 2270 1984 ambientis
2320 1937 2596 1984 summa

34 2017 270 2074 extaret
306 2003 818 2090 tranquillitaS‚
858 2004 943 2073 de
973 2016 1245 2092 repente
1285 2003 1651 2072 columnae
1689 2004 2007 2083 civitatiS,
2054 2026 2230 2090 quae
2280 2003 2597 2093 publicas

38 2102 94 2157 et
142 2113 564 2163 communes
621 2092 925 2181 porticus
973 2092 1489 2174 sustentabant,
1550 2090 1803 2162 multas
1865 2092 2072 2161 veluti
2126 2091 2592 2181 lacrymarum

38 2192 246 2267 guttas
303 2180 834 2268 quodammodo
891 2204 969 2249 ex
1027 2202 1098 2250 se
1208 2180 1634 2250 rofuderunt.
1696 2186 1942 2250 Forum
2006 2182 2165 2250 item
2216 2194 2282 2249 et
2333 2180 2594 2270 plateae

48 2267 213 2338 nulla
257 2271 550 2360 pluviae
582 2282 770 2358 gutta
820 2292 899 2340 ex
938 2271 1093 2339 aere
1174 2269 1513 2348 ccidente,
1556 2270 1785 2340 nescio
1825 2269 2035 2349 unde,
2089 2291 2309 2356 quove
2361 2269 2589 2349 modo,

44 2375 199 2442 aqua
246 2359 632 2450 adspersae
682 2359 1140 2429 maduerunt:
1196 2358 1294 2429 sic
1342 2371 1418 2428 ut
1459 2358 1644 2429 illico
1695 2380 1932 2429 rumor
1972 2380 2093 2449 per
2121 2359 2432 2428 omnium
2476 2381 2598 2429 ora

46 2445 359 2529 volitaret,
399 2461 686 2528 terram,
718 2461 952 2537 utpote
986 2470 1215 2518 rerum
1262 2447 1326 2516 id
1369 2448 1700 2538 temporis
1735 2461 2081 2538 gestarum
2120 2447 2347 2519 scelus
2379 2461 2444 2517 et
2470 2449 2595 2517 im-

44 2534 341 2620 pietatem
378 2559 523 2605 non
560 2536 911 2616 serentem,
945 2536 1410 2626 inexplicabili
1455 2537 1755 2624 quadam
1801 2539 2085 2617 ratione,
2127 2537 2592 2627 lacrymarum

46 2621 164 2720 vim
195 2646 273 2695 ex
304 2647 384 2695 se
420 2624 740 2707 fundere,
778 2638 843 2695 et
876 2625 1142 2714 lapides
1191 2637 1648 2712 naturamque
1680 2626 2061 2695 inanimam
2104 2626 2359 2696 nefaria
2390 2648 2470 2695 ea
2501 2626 2595 2695 fa·

50 2732 259 2782 canora
310 2715 601 2794 deflere,
653 2735 790 2801 quo
840 2713 1201 2783 hominum
1254 2726 1574 2783 naturam
1626 2729 1761 2784 tam
1813 2716 2129 2797 ferream,
2185 2729 2319 2785 tam
2365 2716 2596 2784 immi-

51 2808 186 2881 tem,
224 2815 516 2890 tamque
548 2802 636 2871 ab
669 2804 861 2871 omni
894 2803 1249 2872 affectione
1296 2824 1579 2871 vacuam
1611 2857 1625 2884 ,
1661 2804 1851 2893 justa
1902 2805 2432 2894 reprehensione
2480 2827 2596 2874 co-

52 2905 368 2977 argueret.
412 2897 668 2961 Verum
711 2913 936 2981 nugae
983 2903 1047 2960 et
1094 2889 1412 2972 fabulae,
1479 2914 1691 2982 prope
1734 2892 2050 2973 dixerim,
2099 2894 2264 2962 haec
2311 2893 2592 2981 quidem

54 2980 241 3047 oratio
284 2980 676 3067 posteritati
709 2980 991 3050 sortasse
1040 2979 1428 3050 videbitur:
1487 3002 1621 3049 non
1674 2994 1898 3049 tamen
1945 2982 2096 3061 his,
2149 2981 2267 3068 qui
2317 3005 2396 3051 eo
2446 2983 2596 3072 ipso

57 3075 332 3155 tempore
368 3080 794 3159 praesentes,
832 3069 916 3138 de
964 3068 1059 3137 rei
1102 3068 1379 3138 veritate
1418 3070 1586 3141 satis
1629 3069 1940 3159 persuasi
1975 3068 2276 3139 suerunt.
