<?xml version="1.0" encoding="UTF-8"?>
<!DOCTYPE html PUBLIC "-//W3C//DTD XHTML 1.0 Transitional//EN"
    "http://www.w3.org/TR/xhtml1/DTD/xhtml1-transitional.dtd">
<html xmlns="http://www.w3.org/1999/xhtml" xml:lang="en" lang="en">
 <head>
  <title>
</title>
<meta http-equiv="Content-Type" content="text/html;charset=utf-8" />
  <meta name='ocr-system' content='tesseract 3.04.00' />
  <meta name='ocr-capabilities' content='ocr_page ocr_carea ocr_par ocr_line ocrx_word'/>
</head>
<body>
  <div class='ocr_page' id='page_1' title='image "./historiaeseuvit05lippgoog_0196.png"; bbox 0 0 2993 4837; ppageno 0'>
   <div class='ocr_carea' id='block_1_1' title="bbox 538 341 2899 407">
    <p class='ocr_par' dir='ltr' id='par_1_1' title="bbox 538 341 2899 407">
     <span class='ocr_line' id='line_1_1' title="bbox 538 341 2899 407; baseline 0 -1"><span class='ocrx_word' id='word_1_1' title='bbox 538 343 663 406; x_wconf 61' lang='lat'>2168</span> <span class='ocrx_word' id='word_1_2' title='bbox 1294 359 1371 404; x_wconf 69' lang='lat' dir='ltr'>nr:</span> <span class='ocrx_word' id='word_1_3' title='bbox 1420 360 1474 404; x_wconf 79' lang='lat' dir='ltr'>s,</span> <span class='ocrx_word' id='word_1_4' title='bbox 1532 355 1770 403; x_wconf 64' lang='lat' dir='ltr'>cAaoio</span> <span class='ocrx_word' id='word_1_5' title='bbox 1820 357 2151 405; x_wconf 71' lang='lat' dir='ltr'>nonaouno</span> <span class='ocrx_word' id='word_1_6' title='bbox 2691 341 2836 407; x_wconf 77' lang='lat' dir='ltr'><strong>NOV.</strong></span> <span class='ocrx_word' id='word_1_7' title='bbox 2877 343 2899 406; x_wconf 71' lang='lat' dir='ltr'>t</span> 
     </span>
    </p>
   </div>
   <div class='ocr_carea' id='block_1_2' title="bbox 432 442 2934 4530">
    <p class='ocr_par' dir='ltr' id='par_1_2' title="bbox 446 442 2901 632">
     <span class='ocr_line' id='line_1_2' title="bbox 446 442 2901 533; baseline -0.001 -19"><span class='ocrx_word' id='word_1_8' title='bbox 446 442 819 514; x_wconf 90' lang='lat' dir='ltr'>multitudo</span> <span class='ocrx_word' id='word_1_9' title='bbox 856 455 1001 512; x_wconf 89' lang='lat' dir='ltr'>erat</span> <span class='ocrx_word' id='word_1_10' title='bbox 1050 442 1117 511; x_wconf 90' lang='lat' dir='ltr'>in</span> <span class='ocrx_word' id='word_1_11' title='bbox 1176 443 1488 512; x_wconf 89' lang='lat' dir='ltr'>Comensi</span> <span class='ocrx_word' id='word_1_12' title='bbox 1547 455 1783 533; x_wconf 87' lang='lat' dir='ltr'>porta,</span> <span class='ocrx_word' id='word_1_13' title='bbox 1841 464 1977 529; x_wconf 91' lang='lat' dir='ltr'>qua</span> <span class='ocrx_word' id='word_1_14' title='bbox 2026 464 2193 512; x_wconf 87' lang='lat' dir='ltr'>cura</span> <span class='ocrx_word' id='word_1_15' title='bbox 2241 442 2431 513; x_wconf 90' lang='lat' dir='ltr'>illius</span> <span class='ocrx_word' id='word_1_16' title='bbox 2487 444 2901 523; x_wconf 77' lang='lat' dir='ltr'>continebatur,</span> 
     </span>
     <span class='ocr_line' id='line_1_3' title="bbox 448 530 2742 632; baseline -0.001 -30"><span class='ocrx_word' id='word_1_17' title='bbox 448 546 673 624; x_wconf 90' lang='lat' dir='ltr'>partes</span> <span class='ocrx_word' id='word_1_18' title='bbox 722 554 883 601; x_wconf 90' lang='lat' dir='ltr'>suas</span> <span class='ocrx_word' id='word_1_19' title='bbox 915 531 1003 601; x_wconf 91' lang='lat' dir='ltr'>ab</span> <span class='ocrx_word' id='word_1_20' title='bbox 1053 530 1248 601; x_wconf 85' lang='lat' dir='ltr'>initio</span> <span class='ocrx_word' id='word_1_21' title='bbox 1281 553 1502 618; x_wconf 89' lang='lat' dir='ltr'>usque</span> <span class='ocrx_word' id='word_1_22' title='bbox 1544 531 1970 600; x_wconf 78' lang='lat' dir='ltr'><strong>misericordi</strong></span> <span class='ocrx_word' id='word_1_23' title='bbox 2010 531 2302 619; x_wconf 88' lang='lat' dir='ltr'>fortique</span> <span class='ocrx_word' id='word_1_24' title='bbox 2338 532 2569 602; x_wconf 89' lang='lat' dir='ltr'>animo</span> <span class='ocrx_word' id='word_1_25' title='bbox 2605 533 2742 632; x_wconf 81' lang='lat' dir='ltr'>egit.</span> 
     </span>
    </p>

    <p class='ocr_par' dir='ltr' id='par_1_3' title="bbox 432 620 2934 4442">
     <span class='ocr_line' id='line_1_4' title="bbox 535 620 2910 709; baseline -0.002 -16"><span class='ocrx_word' id='word_1_26' title='bbox 535 629 572 703; x_wconf 67' lang='grc' dir='ltr'><strong>ἓ</strong></span> <span class='ocrx_word' id='word_1_27' title='bbox 622 624 787 693; x_wconf 76' lang='grc'>40.</span> <span class='ocrx_word' id='word_1_28' title='bbox 844 625 1022 690; x_wconf 91' lang='lat' dir='ltr'>Haec</span> <span class='ocrx_word' id='word_1_29' title='bbox 1058 620 1150 690; x_wconf 88' lang='lat' dir='ltr'>ita</span> <span class='ocrx_word' id='word_1_30' title='bbox 1198 643 1357 689; x_wconf 89' lang='lat' dir='ltr'>cum</span> <span class='ocrx_word' id='word_1_31' title='bbox 1395 632 1646 699; x_wconf 77' lang='lat' dir='ltr'>essent,</span> <span class='ocrx_word' id='word_1_32' title='bbox 1685 642 2043 689; x_wconf 89' lang='lat' dir='ltr'>summum</span> <span class='ocrx_word' id='word_1_33' title='bbox 2096 621 2490 690; x_wconf 87' lang='lat' dir='ltr'>Pontificem</span> <span class='ocrx_word' id='word_1_34' title='bbox 2538 622 2657 690; x_wconf 81' lang='lat' dir='ltr'>sibi</span> <span class='ocrx_word' id='word_1_35' title='bbox 2705 620 2761 689; x_wconf 89' lang='lat' dir='ltr'>in</span> <span class='ocrx_word' id='word_1_36' title='bbox 2810 620 2910 709; x_wconf 89' lang='lat' dir='ltr'>pri·</span> 
     </span>
     <span class='ocr_line' id='line_1_5' title="bbox 446 708 2909 794; baseline -0.001 -15"><span class='ocrx_word' id='word_1_37' title='bbox 446 711 580 779; x_wconf 87' lang='lat' dir='ltr'>mis</span> <span class='ocrx_word' id='word_1_38' title='bbox 612 709 1114 779; x_wconf 88' lang='lat' dir='ltr'>consulendum</span> <span class='ocrx_word' id='word_1_39' title='bbox 1151 708 1431 778; x_wconf 79' lang='lat' dir='ltr'>Carolus</span> <span class='ocrx_word' id='word_1_40' title='bbox 1466 710 1724 789; x_wconf 80' lang='lat' dir='ltr'>statuit3</span> <span class='ocrx_word' id='word_1_41' title='bbox 1774 730 1992 794; x_wconf 88' lang='lat' dir='ltr'>neque</span> <span class='ocrx_word' id='word_1_42' title='bbox 2038 710 2220 777; x_wconf 88' lang='lat' dir='ltr'>enirn</span> <span class='ocrx_word' id='word_1_43' title='bbox 2260 710 2489 778; x_wconf 88' lang='lat' dir='ltr'>adhuc</span> <span class='ocrx_word' id='word_1_44' title='bbox 2530 715 2756 780; x_wconf 86' lang='lat' dir='ltr'>Romae</span> <span class='ocrx_word' id='word_1_45' title='bbox 2785 708 2909 778; x_wconf 86' lang='lat' dir='ltr'>refu·</span> 
     </span>
     <span class='ocr_line' id='line_1_6' title="bbox 446 797 2910 889; baseline -0.001 -21"><span class='ocrx_word' id='word_1_46' title='bbox 446 799 767 868; x_wconf 88' lang='lat' dir='ltr'>tabantur</span> <span class='ocrx_word' id='word_1_47' title='bbox 818 799 1074 866; x_wconf 76' lang='lat' dir='ltr'>litterae</span> <span class='ocrx_word' id='word_1_48' title='bbox 1108 797 1666 866; x_wconf 71' lang='lat' dir='ltr'>Mediolanenses</span> <span class='ocrx_word' id='word_1_49' title='bbox 1705 797 1879 880; x_wconf 85' lang='lat' dir='ltr'>Quid</span> <span class='ocrx_word' id='word_1_50' title='bbox 1917 798 2000 865; x_wconf 90' lang='lat' dir='ltr'>de</span> <span class='ocrx_word' id='word_1_51' title='bbox 2039 798 2354 888; x_wconf 87' lang='lat' dir='ltr'>parochis</span> <span class='ocrx_word' id='word_1_52' title='bbox 2386 799 2713 889; x_wconf 86' lang='lat' dir='ltr'>agendum</span> <span class='ocrx_word' id='word_1_53' title='bbox 2757 810 2910 875; x_wconf 82' lang='lat' dir='ltr'>esset,</span> 
     </span>
     <span class='ocr_line' id='line_1_7' title="bbox 445 886 2912 978; baseline -0 -22"><span class='ocrx_word' id='word_1_54' title='bbox 445 910 565 978; x_wconf 90' lang='lat' dir='ltr'>per</span> <span class='ocrx_word' id='word_1_55' title='bbox 610 887 973 957; x_wconf 85' lang='lat' dir='ltr'>Caruiliam</span> <span class='ocrx_word' id='word_1_56' title='bbox 1026 886 1414 956; x_wconf 90' lang='lat' dir='ltr'>consuluit:</span> <span class='ocrx_word' id='word_1_57' title='bbox 1475 887 1783 976; x_wconf 88' lang='lat' dir='ltr'>quidque</span> <span class='ocrx_word' id='word_1_58' title='bbox 1838 887 1982 975; x_wconf 90' lang='lat' dir='ltr'>ipse</span> <span class='ocrx_word' id='word_1_59' title='bbox 2030 909 2108 955; x_wconf 83' lang='lat' dir='ltr'>ex</span> <span class='ocrx_word' id='word_1_60' title='bbox 2171 887 2442 976; x_wconf 88' lang='lat' dir='ltr'>piorum</span> <span class='ocrx_word' id='word_1_61' title='bbox 2492 887 2912 973; x_wconf 80' lang='lat' dir='ltr'>doctorumque</span> 
     </span>
     <span class='ocr_line' id='line_1_8' title="bbox 442 976 2914 1065; baseline -0.001 -20"><span class='ocrx_word' id='word_1_62' title='bbox 442 978 743 1045; x_wconf 82' lang='lat' dir='ltr'>virorum</span> <span class='ocrx_word' id='word_1_63' title='bbox 789 976 1116 1045; x_wconf 88' lang='lat' dir='ltr'>sententia</span> <span class='ocrx_word' id='word_1_64' title='bbox 1171 976 1610 1055; x_wconf 85' lang='lat' dir='ltr'>existimaret,</span> <span class='ocrx_word' id='word_1_65' title='bbox 1655 976 1989 1065; x_wconf 86' lang='lat' dir='ltr'>exposuit.</span> <span class='ocrx_word' id='word_1_66' title='bbox 2038 976 2430 1056; x_wconf 81' lang='lat' dir='ltr'>Postulavit,</span> <span class='ocrx_word' id='word_1_67' title='bbox 2470 992 2545 1046; x_wconf 89' lang='lat' dir='ltr'>ut</span> <span class='ocrx_word' id='word_1_68' title='bbox 2584 977 2914 1046; x_wconf 84' lang='lat' dir='ltr'>auctoritate</span> 
     </span>
     <span class='ocr_line' id='line_1_9' title="bbox 444 1064 2913 1155; baseline -0 -21"><span class='ocrx_word' id='word_1_69' title='bbox 444 1065 795 1135; x_wconf 85' lang='lat' dir='ltr'>Pontificia</span> <span class='ocrx_word' id='word_1_70' title='bbox 848 1077 1073 1155; x_wconf 88' lang='lat' dir='ltr'>posset</span> <span class='ocrx_word' id='word_1_71' title='bbox 1121 1064 1437 1133; x_wconf 85' lang='lat' dir='ltr'>homines</span> <span class='ocrx_word' id='word_1_72' title='bbox 1487 1064 1871 1153; x_wconf 78' lang='lat' dir='ltr'>regulareS‚</span> <span class='ocrx_word' id='word_1_73' title='bbox 1931 1086 2104 1151; x_wconf 89' lang='lat' dir='ltr'>quos</span> <span class='ocrx_word' id='word_1_74' title='bbox 2153 1064 2332 1134; x_wconf 91' lang='lat' dir='ltr'>mala</span> <span class='ocrx_word' id='word_1_75' title='bbox 2386 1079 2606 1134; x_wconf 88' lang='lat' dir='ltr'>mente</span> <span class='ocrx_word' id='word_1_76' title='bbox 2658 1065 2913 1133; x_wconf 78' lang='lat' dir='ltr'>claustris</span> 
     </span>
     <span class='ocr_line' id='line_1_10' title="bbox 446 1153 2914 1242; baseline -0.002 -18"><span class='ocrx_word' id='word_1_77' title='bbox 446 1155 591 1224; x_wconf 89' lang='lat' dir='ltr'>suis</span> <span class='ocrx_word' id='word_1_78' title='bbox 639 1154 720 1222; x_wconf 89' lang='lat' dir='ltr'>ad</span> <span class='ocrx_word' id='word_1_79' title='bbox 759 1154 888 1223; x_wconf 90' lang='lat' dir='ltr'>tale</span> <span class='ocrx_word' id='word_1_80' title='bbox 934 1153 1368 1240; x_wconf 84' lang='lat' dir='ltr'>obsequium,</span> <span class='ocrx_word' id='word_1_81' title='bbox 1427 1154 1950 1242; x_wconf 81' lang='lat' dir='ltr'>periculumque</span> <span class='ocrx_word' id='word_1_82' title='bbox 1979 1155 2160 1222; x_wconf 84' lang='lat' dir='ltr'>exire</span> <span class='ocrx_word' id='word_1_83' title='bbox 2202 1153 2393 1233; x_wconf 85' lang='lat' dir='ltr'>velle,</span> <span class='ocrx_word' id='word_1_84' title='bbox 2445 1154 2790 1223; x_wconf 88' lang='lat' dir='ltr'>verisimile</span> <span class='ocrx_word' id='word_1_85' title='bbox 2819 1174 2914 1220; x_wconf 87' lang='lat' dir='ltr'>non</span> 
     </span>
     <span class='ocr_line' id='line_1_11' title="bbox 445 1240 2918 1329; baseline -0.001 -18"><span class='ocrx_word' id='word_1_86' title='bbox 445 1255 621 1321; x_wconf 88' lang='lat' dir='ltr'>erat;</span> <span class='ocrx_word' id='word_1_87' title='bbox 684 1242 1079 1329; x_wconf 90' lang='lat' dir='ltr'>alienosque</span> <span class='ocrx_word' id='word_1_88' title='bbox 1135 1240 1444 1322; x_wconf 80' lang='lat' dir='ltr'>clericOS‚</span> <span class='ocrx_word' id='word_1_89' title='bbox 1498 1243 1699 1311; x_wconf 85' lang='lat' dir='ltr'>etiarn</span> <span class='ocrx_word' id='word_1_90' title='bbox 1755 1264 2037 1311; x_wconf 88' lang='lat' dir='ltr'>suorum</span> <span class='ocrx_word' id='word_1_91' title='bbox 2081 1243 2472 1313; x_wconf 83' lang='lat' dir='ltr'>Antistitum</span> <span class='ocrx_word' id='word_1_92' title='bbox 2518 1244 2793 1329; x_wconf 85' lang='lat' dir='ltr'>injussu,</span> <span class='ocrx_word' id='word_1_93' title='bbox 2837 1262 2918 1309; x_wconf 82' lang='lat' dir='ltr'>vo·</span> 
     </span>
     <span class='ocr_line' id='line_1_12' title="bbox 447 1330 2918 1419; baseline 0 -20"><span class='ocrx_word' id='word_1_94' title='bbox 447 1331 661 1401; x_wconf 90' lang='lat' dir='ltr'>lentes</span> <span class='ocrx_word' id='word_1_95' title='bbox 709 1345 958 1409; x_wconf 88' lang='lat' dir='ltr'>tamen,</span> <span class='ocrx_word' id='word_1_96' title='bbox 1013 1330 1096 1399; x_wconf 88' lang='lat' dir='ltr'>ad</span> <span class='ocrx_word' id='word_1_97' title='bbox 1149 1344 1580 1419; x_wconf 88' lang='lat' dir='ltr'>aegrotorum</span> <span class='ocrx_word' id='word_1_98' title='bbox 1634 1331 2089 1399; x_wconf 87' lang='lat' dir='ltr'>ministerium</span> <span class='ocrx_word' id='word_1_99' title='bbox 2142 1332 2536 1401; x_wconf 86' lang='lat' dir='ltr'>admittere:</span> <span class='ocrx_word' id='word_1_100' title='bbox 2601 1331 2773 1400; x_wconf 91' lang='lat' dir='ltr'>varia</span> <span class='ocrx_word' id='word_1_101' title='bbox 2810 1352 2918 1419; x_wconf 71' lang='lat' dir='ltr'>ape</span> 
     </span>
     <span class='ocr_line' id='line_1_13' title="bbox 446 1419 2912 1510; baseline -0.001 -22"><span class='ocrx_word' id='word_1_102' title='bbox 446 1421 725 1490; x_wconf 89' lang='lat' dir='ltr'>stolicae</span> <span class='ocrx_word' id='word_1_103' title='bbox 765 1419 1235 1504; x_wconf 68' lang='lat' dir='ltr'>indulgentiae</span> <span class='ocrx_word' id='word_1_104' title='bbox 1265 1441 1537 1508; x_wconf 88' lang='lat' dir='ltr'>genera,</span> <span class='ocrx_word' id='word_1_105' title='bbox 1573 1420 1775 1488; x_wconf 88' lang='lat' dir='ltr'>etiarn</span> <span class='ocrx_word' id='word_1_106' title='bbox 1813 1442 1988 1506; x_wconf 87' lang='lat' dir='ltr'>quae</span> <span class='ocrx_word' id='word_1_107' title='bbox 2010 1441 2280 1488; x_wconf 87' lang='lat' dir='ltr'>summa</span> <span class='ocrx_word' id='word_1_108' title='bbox 2330 1434 2514 1501; x_wconf 89' lang='lat' dir='ltr'>sunt,</span> <span class='ocrx_word' id='word_1_109' title='bbox 2551 1443 2667 1510; x_wconf 88' lang='lat' dir='ltr'>pro</span> <span class='ocrx_word' id='word_1_110' title='bbox 2694 1420 2912 1497; x_wconf 80' lang='lat' dir='ltr'>ratione,</span> 
     </span>
     <span class='ocr_line' id='line_1_14' title="bbox 443 1507 2916 1598; baseline -0.001 -20"><span class='ocrx_word' id='word_1_111' title='bbox 443 1509 784 1595; x_wconf 84' lang='lat' dir='ltr'>modoque</span> <span class='ocrx_word' id='word_1_112' title='bbox 816 1509 1149 1595; x_wconf 90' lang='lat' dir='ltr'>obsequii,</span> <span class='ocrx_word' id='word_1_113' title='bbox 1218 1509 1683 1589; x_wconf 82' lang='lat' dir='ltr'>ministeriive,</span> <span class='ocrx_word' id='word_1_114' title='bbox 1749 1509 1831 1577; x_wconf 87' lang='lat' dir='ltr'>iis</span> <span class='ocrx_word' id='word_1_115' title='bbox 1874 1529 2272 1598; x_wconf 84' lang='lat' dir='ltr'>proponere,</span> <span class='ocrx_word' id='word_1_116' title='bbox 2314 1531 2393 1578; x_wconf 90' lang='lat' dir='ltr'>ac</span> <span class='ocrx_word' id='word_1_117' title='bbox 2444 1510 2794 1596; x_wconf 86' lang='lat' dir='ltr'>impartiri,</span> <span class='ocrx_word' id='word_1_118' title='bbox 2832 1507 2916 1594; x_wconf 87' lang='lat' dir='ltr'>qui</span> 
     </span>
     <span class='ocr_line' id='line_1_15' title="bbox 446 1596 2934 1687; baseline -0.002 -20"><span class='ocrx_word' id='word_1_119' title='bbox 446 1619 806 1687; x_wconf 89' lang='lat' dir='ltr'>aegrorum</span> <span class='ocrx_word' id='word_1_120' title='bbox 838 1598 1200 1674; x_wconf 88' lang='lat' dir='ltr'>curationi,</span> <span class='ocrx_word' id='word_1_121' title='bbox 1240 1596 1582 1683; x_wconf 89' lang='lat' dir='ltr'>salutique</span> <span class='ocrx_word' id='word_1_122' title='bbox 1630 1597 1845 1666; x_wconf 88' lang='lat' dir='ltr'>animi</span> <span class='ocrx_word' id='word_1_123' title='bbox 1886 1609 1948 1666; x_wconf 90' lang='lat' dir='ltr'>et</span> <span class='ocrx_word' id='word_1_124' title='bbox 1983 1598 2290 1686; x_wconf 87' lang='lat' dir='ltr'>corporis</span> <span class='ocrx_word' id='word_1_125' title='bbox 2325 1599 2506 1667; x_wconf 87' lang='lat' dir='ltr'>varie</span> <span class='ocrx_word' id='word_1_126' title='bbox 2541 1598 2934 1667; x_wconf 64' lang='lat' dir='ltr'>inservirent:</span> 
     </span>
     <span class='ocr_line' id='line_1_16' title="bbox 445 1686 2920 1775; baseline 0.001 -22"><span class='ocrx_word' id='word_1_127' title='bbox 445 1687 710 1754; x_wconf 89' lang='lat' dir='ltr'>veniam</span> <span class='ocrx_word' id='word_1_128' title='bbox 760 1686 1261 1775; x_wconf 90' lang='lat' dir='ltr'>poenitentibus</span> <span class='ocrx_word' id='word_1_129' title='bbox 1293 1707 1897 1772; x_wconf 84' lang='lat' dir='ltr'>quorumcumque</span> <span class='ocrx_word' id='word_1_130' title='bbox 1942 1687 2315 1755; x_wconf 86' lang='lat' dir='ltr'>criminum</span> <span class='ocrx_word' id='word_1_131' title='bbox 2370 1686 2559 1768; x_wconf 89' lang='lat' dir='ltr'>dare,</span> <span class='ocrx_word' id='word_1_132' title='bbox 2603 1701 2668 1757; x_wconf 91' lang='lat' dir='ltr'>et</span> <span class='ocrx_word' id='word_1_133' title='bbox 2697 1686 2920 1774; x_wconf 76' lang='lat' dir='ltr'>quibus·</span> 
     </span>
     <span class='ocr_line' id='line_1_17' title="bbox 445 1770 2920 1862; baseline -0.001 -20"><span class='ocrx_word' id='word_1_134' title='bbox 445 1774 607 1843; x_wconf 91' lang='lat' dir='ltr'>libet</span> <span class='ocrx_word' id='word_1_135' title='bbox 644 1775 916 1843; x_wconf 89' lang='lat' dir='ltr'>animae</span> <span class='ocrx_word' id='word_1_136' title='bbox 953 1774 1244 1843; x_wconf 87' lang='lat' dir='ltr'>vinculis</span> <span class='ocrx_word' id='word_1_137' title='bbox 1276 1796 1506 1843; x_wconf 89' lang='lat' dir='ltr'>sacros</span> <span class='ocrx_word' id='word_1_138' title='bbox 1558 1774 1870 1842; x_wconf 89' lang='lat' dir='ltr'>homines</span> <span class='ocrx_word' id='word_1_139' title='bbox 1908 1774 2214 1846; x_wconf 80' lang='lat' dir='ltr'>liberare:</span> <span class='ocrx_word' id='word_1_140' title='bbox 2255 1797 2551 1862; x_wconf 91' lang='lat' dir='ltr'>quorum</span> <span class='ocrx_word' id='word_1_141' title='bbox 2607 1798 2830 1845; x_wconf 87' lang='lat' dir='ltr'>caussa</span> <span class='ocrx_word' id='word_1_142' title='bbox 2864 1770 2920 1841; x_wconf 84' lang='lat' dir='ltr'>ad</span> 
     </span>
     <span class='ocr_line' id='line_1_18' title="bbox 443 1862 2922 1953; baseline -0.001 -21"><span class='ocrx_word' id='word_1_143' title='bbox 443 1868 790 1932; x_wconf 76' lang='lat' dir='ltr'>Romanae</span> <span class='ocrx_word' id='word_1_144' title='bbox 839 1864 1030 1932; x_wconf 87' lang='lat' dir='ltr'>Sedis</span> <span class='ocrx_word' id='word_1_145' title='bbox 1079 1862 1546 1932; x_wconf 88' lang='lat' dir='ltr'>auctoritatem</span> <span class='ocrx_word' id='word_1_146' title='bbox 1592 1863 1959 1953; x_wconf 84' lang='lat' dir='ltr'>confugere</span> <span class='ocrx_word' id='word_1_147' title='bbox 2011 1886 2285 1934; x_wconf 84' lang='lat' dir='ltr'>neeesse</span> <span class='ocrx_word' id='word_1_148' title='bbox 2331 1880 2470 1933; x_wconf 89' lang='lat' dir='ltr'>est:</span> <span class='ocrx_word' id='word_1_149' title='bbox 2529 1866 2790 1935; x_wconf 88' lang='lat' dir='ltr'>coronis</span> <span class='ocrx_word' id='word_1_150' title='bbox 2837 1862 2922 1930; x_wconf 77' lang='lat' dir='ltr'>eal·</span> 
     </span>
     <span class='ocr_line' id='line_1_19' title="bbox 442 1952 2890 2043; baseline -0.001 -23"><span class='ocrx_word' id='word_1_151' title='bbox 442 1953 752 2039; x_wconf 88' lang='lat' dir='ltr'>culisque</span> <span class='ocrx_word' id='word_1_152' title='bbox 794 1953 1233 2032; x_wconf 89' lang='lat' dir='ltr'>benedicere,</span> <span class='ocrx_word' id='word_1_153' title='bbox 1285 1952 1542 2038; x_wconf 90' lang='lat' dir='ltr'>quibus</span> <span class='ocrx_word' id='word_1_154' title='bbox 1607 1967 1957 2041; x_wconf 86' lang='lat' dir='ltr'>precantes</span> <span class='ocrx_word' id='word_1_155' title='bbox 2021 1954 2204 2021; x_wconf 90' lang='lat' dir='ltr'>varia</span> <span class='ocrx_word' id='word_1_156' title='bbox 2284 1954 2751 2043; x_wconf 85' lang='lat' dir='ltr'>indulgentiae</span> <span class='ocrx_word' id='word_1_157' title='bbox 2792 1953 2890 2020; x_wconf 84' lang='lat' dir='ltr'>don</span> 
     </span>
     <span class='ocr_line' id='line_1_20' title="bbox 442 2040 2918 2131; baseline 0 -22"><span class='ocrx_word' id='word_1_158' title='bbox 442 2054 1065 2127; x_wconf 79' lang='lat' dir='ltr'>consequerentur3</span> <span class='ocrx_word' id='word_1_159' title='bbox 1127 2041 1475 2110; x_wconf 88' lang='lat' dir='ltr'>consuluit</span> <span class='ocrx_word' id='word_1_160' title='bbox 1527 2040 1730 2120; x_wconf 89' lang='lat' dir='ltr'>item,</span> <span class='ocrx_word' id='word_1_161' title='bbox 1796 2063 1881 2109; x_wconf 91' lang='lat' dir='ltr'>an</span> <span class='ocrx_word' id='word_1_162' title='bbox 1943 2041 2026 2110; x_wconf 89' lang='lat' dir='ltr'>ad</span> <span class='ocrx_word' id='word_1_163' title='bbox 2083 2064 2416 2131; x_wconf 87' lang='lat' dir='ltr'>pauperes</span> <span class='ocrx_word' id='word_1_164' title='bbox 2471 2042 2918 2117; x_wconf 83' lang='lat' dir='ltr'>sublevandos,</span> 
     </span>
     <span class='ocr_line' id='line_1_21' title="bbox 442 2129 2835 2219; baseline 0 -21"><span class='ocrx_word' id='word_1_165' title='bbox 442 2129 639 2198; x_wconf 89' lang='lat' dir='ltr'>honis</span> <span class='ocrx_word' id='word_1_166' title='bbox 681 2130 763 2197; x_wconf 92' lang='lat' dir='ltr'>ad</span> <span class='ocrx_word' id='word_1_167' title='bbox 802 2131 973 2199; x_wconf 89' lang='lat' dir='ltr'>alios</span> <span class='ocrx_word' id='word_1_168' title='bbox 1006 2131 1152 2219; x_wconf 86' lang='lat' dir='ltr'>pios</span> <span class='ocrx_word' id='word_1_169' title='bbox 1202 2152 1373 2198; x_wconf 90' lang='lat' dir='ltr'>usus</span> <span class='ocrx_word' id='word_1_170' title='bbox 1417 2129 1691 2204; x_wconf 83' lang='lat' dir='ltr'>relictis,</span> <span class='ocrx_word' id='word_1_171' title='bbox 1745 2145 1809 2197; x_wconf 92' lang='lat' dir='ltr'>et</span> <span class='ocrx_word' id='word_1_172' title='bbox 1855 2143 2217 2216; x_wconf 79' lang='lat' dir='ltr'>quatenuS‚</span> <span class='ocrx_word' id='word_1_173' title='bbox 2277 2132 2376 2200; x_wconf 89' lang='lat' dir='ltr'>uti</span> <span class='ocrx_word' id='word_1_174' title='bbox 2425 2132 2733 2210; x_wconf 84' lang='lat' dir='ltr'>deberet,</span> <span class='ocrx_word' id='word_1_175' title='bbox 2780 2146 2835 2199; x_wconf 90' lang='lat' dir='ltr'>et</span> 
     </span>
     <span class='ocr_line' id='line_1_22' title="bbox 442 2218 2875 2307; baseline -0 -21"><span class='ocrx_word' id='word_1_176' title='bbox 442 2218 524 2287; x_wconf 90' lang='lat' dir='ltr'>de</span> <span class='ocrx_word' id='word_1_177' title='bbox 561 2241 631 2287; x_wconf 84' lang='lat' dir='ltr'>re</span> <span class='ocrx_word' id='word_1_178' title='bbox 666 2218 1051 2288; x_wconf 86' lang='lat' dir='ltr'>facultatem</span> <span class='ocrx_word' id='word_1_179' title='bbox 1109 2219 1318 2307; x_wconf 90' lang='lat' dir='ltr'>petiit,</span> <span class='ocrx_word' id='word_1_180' title='bbox 1357 2220 1560 2287; x_wconf 89' lang='lat' dir='ltr'>etiam</span> <span class='ocrx_word' id='word_1_181' title='bbox 1606 2220 1660 2286; x_wconf 91' lang='lat' dir='ltr'>si</span> <span class='ocrx_word' id='word_1_182' title='bbox 1695 2218 2103 2288; x_wconf 88' lang='lat' dir='ltr'>alienatione</span> <span class='ocrx_word' id='word_1_183' title='bbox 2141 2219 2476 2289; x_wconf 88' lang='lat' dir='ltr'>bonorum</span> <span class='ocrx_word' id='word_1_184' title='bbox 2519 2219 2875 2290; x_wconf 89' lang='lat' dir='ltr'>immobiliu</span> 
     </span>
     <span class='ocr_line' id='line_1_23' title="bbox 442 2308 2894 2398; baseline -0.002 -21"><span class='ocrx_word' id='word_1_185' title='bbox 442 2330 617 2396; x_wconf 90' lang='lat' dir='ltr'>opus</span> <span class='ocrx_word' id='word_1_186' title='bbox 659 2321 865 2387; x_wconf 89' lang='lat' dir='ltr'>esset;</span> <span class='ocrx_word' id='word_1_187' title='bbox 931 2308 1187 2377; x_wconf 84' lang='lat' dir='ltr'>litteras</span> <span class='ocrx_word' id='word_1_188' title='bbox 1240 2328 1516 2394; x_wconf 82' lang='lat' dir='ltr'>quoque</span> <span class='ocrx_word' id='word_1_189' title='bbox 1568 2308 1955 2377; x_wconf 85' lang='lat' dir='ltr'>Pontificias</span> <span class='ocrx_word' id='word_1_190' title='bbox 2013 2308 2094 2377; x_wconf 86' lang='lat' dir='ltr'>ad</span> <span class='ocrx_word' id='word_1_191' title='bbox 2163 2309 2524 2398; x_wconf 87' lang='lat' dir='ltr'>populum,</span> <span class='ocrx_word' id='word_1_192' title='bbox 2580 2311 2822 2396; x_wconf 86' lang='lat' dir='ltr'>quibus</span> <span class='ocrx_word' id='word_1_193' title='bbox 2868 2328 2894 2374; x_wconf 84' lang='lat' dir='ltr'>a</span> 
     </span>
     <span class='ocr_line' id='line_1_24' title="bbox 443 2395 2924 2478; baseline 0.002 -13"><span class='ocrx_word' id='word_1_194' title='bbox 443 2397 897 2467; x_wconf 85' lang='lat' dir='ltr'>calamitatem</span> <span class='ocrx_word' id='word_1_195' title='bbox 926 2396 1299 2466; x_wconf 87' lang='lat' dir='ltr'>christiana</span> <span class='ocrx_word' id='word_1_196' title='bbox 1334 2409 1557 2466; x_wconf 84' lang='lat' dir='ltr'>mente</span> <span class='ocrx_word' id='word_1_197' title='bbox 1591 2397 2089 2478; x_wconf 84' lang='lat' dir='ltr'>sustinendam,</span> <span class='ocrx_word' id='word_1_198' title='bbox 2122 2412 2187 2467; x_wconf 89' lang='lat' dir='ltr'>et</span> <span class='ocrx_word' id='word_1_199' title='bbox 2219 2398 2300 2467; x_wconf 92' lang='lat' dir='ltr'>ad</span> <span class='ocrx_word' id='word_1_200' title='bbox 2339 2400 2697 2469; x_wconf 84' lang='lat' dir='ltr'>charitatis</span> <span class='ocrx_word' id='word_1_201' title='bbox 2727 2395 2924 2470; x_wconf 63' lang='lat' dir='ltr'>officim·</span> 
     </span>
     <span class='ocr_line' id='line_1_25' title="bbox 443 2485 2900 2575; baseline -0.001 -21"><span class='ocrx_word' id='word_1_202' title='bbox 443 2488 666 2575; x_wconf 86' lang='lat' dir='ltr'>aegris</span> <span class='ocrx_word' id='word_1_203' title='bbox 705 2499 1013 2554; x_wconf 88' lang='lat' dir='ltr'>amanter</span> <span class='ocrx_word' id='word_1_204' title='bbox 1048 2485 1478 2575; x_wconf 87' lang='lat' dir='ltr'>praestanda,</span> <span class='ocrx_word' id='word_1_205' title='bbox 1536 2487 2083 2556; x_wconf 82' lang='lat' dir='ltr'>incenderentur.</span> <span class='ocrx_word' id='word_1_206' title='bbox 2145 2493 2510 2566; x_wconf 88' lang='lat' dir='ltr'>Praeterea,</span> <span class='ocrx_word' id='word_1_207' title='bbox 2550 2511 2685 2574; x_wconf 89' lang='lat' dir='ltr'>quo</span> <span class='ocrx_word' id='word_1_208' title='bbox 2747 2485 2900 2555; x_wconf 79' lang='lat' dir='ltr'>niort&#39;</span> 
     </span>
     <span class='ocr_line' id='line_1_26' title="bbox 443 2574 2878 2662; baseline -0.001 -20"><span class='ocrx_word' id='word_1_209' title='bbox 443 2597 678 2643; x_wconf 88' lang='lat' dir='ltr'>casum</span> <span class='ocrx_word' id='word_1_210' title='bbox 730 2575 915 2644; x_wconf 84' lang='lat' dir='ltr'>omni</span> <span class='ocrx_word' id='word_1_211' title='bbox 955 2576 1214 2643; x_wconf 89' lang='lat' dir='ltr'>ratione</span> <span class='ocrx_word' id='word_1_212' title='bbox 1251 2574 1563 2642; x_wconf 87' lang='lat' dir='ltr'>leviorem</span> <span class='ocrx_word' id='word_1_213' title='bbox 1619 2575 1702 2643; x_wconf 90' lang='lat' dir='ltr'>iis</span> <span class='ocrx_word' id='word_1_214' title='bbox 1752 2575 2020 2656; x_wconf 85' lang='lat' dir='ltr'>faceret,</span> <span class='ocrx_word' id='word_1_215' title='bbox 2082 2597 2255 2662; x_wconf 89' lang='lat' dir='ltr'>quos</span> <span class='ocrx_word' id='word_1_216' title='bbox 2304 2576 2386 2644; x_wconf 89' lang='lat' dir='ltr'>ad</span> <span class='ocrx_word' id='word_1_217' title='bbox 2444 2574 2878 2645; x_wconf 76' lang='lat' dir='ltr'>ministranda</span> 
     </span>
     <span class='ocr_line' id='line_1_27' title="bbox 443 2659 2902 2755; baseline -0.002 -24"><span class='ocrx_word' id='word_1_218' title='bbox 443 2663 972 2742; x_wconf 86' lang='lat' dir='ltr'>aliisinvitabat,</span> <span class='ocrx_word' id='word_1_219' title='bbox 1032 2663 1417 2752; x_wconf 82' lang='lat' dir='ltr'>postulavit.</span> <span class='ocrx_word' id='word_1_220' title='bbox 1474 2675 1548 2732; x_wconf 92' lang='lat' dir='ltr'>ut</span> <span class='ocrx_word' id='word_1_221' title='bbox 1585 2664 1805 2732; x_wconf 83' lang='lat' dir='ltr'>Missis</span> <span class='ocrx_word' id='word_1_222' title='bbox 1857 2665 1923 2731; x_wconf 90' lang='lat' dir='ltr'>in</span> <span class='ocrx_word' id='word_1_223' title='bbox 1962 2664 2210 2734; x_wconf 87' lang='lat' dir='ltr'>sacello</span> <span class='ocrx_word' id='word_1_224' title='bbox 2250 2666 2468 2734; x_wconf 88' lang='lat' dir='ltr'>sancti</span> <span class='ocrx_word' id='word_1_225' title='bbox 2521 2665 2815 2755; x_wconf 79' lang='lat' dir='ltr'>Gregorii</span> <span class='ocrx_word' id='word_1_226' title='bbox 2861 2659 2902 2729; x_wconf 81' lang='lat' dir='ltr'>sa</span> 
     </span>
     <span class='ocr_line' id='line_1_28' title="bbox 442 2750 2898 2852; baseline -0 -34"><span class='ocrx_word' id='word_1_227' title='bbox 442 2750 726 2830; x_wconf 87' lang='lat' dir='ltr'>ciendis,</span> <span class='ocrx_word' id='word_1_228' title='bbox 769 2753 855 2818; x_wconf 91' lang='lat' dir='ltr'>ita</span> <span class='ocrx_word' id='word_1_229' title='bbox 896 2751 1181 2820; x_wconf 87' lang='lat' dir='ltr'>mortuis</span> <span class='ocrx_word' id='word_1_230' title='bbox 1233 2752 1594 2852; x_wconf 80' lang='lat' dir='ltr'>suffragari</span> <span class='ocrx_word' id='word_1_231' title='bbox 1645 2753 2028 2821; x_wconf 86' lang='lat' dir='ltr'>sacerdotes</span> <span class='ocrx_word' id='word_1_232' title='bbox 2073 2767 2365 2840; x_wconf 85' lang='lat' dir='ltr'>possent,</span> <span class='ocrx_word' id='word_1_233' title='bbox 2423 2768 2495 2822; x_wconf 86' lang='lat' dir='ltr'>ut</span> <span class='ocrx_word' id='word_1_234' title='bbox 2546 2756 2669 2841; x_wconf 90' lang='lat' dir='ltr'>qui</span> <span class='ocrx_word' id='word_1_235' title='bbox 2730 2760 2898 2822; x_wconf 83' lang='lat' dir='ltr'>Roma</span> 
     </span>
     <span class='ocr_line' id='line_1_29' title="bbox 443 2839 2928 2929; baseline 0.001 -24"><span class='ocrx_word' id='word_1_236' title='bbox 443 2839 510 2905; x_wconf 90' lang='lat' dir='ltr'>in</span> <span class='ocrx_word' id='word_1_237' title='bbox 549 2840 799 2927; x_wconf 84' lang='lat' dir='ltr'>insigni</span> <span class='ocrx_word' id='word_1_238' title='bbox 852 2839 965 2907; x_wconf 89' lang='lat' dir='ltr'>illo</span> <span class='ocrx_word' id='word_1_239' title='bbox 1000 2840 1192 2907; x_wconf 89' lang='lat' dir='ltr'>altari</span> <span class='ocrx_word' id='word_1_240' title='bbox 1254 2854 1472 2909; x_wconf 80' lang='lat' dir='ltr'>sancti</span> <span class='ocrx_word' id='word_1_241' title='bbox 1526 2842 1830 2929; x_wconf 83' lang='lat' dir='ltr'>Gregorii</span> <span class='ocrx_word' id='word_1_242' title='bbox 1873 2841 2153 2910; x_wconf 90' lang='lat' dir='ltr'>faciunt.</span> <span class='ocrx_word' id='word_1_243' title='bbox 2220 2843 2709 2912; x_wconf 72' lang='lat' dir='ltr'>concessiones</span> <span class='ocrx_word' id='word_1_244' title='bbox 2752 2854 2880 2911; x_wconf 88' lang='lat' dir='ltr'>aute</span> <span class='ocrx_word' id='word_1_245' title='bbox 2925 2869 2928 2876; x_wconf 52' lang='lat'>2</span> 
     </span>
     <span class='ocr_line' id='line_1_30' title="bbox 440 2925 2924 3021; baseline -0.002 -26"><span class='ocrx_word' id='word_1_246' title='bbox 440 2946 578 2995; x_wconf 91' lang='lat' dir='ltr'>non</span> <span class='ocrx_word' id='word_1_247' title='bbox 618 2927 744 2996; x_wconf 89' lang='lat' dir='ltr'>sibi</span> <span class='ocrx_word' id='word_1_248' title='bbox 785 2941 1073 3006; x_wconf 84' lang='lat' dir='ltr'>tantuin,</span> <span class='ocrx_word' id='word_1_249' title='bbox 1111 2928 1225 2997; x_wconf 89' lang='lat' dir='ltr'>cui</span> <span class='ocrx_word' id='word_1_250' title='bbox 1259 2930 1517 3017; x_wconf 87' lang='lat' dir='ltr'>aliquid</span> <span class='ocrx_word' id='word_1_251' title='bbox 1563 2929 1965 2999; x_wconf 87' lang='lat' dir='ltr'>humanitus</span> <span class='ocrx_word' id='word_1_252' title='bbox 2005 2930 2313 3000; x_wconf 85' lang='lat' dir='ltr'>accidere</span> <span class='ocrx_word' id='word_1_253' title='bbox 2363 2946 2648 3021; x_wconf 86' lang='lat' dir='ltr'>poterat,</span> <span class='ocrx_word' id='word_1_254' title='bbox 2705 2930 2810 3000; x_wconf 90' lang='lat' dir='ltr'>sed</span> <span class='ocrx_word' id='word_1_255' title='bbox 2846 2925 2924 2996; x_wconf 85' lang='lat' dir='ltr'>alii</span> 
     </span>
     <span class='ocr_line' id='line_1_31' title="bbox 440 3017 2928 3110; baseline -0 -27"><span class='ocrx_word' id='word_1_256' title='bbox 440 3038 735 3102; x_wconf 85' lang='lat' dir='ltr'>quoque,</span> <span class='ocrx_word' id='word_1_257' title='bbox 801 3018 916 3103; x_wconf 90' lang='lat' dir='ltr'>qui</span> <span class='ocrx_word' id='word_1_258' title='bbox 979 3017 1044 3084; x_wconf 89' lang='lat' dir='ltr'>in</span> <span class='ocrx_word' id='word_1_259' title='bbox 1108 3017 1432 3087; x_wconf 88' lang='lat' dir='ltr'>ecclesiae</span> <span class='ocrx_word' id='word_1_260' title='bbox 1499 3019 2092 3088; x_wconf 85' lang='lat' dir='ltr'>administratione</span> <span class='ocrx_word' id='word_1_261' title='bbox 2162 3020 2576 3108; x_wconf 82' lang='lat' dir='ltr'>succederet,</span> <span class='ocrx_word' id='word_1_262' title='bbox 2647 3017 2928 3110; x_wconf 51' lang='lat' dir='ltr'>poposcit.¹</span> 
     </span>
     <span class='ocr_line' id='line_1_32' title="bbox 439 3106 2922 3196; baseline 0.002 -24"><span class='ocrx_word' id='word_1_263' title='bbox 439 3108 722 3174; x_wconf 88' lang='lat' dir='ltr'>Demum</span> <span class='ocrx_word' id='word_1_264' title='bbox 760 3106 1045 3196; x_wconf 84' lang='lat' dir='ltr'>supplex</span> <span class='ocrx_word' id='word_1_265' title='bbox 1093 3107 1301 3194; x_wconf 89' lang='lat' dir='ltr'>petiit,</span> <span class='ocrx_word' id='word_1_266' title='bbox 1339 3107 1675 3194; x_wconf 86' lang='lat' dir='ltr'>quidquid</span> <span class='ocrx_word' id='word_1_267' title='bbox 1714 3108 1777 3175; x_wconf 91' lang='lat' dir='ltr'>in</span> <span class='ocrx_word' id='word_1_268' title='bbox 1814 3109 2000 3176; x_wconf 87' lang='lat' dir='ltr'>omni</span> <span class='ocrx_word' id='word_1_269' title='bbox 2038 3130 2204 3177; x_wconf 87' lang='lat' dir='ltr'>cura</span> <span class='ocrx_word' id='word_1_270' title='bbox 2252 3124 2314 3178; x_wconf 90' lang='lat' dir='ltr'>et</span> <span class='ocrx_word' id='word_1_271' title='bbox 2353 3109 2922 3179; x_wconf 75' lang='lat' dir='ltr'>administratione.</span> 
     </span>
     <span class='ocr_line' id='line_1_33' title="bbox 439 3193 2926 3285; baseline -0.001 -23"><span class='ocrx_word' id='word_1_272' title='bbox 439 3216 645 3280; x_wconf 88' lang='lat' dir='ltr'>quam</span> <span class='ocrx_word' id='word_1_273' title='bbox 683 3195 812 3264; x_wconf 89' lang='lat' dir='ltr'>sibi</span> <span class='ocrx_word' id='word_1_274' title='bbox 852 3209 1295 3285; x_wconf 87' lang='lat' dir='ltr'>proposuerat</span> <span class='ocrx_word' id='word_1_275' title='bbox 1326 3196 1833 3285; x_wconf 80' lang='lat' dir='ltr'>aggrederetur,</span> <span class='ocrx_word' id='word_1_276' title='bbox 1871 3210 1936 3265; x_wconf 90' lang='lat' dir='ltr'>et</span> <span class='ocrx_word' id='word_1_277' title='bbox 1970 3197 2239 3280; x_wconf 74' lang='lat' dir='ltr'>faceret,</span> <span class='ocrx_word' id='word_1_278' title='bbox 2300 3198 2365 3265; x_wconf 91' lang='lat' dir='ltr'>id</span> <span class='ocrx_word' id='word_1_279' title='bbox 2402 3211 2477 3265; x_wconf 90' lang='lat' dir='ltr'>ut</span> <span class='ocrx_word' id='word_1_280' title='bbox 2520 3199 2716 3278; x_wconf 89' lang='lat' dir='ltr'>bene,</span> <span class='ocrx_word' id='word_1_281' title='bbox 2766 3193 2926 3265; x_wconf 82' lang='lat' dir='ltr'>felici-</span> 
     </span>
     <span class='ocr_line' id='line_1_34' title="bbox 440 3284 2926 3375; baseline -0.001 -24"><span class='ocrx_word' id='word_1_282' title='bbox 440 3296 671 3368; x_wconf 86' lang='lat' dir='ltr'>terque</span> <span class='ocrx_word' id='word_1_283' title='bbox 703 3284 833 3351; x_wconf 87' lang='lat' dir='ltr'>sibi</span> <span class='ocrx_word' id='word_1_284' title='bbox 892 3284 1183 3370; x_wconf 86' lang='lat' dir='ltr'>aliisque</span> <span class='ocrx_word' id='word_1_285' title='bbox 1240 3287 1557 3360; x_wconf 86' lang='lat' dir='ltr'>eveniret,</span> <span class='ocrx_word' id='word_1_286' title='bbox 1615 3308 1935 3354; x_wconf 87' lang='lat' dir='ltr'>summus</span> <span class='ocrx_word' id='word_1_287' title='bbox 1987 3292 2175 3354; x_wconf 84' lang='lat' dir='ltr'>Pater</span> <span class='ocrx_word' id='word_1_288' title='bbox 2231 3300 2660 3375; x_wconf 86' lang='lat' dir='ltr'>precaretur:</span> <span class='ocrx_word' id='word_1_289' title='bbox 2706 3302 2766 3355; x_wconf 87' lang='lat' dir='ltr'>et</span> <span class='ocrx_word' id='word_1_290' title='bbox 2800 3299 2926 3372; x_wconf 72' lang='lat' dir='ltr'>quas</span> 
     </span>
     <span class='ocr_line' id='line_1_35' title="bbox 439 3371 2926 3464; baseline -0 -25"><span class='ocrx_word' id='word_1_291' title='bbox 439 3394 561 3461; x_wconf 90' lang='lat' dir='ltr'>pro</span> <span class='ocrx_word' id='word_1_292' title='bbox 595 3371 746 3440; x_wconf 88' lang='lat' dir='ltr'>aliis</span> <span class='ocrx_word' id='word_1_293' title='bbox 791 3373 1043 3451; x_wconf 84' lang='lat' dir='ltr'>venias,</span> <span class='ocrx_word' id='word_1_294' title='bbox 1082 3373 1572 3460; x_wconf 85' lang='lat' dir='ltr'>facultatesque</span> <span class='ocrx_word' id='word_1_295' title='bbox 1613 3375 1898 3462; x_wconf 85' lang='lat' dir='ltr'>petebat,</span> <span class='ocrx_word' id='word_1_296' title='bbox 1939 3397 2052 3442; x_wconf 89' lang='lat' dir='ltr'>eas</span> <span class='ocrx_word' id='word_1_297' title='bbox 2109 3374 2342 3444; x_wconf 82' lang='lat' dir='ltr'>itidem</span> <span class='ocrx_word' id='word_1_298' title='bbox 2383 3377 2511 3444; x_wconf 88' lang='lat' dir='ltr'>sibi</span> <span class='ocrx_word' id='word_1_299' title='bbox 2540 3376 2782 3464; x_wconf 89' lang='lat' dir='ltr'>jubere</span> <span class='ocrx_word' id='word_1_300' title='bbox 2817 3392 2926 3463; x_wconf 81' lang='lat' dir='ltr'>pos·</span> 
     </span>
     <span class='ocr_line' id='line_1_36' title="bbox 437 3461 2930 3552; baseline -0.001 -24"><span class='ocrx_word' id='word_1_301' title='bbox 437 3474 534 3528; x_wconf 91' lang='lat' dir='ltr'>set</span> <span class='ocrx_word' id='word_1_302' title='bbox 567 3461 901 3529; x_wconf 87' lang='lat' dir='ltr'>adhiberi.</span> <span class='ocrx_word' id='word_1_303' title='bbox 941 3462 1193 3529; x_wconf 75' lang='lat' dir='ltr'>Annuit</span> <span class='ocrx_word' id='word_1_304' title='bbox 1224 3461 1523 3530; x_wconf 80' lang='lat' dir='ltr'>Pontifex</span> <span class='ocrx_word' id='word_1_305' title='bbox 1560 3463 1774 3531; x_wconf 84' lang='lat' dir='ltr'>Caroli</span> <span class='ocrx_word' id='word_1_306' title='bbox 1838 3463 2221 3552; x_wconf 78' lang='lat' dir='ltr'>postulatiS‚</span> <span class='ocrx_word' id='word_1_307' title='bbox 2267 3464 2402 3533; x_wconf 88' lang='lat' dir='ltr'>alia</span> <span class='ocrx_word' id='word_1_308' title='bbox 2458 3464 2701 3534; x_wconf 87' lang='lat' dir='ltr'>litteris</span> <span class='ocrx_word' id='word_1_309' title='bbox 2740 3480 2930 3551; x_wconf 84' lang='lat' dir='ltr'>quarn·</span> 
     </span>
     <span class='ocr_line' id='line_1_37' title="bbox 438 3549 2926 3640; baseline -0.002 -22"><span class='ocrx_word' id='word_1_310' title='bbox 438 3550 740 3638; x_wconf 87' lang='lat' dir='ltr'>primum</span> <span class='ocrx_word' id='word_1_311' title='bbox 797 3549 1144 3618; x_wconf 86' lang='lat' dir='ltr'>mittendis</span> <span class='ocrx_word' id='word_1_312' title='bbox 1194 3551 1712 3640; x_wconf 84' lang='lat' dir='ltr'>comprehendi;</span> <span class='ocrx_word' id='word_1_313' title='bbox 1751 3551 1886 3620; x_wconf 87' lang='lat' dir='ltr'>alia</span> <span class='ocrx_word' id='word_1_314' title='bbox 1917 3553 2370 3622; x_wconf 89' lang='lat' dir='ltr'>consultanda</span> <span class='ocrx_word' id='word_1_315' title='bbox 2413 3555 2747 3622; x_wconf 86' lang='lat' dir='ltr'>Carniliae</span> <span class='ocrx_word' id='word_1_316' title='bbox 2783 3569 2926 3618; x_wconf 78' lang='lat' dir='ltr'>inan·</span> 
     </span>
     <span class='ocr_line' id='line_1_38' title="bbox 436 3637 2930 3732; baseline -0.002 -27"><span class='ocrx_word' id='word_1_317' title='bbox 436 3637 641 3718; x_wconf 86' lang='lat' dir='ltr'>davit,</span> <span class='ocrx_word' id='word_1_318' title='bbox 682 3639 799 3724; x_wconf 93' lang='lat' dir='ltr'>qui</span> <span class='ocrx_word' id='word_1_319' title='bbox 836 3652 1055 3705; x_wconf 89' lang='lat' dir='ltr'>tamen</span> <span class='ocrx_word' id='word_1_320' title='bbox 1099 3651 1462 3724; x_wconf 86' lang='lat' dir='ltr'>antequam</span> <span class='ocrx_word' id='word_1_321' title='bbox 1503 3663 1579 3708; x_wconf 87' lang='lat' dir='ltr'>ea</span> <span class='ocrx_word' id='word_1_322' title='bbox 1634 3640 2158 3723; x_wconf 83' lang='lat' dir='ltr'>conficerentur,</span> <span class='ocrx_word' id='word_1_323' title='bbox 2199 3644 2300 3710; x_wconf 92' lang='lat' dir='ltr'>vir</span> <span class='ocrx_word' id='word_1_324' title='bbox 2337 3644 2664 3730; x_wconf 83' lang='lat' dir='ltr'>optimus,</span> <span class='ocrx_word' id='word_1_325' title='bbox 2719 3641 2930 3732; x_wconf 69' lang='lat' dir='ltr'>optinuit</span> 
     </span>
     <span class='ocr_line' id='line_1_39' title="bbox 438 3727 2930 3822; baseline -0 -30"><span class='ocrx_word' id='word_1_326' title='bbox 438 3727 607 3795; x_wconf 86' lang='lat' dir='ltr'>vitae</span> <span class='ocrx_word' id='word_1_327' title='bbox 659 3727 792 3795; x_wconf 85' lang='lat' dir='ltr'>fine</span> <span class='ocrx_word' id='word_1_328' title='bbox 843 3727 1189 3812; x_wconf 85' lang='lat' dir='ltr'>requievit.</span> <span class='ocrx_word' id='word_1_329' title='bbox 1235 3728 1359 3797; x_wconf 87' lang='lat' dir='ltr'>Sed</span> <span class='ocrx_word' id='word_1_330' title='bbox 1399 3730 1749 3817; x_wconf 89' lang='lat' dir='ltr'>rescripsit</span> <span class='ocrx_word' id='word_1_331' title='bbox 1785 3731 1974 3819; x_wconf 88' lang='lat' dir='ltr'>prius</span> <span class='ocrx_word' id='word_1_332' title='bbox 2018 3731 2364 3800; x_wconf 85' lang='lat' dir='ltr'>Pontificis</span> <span class='ocrx_word' id='word_1_333' title='bbox 2402 3731 2648 3811; x_wconf 65' lang='grc' dir='ltr'>νει-ΜΒ,</span> <span class='ocrx_word' id='word_1_334' title='bbox 2697 3728 2930 3822; x_wconf 54' lang='lat' dir='ltr'>laudare</span> 
     </span>
     <span class='ocr_line' id='line_1_40' title="bbox 434 3815 2930 3911; baseline 0 -27"><span class='ocrx_word' id='word_1_335' title='bbox 434 3837 504 3884; x_wconf 90' lang='lat' dir='ltr'>se</span> <span class='ocrx_word' id='word_1_336' title='bbox 538 3815 755 3884; x_wconf 85' lang='lat' dir='ltr'>Caroli</span> <span class='ocrx_word' id='word_1_337' title='bbox 789 3817 1128 3895; x_wconf 88' lang='lat' dir='ltr'>animum,</span> <span class='ocrx_word' id='word_1_338' title='bbox 1174 3830 1312 3885; x_wconf 87' lang='lat' dir='ltr'>tum</span> <span class='ocrx_word' id='word_1_339' title='bbox 1368 3833 1553 3887; x_wconf 86' lang='lat' dir='ltr'>metu</span> <span class='ocrx_word' id='word_1_340' title='bbox 1585 3841 1901 3898; x_wconf 89' lang='lat' dir='ltr'>vacuum,</span> <span class='ocrx_word' id='word_1_341' title='bbox 1945 3833 2085 3888; x_wconf 84' lang='lat' dir='ltr'>tuin</span> <span class='ocrx_word' id='word_1_342' title='bbox 2126 3842 2281 3889; x_wconf 89' lang='lat' dir='ltr'>vero</span> <span class='ocrx_word' id='word_1_343' title='bbox 2306 3820 2566 3888; x_wconf 88' lang='lat' dir='ltr'>ardenti</span> <span class='ocrx_word' id='word_1_344' title='bbox 2615 3822 2930 3911; x_wconf 68' lang='lat' dir='ltr'>incensum}</span> 
     </span>
     <span class='ocr_line' id='line_1_41' title="bbox 432 3905 2930 3994; baseline 0.002 -22"><span class='ocrx_word' id='word_1_345' title='bbox 432 3905 758 3974; x_wconf 85' lang='lat' dir='ltr'>charitate</span> <span class='ocrx_word' id='word_1_346' title='bbox 811 3906 1037 3994; x_wconf 86' lang='lat' dir='ltr'>gregis</span> <span class='ocrx_word' id='word_1_347' title='bbox 1105 3906 1237 3983; x_wconf 92' lang='lat' dir='ltr'>sui,</span> <span class='ocrx_word' id='word_1_348' title='bbox 1291 3929 1492 3991; x_wconf 91' lang='lat' dir='ltr'>quem</span> <span class='ocrx_word' id='word_1_349' title='bbox 1551 3909 1749 3977; x_wconf 89' lang='lat' dir='ltr'>sicuti</span> <span class='ocrx_word' id='word_1_350' title='bbox 1813 3907 2003 3977; x_wconf 89' lang='lat' dir='ltr'>nullo</span> <span class='ocrx_word' id='word_1_351' title='bbox 2071 3910 2272 3978; x_wconf 90' lang='lat' dir='ltr'>modo</span> <span class='ocrx_word' id='word_1_352' title='bbox 2324 3908 2743 3986; x_wconf 85' lang='lat' dir='ltr'>deterrebat,</span> <span class='ocrx_word' id='word_1_353' title='bbox 2796 3923 2930 3991; x_wconf 53' lang='lat' dir='ltr'>quw*</span> 
     </span>
     <span class='ocr_line' id='line_1_42' title="bbox 434 3985 2930 4084; baseline 0 -24"><span class='ocrx_word' id='word_1_354' title='bbox 434 4015 755 4081; x_wconf 89' lang='lat' dir='ltr'>praesens</span> <span class='ocrx_word' id='word_1_355' title='bbox 789 3995 1100 4062; x_wconf 76' lang='lat' dir='ltr'>omnium</span> <span class='ocrx_word' id='word_1_356' title='bbox 1139 3994 1342 4063; x_wconf 87' lang='lat' dir='ltr'>saluti</span> <span class='ocrx_word' id='word_1_357' title='bbox 1380 3995 1743 4084; x_wconf 85' lang='lat' dir='ltr'>diligenter</span> <span class='ocrx_word' id='word_1_358' title='bbox 1773 3997 2133 4066; x_wconf 83' lang='lat' dir='ltr'>consulere</span> <span class='ocrx_word' id='word_1_359' title='bbox 2167 3997 2487 4077; x_wconf 89' lang='lat' dir='ltr'>studeret,</span> <span class='ocrx_word' id='word_1_360' title='bbox 2529 3999 2614 4065; x_wconf 90' lang='lat' dir='ltr'>ita</span> <span class='ocrx_word' id='word_1_361' title='bbox 2661 3985 2930 4070; x_wconf 69' lang='lat' dir='ltr'>hertam-l</span> 
     </span>
     <span class='ocr_line' id='line_1_43' title="bbox 434 4075 2930 4178; baseline 0 -30"><span class='ocrx_word' id='word_1_362' title='bbox 434 4095 565 4160; x_wconf 87' lang='lat' dir='ltr'>tur,</span> <span class='ocrx_word' id='word_1_363' title='bbox 604 4104 686 4150; x_wconf 89' lang='lat' dir='ltr'>ne</span> <span class='ocrx_word' id='word_1_364' title='bbox 722 4084 863 4171; x_wconf 83' lang='lat' dir='ltr'>ipse</span> <span class='ocrx_word' id='word_1_365' title='bbox 902 4083 1013 4150; x_wconf 89' lang='lat' dir='ltr'>illa</span> <span class='ocrx_word' id='word_1_366' title='bbox 1044 4082 1239 4151; x_wconf 88' lang='lat' dir='ltr'>facile</span> <span class='ocrx_word' id='word_1_367' title='bbox 1273 4105 1429 4152; x_wconf 86' lang='lat' dir='ltr'>cum</span> <span class='ocrx_word' id='word_1_368' title='bbox 1465 4085 1635 4153; x_wconf 89' lang='lat' dir='ltr'>vitae</span> <span class='ocrx_word' id='word_1_369' title='bbox 1673 4085 1975 4174; x_wconf 87' lang='lat' dir='ltr'>periculo</span> <span class='ocrx_word' id='word_1_370' title='bbox 2003 4087 2241 4166; x_wconf 89' lang='lat' dir='ltr'>obiret,</span> <span class='ocrx_word' id='word_1_371' title='bbox 2273 4087 2529 4173; x_wconf 90' lang='lat' dir='ltr'>quibus</span> <span class='ocrx_word' id='word_1_372' title='bbox 2558 4075 2930 4178; x_wconf 54' lang='lat' dir='ltr'>exequendis⁴</span> 
     </span>
     <span class='ocr_line' id='line_1_44' title="bbox 433 4169 2922 4260; baseline -0.001 -23"><span class='ocrx_word' id='word_1_373' title='bbox 433 4169 725 4238; x_wconf 84' lang='lat' dir='ltr'>aliorum</span> <span class='ocrx_word' id='word_1_374' title='bbox 779 4194 980 4260; x_wconf 76' lang='lat' dir='ltr'>opera</span> <span class='ocrx_word' id='word_1_375' title='bbox 1036 4172 1401 4252; x_wconf 58' lang='lat' dir='ltr'>sufficerem</span> <span class='ocrx_word' id='word_1_376' title='bbox 1444 4174 1817 4242; x_wconf 88' lang='lat' dir='ltr'>maximum</span> <span class='ocrx_word' id='word_1_377' title='bbox 1878 4176 2060 4242; x_wconf 85' lang='lat' dir='ltr'>enim</span> <span class='ocrx_word' id='word_1_378' title='bbox 2121 4176 2495 4245; x_wconf 86' lang='lat' dir='ltr'>immensae</span> <span class='ocrx_word' id='word_1_379' title='bbox 2544 4169 2922 4243; x_wconf 76' lang='lat' dir='ltr'>multitudini</span> 
     </span>
     <span class='ocr_line' id='line_1_45' title="bbox 434 4261 2922 4352; baseline 0 -26"><span class='ocrx_word' id='word_1_380' title='bbox 434 4261 877 4346; x_wconf 84' lang='lat' dir='ltr'>praesidium,</span> <span class='ocrx_word' id='word_1_381' title='bbox 920 4262 985 4328; x_wconf 90' lang='lat' dir='ltr'>in</span> <span class='ocrx_word' id='word_1_382' title='bbox 1021 4262 1169 4348; x_wconf 83' lang='lat' dir='ltr'>ejus</span> <span class='ocrx_word' id='word_1_383' title='bbox 1203 4262 1331 4330; x_wconf 86' lang='lat' dir='ltr'>vita</span> <span class='ocrx_word' id='word_1_384' title='bbox 1370 4284 1518 4330; x_wconf 85' lang='lat' dir='ltr'>esse</span> <span class='ocrx_word' id='word_1_385' title='bbox 1556 4263 1878 4352; x_wconf 89' lang='lat' dir='ltr'>positum,</span> <span class='ocrx_word' id='word_1_386' title='bbox 1917 4285 2093 4349; x_wconf 88' lang='lat' dir='ltr'>quae</span> <span class='ocrx_word' id='word_1_387' title='bbox 2145 4265 2195 4333; x_wconf 89' lang='lat' dir='ltr'>si</span> <span class='ocrx_word' id='word_1_388' title='bbox 2233 4264 2568 4344; x_wconf 83' lang='lat' dir='ltr'>deficeret,</span> <span class='ocrx_word' id='word_1_389' title='bbox 2601 4262 2836 4333; x_wconf 87' lang='lat' dir='ltr'>omnia.</span> <span class='ocrx_word' id='word_1_390' title='bbox 2873 4267 2922 4320; x_wconf 83' lang='lat' dir='ltr'>ut</span> 
     </span>
     <span class='ocr_line' id='line_1_46' title="bbox 432 4347 2855 4442; baseline 0.003 -30"><span class='ocrx_word' id='word_1_391' title='bbox 432 4347 812 4422; x_wconf 85' lang='lat' dir='ltr'>videbatur,</span> <span class='ocrx_word' id='word_1_392' title='bbox 861 4350 1241 4417; x_wconf 83' lang='lat' dir='ltr'>miserrima</span> <span class='ocrx_word' id='word_1_393' title='bbox 1276 4363 1501 4439; x_wconf 84' lang='lat' dir='ltr'>strage</span> <span class='ocrx_word' id='word_1_394' title='bbox 1540 4352 1876 4439; x_wconf 84' lang='lat' dir='ltr'>perculsa,</span> <span class='ocrx_word' id='word_1_395' title='bbox 1921 4366 1985 4419; x_wconf 89' lang='lat' dir='ltr'>et</span> <span class='ocrx_word' id='word_1_396' title='bbox 2018 4367 2352 4442; x_wconf 87' lang='lat' dir='ltr'>prostrata</span> <span class='ocrx_word' id='word_1_397' title='bbox 2390 4354 2547 4422; x_wconf 89' lang='lat' dir='ltr'>fore.</span> <span class='ocrx_word' id='word_1_398' title='bbox 2847 4433 2855 4442; x_wconf 91' lang='lat'><em>.</em></span> 
     </span>
    </p>

    <p class='ocr_par' dir='ltr' id='par_1_4' title="bbox 524 4439 2919 4530">
     <span class='ocr_line' id='line_1_47' title="bbox 524 4439 2919 4530; baseline -0.003 -25"><span class='ocrx_word' id='word_1_399' title='bbox 524 4443 560 4514; x_wconf 69' lang='grc' dir='ltr'>ἓ</span> <span class='ocrx_word' id='word_1_400' title='bbox 614 4440 751 4505; x_wconf 70' lang='lat' dir='ltr'>M.</span> <span class='ocrx_word' id='word_1_401' title='bbox 794 4441 1020 4520; x_wconf 84' lang='lat' dir='ltr'>Neque</span> <span class='ocrx_word' id='word_1_402' title='bbox 1059 4459 1177 4524; x_wconf 90' lang='lat' dir='ltr'>pro</span> <span class='ocrx_word' id='word_1_403' title='bbox 1213 4459 1334 4506; x_wconf 89' lang='lat' dir='ltr'>sua</span> <span class='ocrx_word' id='word_1_404' title='bbox 1371 4451 1659 4516; x_wconf 87' lang='lat' dir='ltr'>tantum,</span> <span class='ocrx_word' id='word_1_405' title='bbox 1716 4440 1830 4509; x_wconf 90' lang='lat' dir='ltr'>sed</span> <span class='ocrx_word' id='word_1_406' title='bbox 1887 4463 2007 4529; x_wconf 86' lang='lat' dir='ltr'>pro</span> <span class='ocrx_word' id='word_1_407' title='bbox 2056 4442 2211 4512; x_wconf 89' lang='lat' dir='ltr'>aliis</span> <span class='ocrx_word' id='word_1_408' title='bbox 2261 4464 2532 4530; x_wconf 91' lang='lat' dir='ltr'>quoque</span> <span class='ocrx_word' id='word_1_409' title='bbox 2584 4439 2919 4530; x_wconf 66' lang='lat' dir='ltr'>provinciae</span> 
     </span>
    </p>
   </div>
   <div class='ocr_carea' id='block_1_3' title="bbox 2875 1646 2938 3082">
    <p class='ocr_par' dir='ltr' id='par_1_5' title="bbox 2875 1646 2938 3082">
     <span class='ocr_line' id='line_1_48' title="bbox 2934 1646 2938 1749; baseline 0 3088"><span class='ocrx_word' id='word_1_410' title='bbox 2934 1646 2938 1749; x_wconf 95' lang='lat' dir='ltr'> </span> 
     </span>
     <span class='ocr_line' id='line_1_49' title="bbox 2918 1749 2938 2088; baseline 0 0"><span class='ocrx_word' id='word_1_411' title='bbox 2918 1749 2938 2088; x_wconf 95' lang='lat' dir='ltr'>   </span> 
     </span>
     <span class='ocr_line' id='line_1_50' title="bbox 2875 2088 2935 2351; baseline 0 -88"><span class='ocrx_word' id='word_1_412' title='bbox 2875 2088 2935 2351; x_wconf 95' lang='lat' dir='ltr'>   </span> 
     </span>
     <span class='ocr_line' id='line_1_51' title="bbox 2895 2351 2936 2620; baseline 0 -266"><span class='ocrx_word' id='word_1_413' title='bbox 2895 2351 2936 2620; x_wconf 95' lang='lat' dir='ltr'>     </span> 
     </span>
     <span class='ocr_line' id='line_1_52' title="bbox 2898 2620 2936 3082; baseline 0 -209"><span class='ocrx_word' id='word_1_414' title='bbox 2898 2620 2936 3082; x_wconf 95' lang='lat' dir='ltr'>     </span> 
     </span>
    </p>
   </div>
  </div>
 </body>
</html>
