2993 4837
583 285 711 349 716
1211 300 1285 344 ns
1335 301 1388 347 s.
1447 299 1772 356 smramo
1818 299 2087 346 sumone
2136 299 2327 345 mur.
2697 281 2841 346 NOV.
2887 285 2964 364 3³5,

491 385 754 455 foribus
789 396 1067 465 stanteS,
1106 395 1307 470 atque
1339 383 1407 452 id
1443 383 1627 471 quod
1661 384 1747 452 ab
1795 385 1894 452 eis
1927 383 2307 452 canebatur
2341 382 2704 464 audientes,
2727 406 2790 453 ac
2811 385 2964 464 velut}

492 473 836 542 excantari
885 494 1033 541 sese
1082 484 1360 562 propter
1393 473 1551 542 illos
1597 473 2091 552 existimanteS,
2134 472 2361 573 capita
2407 473 2765 548 movebant,
2800 494 2952 558 seque

491 563 779 631 miseros
826 561 1193 641 ducebant,
1248 561 1433 648 quod
1483 584 1524 631 a
1559 561 1940 640 monachis,
1996 563 2115 648 qui
2169 561 2342 629 mhil
2396 561 2664 631 sceleris
2709 561 2953 629 admisis-

490 663 663 731 sent,
712 663 917 736 atque
965 650 1203 736 inique
1261 650 1513 719 inclusi
1587 662 2001 731 tenerentur,
2058 651 2319 740 optimo
2359 650 2520 736 jure
2575 649 2835 718 latrones
2867 673 2952 739 ap·

492 738 936 840 pellarentur.
992 743 1158 808 Cum
1209 751 1437 808 autem
1492 761 1607 808 sex
1649 741 1794 826 jam
1831 739 1978 807 dies
2012 739 2398 818 fluxissent,
2455 740 2522 806 in
2574 740 2803 825 quibus
2835 740 2951 827 pius

489 827 605 896 llle
647 829 749 896 vir
796 828 967 897 nihil
1010 827 1296 897 omnino
1345 829 1483 896 cibi
1539 841 1871 918 gustarat,
1913 829 2203 918 septimo
2261 826 2375 895 die
2423 827 2623 896 affuit
2666 826 2887 914 quidam
2925 849 2950 892 a

492 930 779 1005 tyranno
832 917 1108 996 missus,
1149 917 1268 1004 qui
1319 928 1634 986 sanctum
1673 919 1898 985 virum
1934 917 2022 985 ob
2064 918 2128 985 id
2181 916 2369 1003 quod
2412 937 2650 985 recens
2697 916 2956 984 acciderat

486 1004 927 1106 (neunciaaum
976 1006 1158 1074 enim
1214 1005 1435 1075 iuerat
1480 1004 1738 1075 bellurn
1775 1028 1815 1073 a
1868 1006 2138 1095 Scythis
2189 1003 2462 1094 inferri)
2493 1005 2702 1074 cellae
2733 1026 2956 1074 sunere·

490 1106 734 1163 stltutt.

576 1185 611 1270 ξ
665 1187 808 1254 21.
865 1185 1216 1251 Caeterum
1269 1181 1381 1250 ille
1436 1193 1682 1250 κάκιστος
1735 1182 1995 1271 ·potius,
2043 1183 2174 1251 hoc
2220 1195 2323 1252 est
2380 1182 2770 1271 pessimuS,
2815 1203 2948 1268 quam

491 1271 829 1351 CallistuS,
873 1294 1031 1340 cum
1084 1292 1303 1339 unum
1353 1292 1432 1339 ex
1481 1271 1699 1339 sancti
1751 1272 1876 1339 viri
1933 1270 2322 1360 discipulis,
2368 1272 2649 1340 nomine
2691 1272 2936 1360 Sergius,

491 1360 574 1429 de
621 1381 757 1447 quo
797 1361 944 1448 jam
998 1381 1120 1427 nos
1156 1359 1359 1427 verba
1409 1358 1711 1428 facturos
1741 1382 1891 1429 esse
1933 1360 2406 1450 promisimuS‚
2444 1361 2726 1429 remotis
2757 1359 2942 1428 athius

489 1449 982 1528 accersivisset‚
1020 1470 1098 1516 ac
1142 1448 1433 1516 versutis
1467 1449 1887 1534 quibusdam
1942 1449 2379 1520 sermonibus
2412 1462 2480 1517 et
2532 1450 2940 1537 pecuniism

489 1538 933 1627 corrupisset,
974 1537 1224 1605 misero
1261 1536 1361 1605 illi
1394 1537 1782 1625 persuadet,
1810 1550 1886 1605 ut
1913 1561 2047 1607 non
2083 1537 2330 1606 ludam
2372 1536 2601 1607 solum
2640 1535 2946 1628 predium

492 1647 682 1694 reum
739 1648 774 1694 a
833 1625 850 1692 i
902 1625 1104 1706 sinat,
1142 1625 1256 1693 sed
1312 1626 1459 1714 ipse
1507 1647 1781 1713 quoque
1834 1648 2107 1695 rursum
2178 1626 2390 1714 patris
2443 1649 2526 1694 ac
2583 1640 2950 1716 praecepte&

492 1715 599 1783 sui
652 1736 772 1814 pro
828 1715 1063 1782 itorem
1117 1736 1188 1782 se
1238 1715 1580 1803 praebeat.
1620 1715 1983 1784 Confestim
2035 1715 2250 1805 igitur
2300 1715 2367 1782 in
2407 1715 2635 1804 ipsius
2665 1716 2946 1805 perniciem

492 1802 806 1872 meditari
850 1825 984 1872 non
1034 1802 1259 1882 desiit,
1298 1816 1503 1890 atque
1542 1824 1818 1873 omnem
1861 1817 2075 1873 artem
2107 1803 2462 1884 adhibere,
2518 1826 2656 1890 quo
2706 1819 2946 1892 magnum

492 1891 688 1960 illum
740 1892 962 1960 virum
1017 1892 1334 1961 cassibus
1383 1892 1529 1962 suis
1581 1893 1998 1981 implicitum
2050 1904 2329 1961 teneret.
2374 1897 2451 1961 Ut
2500 1906 2728 1961 autem
2780 1892 2946 1960 smstn

491 2002 561 2050 se
613 1980 945 2061 laborare,
992 2003 1070 2048 ac
1121 1981 1291 2048 nihil
1328 1980 1595 2050 efficere
1647 1983 2011 2071 perspexit,
2067 1982 2293 2050 statim
2348 2004 2384 2048 a
2437 1995 2675 2050 sancto
2723 1981 2860 2050 ovili
2893 1977 2950 2042 di-

490 2070 821 2160 greditur,
860 2069 1041 2138 velut
1073 2070 1403 2137 nimirum
1458 2069 1647 2138 filius
1695 2072 2056 2159 improbus
2103 2083 2306 2156 atque
2352 2069 2648 2149 alienus,
2701 2093 2738 2138 a
2794 2071 2948 2138 semita

492 2171 673 2227 recta
711 2158 1151 2228 claudicans:
1198 2171 1401 2244 atque
1440 2157 1525 2227 ad
1559 2181 1743 2238 eum,
1783 2160 1901 2246 qui
1946 2158 2255 2249 legendis
2304 2158 2835 2227 Nicomediensis
2855 2175 2946 2223 orae

492 2247 939 2336 vectigalibus
990 2261 1319 2335 praeerat,
1353 2246 1857 2316 Aulicalamum
1915 2249 2214 2328 nomine,
2268 2247 2558 2327 accedit,
2600 2268 2868 2334 eumque
2891 2265 2948 2310 sa}-

489 2336 674 2405 cium
726 2350 791 2405 et
837 2336 1219 2425 adjutorem
1273 2336 1339 2403 in
1390 2336 1522 2413 his,
1577 2358 1754 2424 quae
1802 2336 2130 2404 adversus
2179 2348 2499 2404 sanctum
2557 2338 2766 2404 virum
2798 2349 2949 2403 strue

488 2426 764 2504 bantur,
810 2425 1112 2494 adhibet.
1152 2426 1366 2494 Ambo
1414 2425 1648 2515 igitur,
1692 2427 1757 2494 in
1811 2427 2058 2514 capitis
2100 2427 2206 2494 sui
2261 2426 2639 2514 perniciem
2677 2428 2816 2493 inito
2842 2442 2952 2489 con-

490 2536 722 2594 sensu,
764 2513 1071 2583 libellum
1124 2514 1194 2581 in
1231 2535 1389 2583 eum
1441 2513 1814 2584 calumniis
1867 2514 2190 2584 refertum
2246 2515 2758 2603 perversissimo
2785 2512 2952 2606 anim-J

490 2602 960 2672 conscribunt.
1011 2607 1085 2670 In
1137 2624 1274 2689 quo
1327 2602 1627 2690 primum
1697 2603 1870 2673 illud
1937 2604 2274 2683 inserunt,
2336 2625 2498 2671 eum
2571 2608 2947 2692 Imperatoris.

490 2704 842 2778 tamquam
896 2690 1243 2769 haeretici,
1286 2691 1687 2760 memoriam
1739 2693 2063 2769 execrari,
2109 2715 2188 2761 ac
2236 2692 2408 2760 diris
2457 2691 2798 2769 devovere,
2824 2708 2950 2784 euni·

487 2802 621 2867 que
673 2785 920 2869 Syrum
971 2801 1049 2848 ac
1112 2779 1429 2849 Vitelium
1482 2779 1856 2869 appellare,
1896 2794 2100 2867 atque
2155 2780 2489 2849 adversus
2548 2782 2764 2869 ipsius
2817 2796 2948 2863 maji*

490 2881 732 2938 statem
785 2868 1067 2937 technas
1118 2869 1387 2948 moliri,
1444 2869 1715 2955 aliaque
1766 2870 2131 2959 permulta,
2183 2891 2362 2956 quae
2408 2873 2499 2939 ob
2550 2870 2940 2958 prolixitatem

488 2970 553 3025 et
602 2957 914 3026 inutilem
982 2956 1504 3045 loquacitatem,
1558 2958 2118 3048 intempestivum
2167 2981 2246 3027 ac
2298 2978 2859 3047 supervacaneum
2891 2962 2940 3017 &a

490 3066 1055 3115 commemorare.

576 3137 613 3222 ξ
667 3140 826 3206 22.
865 3140 1213 3204 Postremo
1262 3147 1490 3204 autem
1543 3134 1626 3203 de
1677 3135 1889 3225 proba
1923 3135 2039 3204 illa
2077 3158 2155 3204 ac
2192 3135 2550 3223 praeclara
2583 3142 2784 3211 Anna,
2810 3145 2938 3219 quam

488 3224 637 3313 ipse
670 3224 1012 3293 mundum
1055 3224 1222 3313 fuga
1256 3224 1756 3311 relinquentem
1790 3224 1856 3292 in
1894 3224 2388 3293 monacharum
2428 3246 2788 3294 numerum
2818 3234 2942 3303 atqnff

487 3312 797 3382 ordinem
844 3312 1326 3403 adscripscrat,
1368 3312 1495 3382 hoc
1548 3330 1836 3402 ponunt,
1876 3312 2059 3398 quod
2099 3312 2457 3381 mulierem
2492 3312 2840 3399 quamdam
2866 3326 2942 3406 ⁴1³1?-

485 3401 630 3470 bili.
662 3406 810 3471 loco
861 3415 1118 3483 natam,
1166 3401 1404 3471 fraude
1453 3402 1994 3471 circumventam
2057 3401 2456 3471 monasticis
2523 3402 2833 3471 institutis
2863 3414 2942 3462 lnt-

486 3491 743 3572 nasset,
780 3503 983 3577 atque
1031 3491 1101 3558 in
1139 3490 1444 3559 inferiori
1477 3492 1891 3560 monasterio
1928 3504 2202 3571 teneret,
2241 3513 2403 3559 cum
2453 3511 2674 3578 eaque
2709 3501 2871 3558 noctu
2891 3476 2940 3577 ad

487 3580 716 3669 ipsum
775 3579 1185 3648 ascendente
1236 3579 1805 3649 consuetudinem
1861 3580 2162 3649 haberet.
2208 3580 2300 3647 Ad
2353 3579 2524 3648 haec
2563 3581 2776 3669 ipsius
2802 3566 2942 3643 aucil-

486 3667 623 3736 lam
676 3669 970 3757 pecunia
1018 3681 1498 3758 corrumpunt,
1540 3670 1739 3755 eique
1788 3680 1933 3737 tum
1988 3667 2396 3749 libertatem,
2456 3680 2602 3737 tum
2653 3665 2838 3738 aulici
2866 3677 2942 3725 cu·

477 3755 760 3844 jusdam
813 3757 1238 3826 connubium
1295 3756 1716 3847 pollicentes,
1755 3757 1882 3826 hoc
1922 3757 2357 3845 persuadent,
2399 3770 2476 3826 ut
2524 3756 2830 3826 adversus
2849 3764 2938 3843 eam

486 3845 695 3913 simul
747 3868 825 3913 ac
865 3860 1177 3916 sanctum
1225 3845 1445 3914 virum
1498 3858 1961 3915 consentanea
2009 3846 2093 3913 iis
2141 3845 2420 3926 diceret,
2456 3867 2636 3932 quae
2676 3845 2767 3913 illi
2800 3843 2851 3909 in
2871 3832 2938 3902 1110

488 3934 860 4004 calumniis
912 3935 1112 4024 pleno
1169 3934 1401 4004 libello
1448 3947 1962 4004 contexuerant.
2017 3939 2158 4003 Hoc
2198 3956 2356 4003 cum
2413 3935 2842 4022 scripsissent,
2868 3940 2936 4016 Ριῗῐ

487 4023 774 4091 militem
807 4023 1177 4109 quemdam
1211 4023 1292 4092 ad
1333 4020 1848 4114 Imperatorem,
1902 4023 2018 4110 qui
2080 4037 2222 4092 tum
2277 4024 2348 4091 in
2402 4015 2932 4117 Scytharumlocb·

488 4112 932 4192 morabatur,
989 4112 1303 4182 libellum
1363 4114 1663 4182 mittunt.
1720 4112 1842 4182 Ille
1900 4113 2113 4202 igitur
2172 4111 2349 4180 lucri
2404 4111 2753 4200 cujusdam
2797 4112 2932 4173 mstar

486 4223 643 4269 eum
681 4200 1053 4300 accipienS,
1102 4224 1180 4270 ac
1216 4203 1478 4271 leonem
1523 4201 1667 4289 jam
1713 4202 1781 4268 in
1835 4201 2132 4271 vinculis
2166 4200 2455 4279 babens,
2511 4200 2592 4268 ad
2633 4196 2924 4289 Anthetusst·

486 4290 605 4373 qui
649 4288 969 4358 vicariam
1010 4290 1141 4378 ipsi
1193 4291 1258 4358 in
1307 4291 1499 4358 urbis
1596 4290 2044 4359 ubernatione
2090 4311 2372 4379 operam
2424 4289 2719 4363 navabat,
2756 4292 2926 4379 epistt*

489 4375 623 4442 lam
676 4377 1194 4466 quamprimum
1252 4379 1511 4459 scribit,
1545 4314 1678 4448 {oc
1725 4378 2060 4469 exemplo.
2103 4402 2140 4445 «
2171 4377 2267 4447 Ad
2302 4377 2760 4447 monasterium
2791 4359 2918 4436 mad.
