2993 4837
498 342 624 406 706
1120 357 1198 402 nc
1245 358 1301 403 s.
1358 356 1681 403 srsrflmo
1727 354 1997 404 sonions
2046 357 2237 403 mar.
2614 337 2763 401 Not.
2799 339 2860 402 28

405 442 751 531 quoddam
804 441 1086 510 rationis
1136 439 1504 530 particepS,
1551 440 1779 510 statim
1824 440 2159 529 imperata
2210 440 2521 518 faciebat,
2555 462 2628 509 ac
2659 462 2866 509 summa

405 532 744 602 celeritate
789 530 876 599 ad
928 531 1420 598 monasterium
1474 551 1790 619 pergem,
1849 530 2364 618 praefectaeque
2398 529 2601 598 cellae
2627 528 2866 604 adstans.

404 621 771 691 adventum
809 640 1012 688 suum
1053 617 1302 687 latratu
1350 619 1810 707 significabat.
1863 624 1940 687 At
1988 641 2149 688 cum
2200 619 2274 699 ii,
2319 619 2537 706 quiin
2572 617 2682 687 illo
2709 618 2873 685 domi·

402 710 559 780 cilio
609 720 1016 778 consuetum
1056 706 1277 796 ipsius
1337 708 1793 776 ministerium
1844 708 2334 797 agnoscebant,
2376 707 2461 776 ad
2510 729 2658 775 eum
2693 727 2875 794 prope-

401 799 667 878 rabant,
736 820 813 865 ac
879 797 1175 885 perlecta
1238 796 1525 875 charta,
1582 818 1759 883 quae
1806 819 1885 865 ea
1981 795 2352 878 ostulabat,
2406 794 2872 883 exequebantur.

398 893 611 1045 Atssue
660 887 752 955 ita
802 885 1021 975 jussis
1078 883 1481 974 perfunctus
1530 885 1723 955 canis
1781 885 1867 953 ad
1972 886 2289 955 ominum
2345 907 2585 955 rursus
2645 907 2711 953 se
2757 882 2880 952 refe-

402 998 473 1046 re
526 988 616 1045 at.

488 1068 523 1152 §
570 1069 647 1135 ⁸2.
700 1062 992 1152 Contigit
1039 1074 1265 1131 autem
1315 1061 1713 1147 aliquandO,
1767 1073 1845 1130 ut
1886 1061 2276 1152 Stephanus
2339 1084 2425 1131 ex
2464 1062 2686 1149 aliquo
2734 1061 2881 1128 mini·

400 1153 604 1223 sterio
654 1174 962 1221 reversus
1011 1150 1321 1219 divinum
1375 1149 1572 1218 illum
1603 1156 1940 1220 Joannem
1980 1151 2198 1240 posito
2229 1150 2318 1219 ad
2354 1150 2719 1240 speluncae
2745 1148 2878 1218 fene-

401 1241 609 1312 stram
635 1242 855 1332 capite
875 1239 1318 1309 acerbissime
1348 1240 1620 1307 flentem
1642 1239 2032 1308 offenderet.
2073 1244 2239 1310 Cum
2263 1253 2498 1309 autem
2534 1241 2694 1329 ipse,
2718 1237 2880 1307 defixa

399 1331 597 1400 humi
645 1330 864 1399 fronte
911 1330 998 1398 ab
1035 1351 1113 1398 eo
1156 1349 1615 1415 nequaquam,
1669 1343 1746 1396 ut
1793 1328 2074 1408 solebat,
2111 1329 2659 1408 benediceretur,
2701 1325 2878 1417 perdiu

399 1420 481 1488 ad
523 1420 703 1490 hunc
734 1418 1014 1486 modum
1058 1417 1253 1485 humi
1285 1428 1685 1506 prostratus,
1728 1438 1959 1486 secum
2003 1418 2149 1506 ipse
2191 1418 2583 1507 reputabat,
2619 1438 2878 1504 quorsum

401 1508 673 1577 tandem
717 1507 885 1575 haec
918 1506 1129 1596 patris
1179 1504 1574 1574 lamentatio
1615 1518 1972 1595 spectaret.
2014 1512 2088 1575 At
2139 1507 2773 1595 perspicacissimus
2809 1502 2880 1570 ille

399 1597 502 1665 vir
539 1618 694 1666 cum
745 1596 977 1664 animo
1018 1616 1143 1664 suo
1180 1616 1480 1674 versans,
1542 1616 1620 1662 ac
1655 1594 1904 1663 deinde
1952 1615 2023 1664 se
2070 1596 2402 1682 erigens,
2431 1619 2468 1662 «
2505 1600 2643 1663 Tua
2688 1615 2879 1662 causa.

398 1685 645 1771 inquit,
681 1683 1035 1753 carissime
1071 1682 1193 1765 sili,
1252 1687 1389 1760 tua,
1429 1684 1742 1768 inquam,
1803 1705 2012 1752 causa
2055 1683 2123 1751 in
2163 1684 2290 1751 hoe
2332 1681 2536 1753 luctu
2571 1682 2689 1752 sui.
2738 1682 2882 1750 Plane

398 1775 582 1844 enim
619 1773 746 1842 hoc
780 1773 957 1852 novi,
998 1772 1161 1850 sore,
1202 1784 1277 1840 ut
1316 1772 1427 1840 hio
1463 1771 1655 1840 locus
1699 1785 1812 1841 tua
1863 1784 2258 1857 tempestate
2308 1772 2789 1843 incrementum
2813 1791 2885 1837 ca·

399 1863 576 1952 piat:
622 1885 701 1931 ac
744 1883 985 1931 rursus
1010 1861 1096 1929 ab
1128 1860 1363 1948 impiis
1397 1860 1787 1949 Imaginum
1832 1860 2148 1930 hostibus
2176 1874 2554 1930 evertatur.
2582 1886 2617 1928 »
2647 1860 2730 1929 Ad
2759 1878 2883 1943 quae

396 1974 554 2021 cum
594 1951 981 2039 Stephanus
1018 1948 1396 2018 admodum
1447 1948 1756 2019 dolenter
1787 1951 1924 2018 imo
1952 1949 2155 2018 corde
2191 1950 2672 2039 ingemuisset;
2704 1972 2733 2014 ι(
2760 1944 2882 2029 Quid

397 2055 651 2120 autem,
692 2040 937 2126 inquit,
980 2038 1377 2107 honorande
1420 2043 1632 2122 Pater,
1688 2060 1771 2107 an
1817 2038 1987 2107 illud
2020 2059 2296 2125 quoque
2332 2038 2480 2108 fore
2519 2034 2878 2128 prospexisti,

396 2142 474 2199 ut
506 2151 646 2198 una
679 2129 825 2218 ipse
861 2149 1157 2218 peream,
1194 2140 1397 2214 atque
1426 2150 1463 2195 a
1495 2149 1807 2217 perversa
1850 2126 2160 2195 doctrina
2194 2128 2478 2196 vincar?
2515 2151 2551 2194 »
2601 2133 2752 2196 Tum
2786 2121 2878 2191 ille.

398 2242 433 2286 «
463 2224 646 2288 Bona
688 2217 912 2297 verba,
952 2216 1077 2291 fili.
1117 2216 1376 2302 inquit:
1418 2238 1770 2302 nunquam
1815 2216 1942 2284 hoc
1972 2216 2261 2285 accidat.
2318 2221 2634 2286 Ceterum
2669 2229 2733 2283 ut
2761 2217 2880 2299 Apo-

398 2307 550 2377 stoli
594 2307 817 2378 verbis
866 2319 1044 2384 utar,
1115 2305 1264 2373 vide
1326 2303 1910 2391 quemadmodum
1979 2318 2178 2374 caute
2210 2305 2562 2375 ambules.
2608 2303 2733 2373 Scri
2779 2314 2876 2368 tum

395 2410 495 2467 est
549 2395 760 2475 enim,
813 2417 927 2466 eos
986 2394 1267 2463 demum
1310 2393 1598 2463 salutem
1649 2415 1797 2463 esse
1844 2406 2360 2475 consecuturos,
2429 2396 2558 2482 qui
2606 2393 2684 2463 ad
2764 2407 2868 2457 nem

395 2507 618 2573 usque
652 2482 1248 2575 perseveraverint.
1279 2506 1313 2549 »
1356 2488 1537 2551 Haec
1584 2494 1648 2551 et
1679 2481 1815 2551 alia
1848 2483 2174 2551 monendi
2224 2487 2461 2564 causa,
2523 2484 2781 2555 locutus,
2816 2495 2871 2543 ea

396 2597 571 2662 quae
616 2574 745 2663 ipsi
778 2574 846 2641 in
883 2586 1231 2662 posterum
1265 2585 1589 2640 eventura
1627 2584 1844 2652 erant,
1890 2571 2324 2659 apertissime
2426 2573 2728 2642 raedixit.

483 2666 518 2750 ξ
566 2665 647 2734 S.
704 2662 920 2751 Igitur
966 2683 1044 2730 eo
1094 2674 1396 2749 tempore
1434 2715 1448 2740 ,
1501 2668 1662 2729 cum
1734 2661 2148 2730 sacerrimus
2217 2664 2372 2749 Step
2433 2684 2618 2731 anus
2678 2668 2870 2750 pati-ein

397 2774 602 2821 suum
671 2750 1017 2820 carnalem
1083 2748 1169 2818 ad
1243 2749 1607 2818 Dominum
1662 2748 2003 2838 proficisci
2067 2749 2503 2830 rescivisset,
2564 2742 2871 2839 spiritualis

396 2840 682 2928 hujusce
718 2840 931 2929 patris
959 2838 1253 2919 hortam,
1307 2838 1706 2927 Byzantium
1753 2838 1939 2926 petit,
1994 2860 2072 2906 ac
2098 2838 2312 2925 ¹iustis
2361 2839 2498 2928 ipsi
2553 2833 2868 2929 persolutis,

394 2927 899 3016 divenditisque
946 2927 1275 2997 omnibus
1331 2926 1552 3015 ipsius
1609 2926 2073 3007 facultatibuS‚
2127 2948 2207 2995 ae
2272 2941 2495 2998 matre
2554 2943 2742 3014 atque
2780 2940 2870 2990 una

396 3038 623 3086 sorore
682 3016 1059 3108 assumptis
1105 3016 1349 3106 (altera
1415 3015 1599 3084 enim
1659 3014 1804 3101 jam
1861 3027 2018 3085 ante
2072 3014 2141 3083 in
2202 3017 2580 3103 Byzantino
2637 3011 2868 3101 quodam

394 3104 722 3174 coenobio
787 3106 1202 3174 monasticae
1252 3105 1424 3173 vitae
1494 3126 1704 3173 causa
1753 3126 2022 3173 comam
2073 3103 2446 3193 abjecerat)
2493 3105 2577 3173 ad
2641 3114 2870 3171 montem

394 3194 591 3263 redit.
648 3198 951 3281 Cumque
1000 3194 1221 3283 ipsius
1266 3195 1475 3282 opera
1511 3191 1666 3260 illae
1700 3215 1737 3260 a
1778 3192 2012 3260 divino
2044 3214 2205 3262 sene
2243 3192 2769 3262 benedictionem
2795 3206 2870 3280 307

394 3283 759 3372 cepissent,
797 3282 881 3351 ad
918 3284 1285 3352 mulierum
1325 3281 1816 3352 monasterium
1884 3280 2128 3351 ductas
2160 3304 2276 3351 eas
2310 3282 2650 3360 detondet,
2686 3301 2755 3347 ac
2794 3279 2870 3369 Det

394 3372 611 3441 cultui
649 3385 1043 3452 consecrat;
1087 3371 1459 3458 matrisque
1508 3369 1808 3439 carnalis
1838 3382 2042 3457 atque
2075 3371 2234 3440 item
2279 3371 2536 3454 sororis
2577 3382 2748 3460 pater
2772 3383 2870 3451 spl-

392 3460 665 3530 ritualis
711 3461 1027 3530 efficitur.
1081 3459 1342 3528 Etenim
1394 3459 1522 3529 hoc
1592 3458 1871 3528 demum
1946 3481 2098 3528 vere
2168 3461 2428 3529 amoris
2497 3482 2576 3528 ac
2640 3472 2869 3526 consan-

393 3551 752 3638 guinitatis
801 3563 1282 3639 argumentum
1344 3561 1467 3627 est,
1525 3547 1777 3616 iisdem·
1831 3549 2035 3617 rebus
2087 3548 2389 3637 gaudere
2425 3604 2441 3628 ‚
2494 3564 2686 3636 atque
2736 3542 2864 3611 idem

392 3639 567 3708 vitae
616 3661 835 3740 genus
898 3637 1283 3725 complecti.
1348 3642 1515 3706 Nam
1577 3636 1835 3722 alioqui
1909 3637 2165 3726 majore
2230 3660 2311 3707 ex
2363 3652 2553 3726 parte
2620 3632 2864 3705 homines

392 3750 798 3814 sanguinem
835 3727 1148 3796 ementiri
1183 3779 1197 3805 ‚
1258 3749 1337 3794 ac
1372 3726 1642 3815 generis
1694 3726 2272 3815 propinquitatem
2319 3727 2690 3796 adulterare
2730 3736 2860 3787 com·

392 3830 659 3906 pertum
729 3816 966 3885 habeo.
1024 3821 1257 3885 Postea
1298 3829 1525 3883 autem
1580 3837 1891 3884 reversus
1942 3815 2007 3882 in
2063 3815 2356 3904 pristino
2407 3817 2578 3884 vitae
2623 3809 2862 3882 instituto

390 3908 759 3997 perstabat.
813 3912 954 3975 Non
989 3904 1286 3974 multum
1341 3904 1667 3993 temporis
1719 3903 2149 3981 intercessit,
2201 3927 2363 3973 cum
2400 3905 2665 3974 divinus
2701 3904 2856 3968 Joan-

390 4016 509 4064 nes
549 4018 747 4065 suam
790 3994 873 4062 ad
928 3999 1136 4063 Deum
1184 3992 1667 4081 profectionem
1721 3992 2084 4061 imminere
2116 3993 2445 4076 sentiens,
2503 3989 2711 4062 multis
2753 4001 2856 4051 ma·

438 4107 602 4153 num
642 4084 1061 4173 Stephanum
1102 4083 1481 4171 praeceptis
1517 4081 1860 4160 instruxit,
1898 4094 2102 4167 atque
2140 4095 2519 4152 extremum
2555 4075 2851 4171 osculatus·

389 4107 618 4244 debito
659 4172 871 4261 justis
920 4194 1160 4241 somno
1210 4171 1623 4257 conquievit,
1682 4169 2141 4259 spiritumque
2175 4193 2380 4240 suum
2427 4160 2852 4239 immortalibus

391 4263 715 4332 manibus
749 4260 1276 4329 commendavit.
1317 4260 1550 4329 Statim
1583 4259 1809 4344 itaque
1839 4259 2478 4347 praestantissimus
2517 4254 2844 4346 Stephanus-

389 4352 605 4419 Patris
674 4362 957 4417 mortem
1012 4372 1131 4437 per
1190 4362 1511 4418 tesseram
1566 4346 2048 4437 significatam,
2107 4347 2592 4418 monachorum
2617 4355 2837 4435 greges‚r

390 4448 741 4520 tamquam
809 4459 1039 4505 cervos
1089 4436 1174 4504 ad
1224 4437 1440 4508 sontes
1511 4437 1949 4517 convocavit;
2003 4437 2122 4524 qui
2185 4459 2346 4509 cum
2413 4437 2580 4509 beati
2630 4434 2842 4501 ,loannis
