2993 4837
56 286 214 351 NOV.
270 288 350 351 :34
892 305 966 351 oa
1015 306 1069 352 s.
1117 303 1425 352 ronnfflo
1474 306 1712 352 Anaua
2130 299 2136 304 '
2355 292 2471 353 66t

52 395 85 458 A
132 388 447 458 ostolicae
483 389 777 457 notarios
803 411 1033 458 coram
1059 389 1257 458 nobis
1281 393 1583 477 excepta,
1615 394 2013 479 Regumque
2054 413 2132 460 ac
2158 392 2559 480 Principum

53 412 568 546 Cliristianorum
598 490 800 563 atque
848 478 1065 567 ipsius
1095 477 1372 549 Ordinis
1407 483 1718 547 Fratrum
1752 478 2298 548 Excalceatorum
2329 485 2400 547 B.
2437 486 2571 548 Ma-

51 563 512 655 riae'Virginis
573 589 612 634 a
672 571 889 635 Monte
938 566 1245 636 Carmelo
1283 567 1504 636 enixis
1557 568 1874 656 precibus
1931 590 2050 655 pro
2101 574 2170 636 Β.
2214 569 2476 637 joanne
2522 592 2563 636 a

48 661 234 723 cruce
284 655 348 722 in
389 667 783 724 sanctorum
835 654 1310 725 Confessorum
1366 678 1501 724 non
1559 656 1958 744 pontificum
2010 679 2341 726 canonem
2402 656 2567 726 refe-

48 743 235 811 rendo
266 743 690 831 Apostolicae
741 743 895 812 Sedi
948 745 1298 832 porrectis,
1339 757 1489 832 post
1540 757 1762 814 tantae
1816 745 1906 813 rei
1963 745 2418 833 perficiendae
2459 768 2566 816 so-

50 831 318 900 lemnem
372 832 556 899 diem
611 831 964 911 indictam,
1006 855 1258 919 perque
1292 834 1657 912 orationeS‚
1691 832 1962 990 ‚jejunia
2000 849 2062 902 et
2097 833 2568 922 eleemosynas

44 921 516 1009 omnipotentis
571 922 679 988 Dei
735 944 932 1010 opem
993 920 1495 991 ferventissime
1543 923 1687 1009 imp
1720 936 2018 998 oratam,
2072 921 2352 991 demum
2411 924 2564 994 uni-

48 1009 256 1088 versis,
308 1031 488 1095 quae
521 1031 599 1077 ex
647 1023 1156 1080 antecessorum
1214 1024 1605 1080 nostrorum
1657 1017 2118 1080 Romanorum
2160 1011 2560 1079 Pontificum

45 1097 632 1168 constitutionibus
684 1111 749 1167 et
799 1103 862 1167 S.
912 1105 986 1167 R.
1034 1104 1105 1167 E.
1152 1098 1523 1186 disciplina
1572 1099 1837 1188 agenda
1887 1113 2102 1175 erant,
2162 1100 2348 1166 omni
2405 1100 2564 1168 reli-

49 1185 222 1273 gione
322 1187 597 1262 arantis,
646 1187 771 1255 hac
824 1187 973 1274 ipsa
1021 1187 1133 1254 die
1197 1188 1260 1254 in
1315 1187 1644 1256 honorem
1698 1194 1765 1255 B.
1819 1188 2104 1256 Joaunis
2159 1188 2450 1273 apostoli
2503 1201 2566 1256 et

49 1295 274 1363 evange
308 1276 478 1344 istae
532 1280 658 1343 Deo
708 1279 924 1352 sacra,
965 1281 1107 1345 una
1160 1298 1318 1343 cum
1376 1277 1616 1344 iisdem
1671 1276 2177 1345 venerabilibus
2213 1277 2561 1345 Fratribus

51 1367 269 1431 nostris
319 1369 385 1433 S.
428 1369 508 1433 R.
555 1369 624 1431 E.
674 1364 1175 1444 Cardinatibus,
1214 1365 1650 1442 Patriarcbi8‚
1694 1364 2238 1453 Archiepiscopis
2292 1379 2355 1433 et
2403 1366 2563 1453 Epi-

52 1452 245 1538 scopis
293 1475 371 1521 ac
426 1453 787 1539 utriusque
840 1453 1010 1521 Cleri
1060 1467 1124 1523 et
1187 1453 1425 1542 populi
1490 1453 1870 1539 frequentia
1927 1455 1992 1521 in
2051 1468 2559 1522 sacrosanctam

50 1538 371 1610 basilicam
412 1542 746 1630 principis
779 1542 1251 1629 Apostolorum
1289 1547 1418 1610 Deo
1458 1541 1929 1630 supplicantes
1960 1543 2410 1611 convenimus
2438 1543 2556 1610 ²⁶...

530 1873 756 1971 Vl'l'A
830 1873 909 1970 S.
978 1873 1456 1971 PORTiANl
1517 1861 1582 1891 *⁴
1637 1873 2073 1972 ABBftTtS
2169 1935 2182 1948 ·

1906 2069 1924 2091 .

92 2121 403 2172 mucrone
466 2123 849 2171 ‹zacconio
907 2111 1335 2172 Tunonssivffl
1388 2105 1487 2136 ’Ἢ
1545 2109 1629 2170 He
1692 2106 1833 2171 Vita
1883 2108 2182 2174 Patra-m.
2243 2109 2402 2192 Cap.
2455 2116 2517 2172 5.

347 2316 644 2371 Probab.
691 2329 728 2370 e
769 2316 907 2370 vita.
950 2316 1243 2371 decessit
1286 2331 1463 2371 anno
1509 2318 1640 2369 540
1673 2345 1742 2353 -α
1775 2316 1928 2372 Nat.
1975 2317 2241 2374 Gallus,

126 2512 155 2592 ἓ
195 2516 262 2582 1.
317 2514 526 2582 Multa
579 2515 1014 2602 omnipotens
1049 2520 1219 2581 Deus
1254 2536 1378 2582 suo
1421 2514 1668 2583 dicatis
1703 2515 1977 2582 nomine
2009 2515 2346 2605 indulget,
2392 2514 2565 2584 mul-

58 2605 289 2683 tamque
321 2602 584 2672 eisdem
642 2624 760 2689 pro
819 2603 999 2669 fideli
1054 2603 1326 2670 servitio
1378 2603 1819 2691 benignitatis
1867 2626 2065 2691 opem
2115 2619 2558 2693 compensat,

57 2702 267 2773 magna
310 2691 593 2776 quidem
640 2713 709 2758 se
755 2690 1083 2778 pollicens
1139 2690 1565 2759 redditurum
1630 2692 1696 2760 in
1738 2692 1946 2769 coelo,
2004 2693 2119 2760 sed
2172 2715 2348 2779 quae
2381 2714 2567 2761 aece-

54 2775 206 2865 pturi
241 2792 420 2856 sunt,
467 2777 874 2867 plerumque
923 2778 1283 2847 declarans
1320 2779 1386 2847 in
1426 2780 1679 2849 seculo,
1723 2785 1885 2848 Nam
1925 2782 2202 2869 saepius
2234 2782 2317 2850 de
2353 2783 2564 2849 servis

53 2854 291 2945 liberoS,
349 2867 434 2936 de
489 2866 721 2936 liberis
766 2868 972 2936 efficit
1016 2869 1372 2955 gloriosos..
1404 2867 1598 2953 juxta
1650 2868 1820 2936 illud
1886 2870 2400 2959 Psalmograpbi
2456 2869 2564 2937 di-

54 2958 206 3018 ctum
241 2979 253 3017 :
303 2958 651 3025 Suscitans
702 2981 743 3025 α
775 2968 956 3025 terra
1006 2960 1286 3044 inopem,
1326 2967 1385 3023 et
1424 2958 1504 3024 de
1541 2968 1825 3026 stercore
1864 2960 2126 3047 erz'yens
2171 2981 2561 3047 pauperem,

54 3044 110 3101 ut
151 3043 408 3113 collocet
460 3067 611 3114 eum
651 3069 799 3114 cum,
830 3046 1244 3135 principibus
1291 3047 1534 3134 populi
1574 3048 1687 3113 sui
1727 3046 1864 3132 (Pa.
1921 3048 2097 3134 a1112).
2155 3047 2358 3116 Illicit
2406 3070 2566 3135 ergo

53 3141 249 3197 amore
282 3154 405 3202 suo
451 3134 683 3201 divina
742 3134 1205 3202 misericordia
1266 3134 1538 3221 inopem
1585 3148 1657 3203 ut
1692 3134 1776 3202 de
1828 3136 2052 3223 parvis
2095 3158 2200 3203 ma
2262 3158 2381 3203 nos
2421 3139 2561 3204 sta-

54 3222 190 3295 tuat,
227 3240 301 3287 ac
334 3221 417 3290 de
456 3221 753 3290 infirmis
794 3222 1134 3311 Unigeniti
1176 3223 1282 3290 sui
1326 3222 1530 3291 faciat
1564 3222 1998 3292 cohaeredes.
2033 3229 2193 3293 Prae
2225 3226 2354 3293 ecit
2379 3226 2559 3293 enim

51 3296 115 3365 (le
161 3303 276 3375 bac
320 3310 673 3381 mundana
722 3324 1016 3399 egestate
1053 3311 1116 3378 in
1171 3311 1381 3391 coelo,
1436 3333 1574 3397 quo
1623 3312 1951 3380 scandere
1990 3334 2122 3381 non
2172 3313 2389 3401 potuit
2439 3326 2563 3381 ter-

54 3405 260 3488 renum
300 3399 700 3488 Imperium,
747 3410 822 3466 ut
855 3400 1133 3468 accedat
1167 3399 1333 3468 illuc
1372 3400 1697 3477 rusticum
1736 3422 1871 3486 quo
1899 3402 2219 3470 accedere
2259 3424 2387 3470 non
2431 3424 2566 3469 me-

53 3493 635 3575 ruttpurpuratus.
693 3488 800 3555 Sic
852 3509 1036 3555 nunc
1086 3488 1455 3557 dicendum
1513 3488 1595 3555 de
1651 3489 1843 3558 beato
1904 3490 2214 3561 l‘ortiano
2264 3490 2559 3561 Abbate.

51 3581 401 3669 quemnon
461 3576 659 3643 modo
708 3576 791 3643 de
856 3598 1057 3645 onere
1117 3576 1451 3645 mundani
1519 3578 1776 3646 serv-itii
1826 3580 2052 3658 eruit,
2118 3579 2559 3647 verumetiam

52 3668 286 3756 magnis
350 3664 715 3733 virtutibus
777 3664 1217 3753 sublimavit,
1273 3677 1476 3751 atque
1546 3678 1694 3755 post
1760 3679 2015 3735 motum
2083 3680 2147 3736 et
2211 3689 2566 3755 pressuras

51 3744 254 3826 seculi,
299 3750 364 3817 in
418 3754 652 3840 requie
694 3766 965 3821 aeterna
1016 3754 1408 3832 constituit,
1468 3754 1849 3840 locavitque
1896 3778 2055 3824 eum
2123 3757 2298 3825 iuter
2349 3763 2564 3845 Ange-

52 3820 236 3936 lorum
272 3838 536 3919 choros,
571 3840 654 3909 de
689 3842 945 3927 quibus
977 3842 1308 3929 expulsus
1346 3855 1446 3911 est
1482 3842 1808 3913 dominus
1853 3843 1966 3911 ille
2003 3858 2336 3914 terrenus.

118 3924 146 3999 Β
192 3927 270 3991 ⁰2.
321 3931 761 3999 Beatissimus
797 3930 1004 4019 igitur
1043 3932 1397 4000 Portianus
1426 3932 1513 3998 ab
1551 3932 1826 4001 ineunte
1857 3946 2072 4001 aetate
2103 3938 2312 4002 Deum
2341 3954 2547 4017 quac·

48 4017 166 4071 rere
194 4013 351 4082 coeli
384 4040 652 4120 semper
680 4018 883 4086 etiam
923 4020 1097 4087 inter
1138 4033 1401 4089 terrena
1435 4020 1710 4087 servitia
1759 4021 2164 4089 conabatur.
2205 4022 2329 4089 Hic
2363 4022 2542 4085 enim

50 4104 248 4165 Servus
277 4101 482 4174 fertur
517 4108 725 4175 tuisse
774 4107 1141 4195 cujusdam
1194 4109 1467 4177 barbari
1510 4108 1670 4174 ****.
1709 4114 1774 4179 Is
1803 4132 1962 4178 cum
2006 4110 2412 4198 plerumque
2461 4108 2541 4174 ad

53 4232 474 4327 outfflffflffl'affinu’
515 4261 634 4300 quac
669 4250 713 4291 iu
750 4252 1197 4294 conminationibus
1233 4251 1332 4292 fleri
1368 4254 1552 4298 solent.
1589 4264 1711 4293 nunc
1749 4260 2044 4304 sequuntur.
2079 4265 2196 4303 quaa
2236 4264 2319 4294 nos
2355 4253 2559 4292 libenter⁴

180 4303 295 4339 mus·
1163 4309 1213 4332 ³*
1242 4304 1435 4352 Gallice,
1466 4310 1699 4355 Pom-qam

94 4337 483 4448 :gf-Igrfletgolrius
503 4359 675 4423 OEjurou.
702 4348 749 4398 50
772 4360 843 4399 vel
864 4361 914 4399 60
935 4370 1080 4399 annos
1102 4360 1341 4400 dumtaxat
1362 4364 1468 4408 post
1491 4361 1533 4399 S.
1559 4358 1766 4400 Portiani
1787 4359 1966 4400 obitum
1991 4362 2163 4401 floruit.

334 4436 343 4451 ι
410 4424 546 4450 ''dut-‘l-
