2993 4837
49 328 218 394 NOV.
275 329 362 392 30
897 345 975 391 υε
1023 345 1077 391 s.
1132 344 1381 391 Annam
1430 343 1746 391 Arosroto
2385 331 2513 395 747

124 433 159 518 ξ
203 432 282 501 2.
336 434 535 498 Tunc
576 428 793 498 iratus
840 433 1115 519 Aegeas,
1165 428 1381 516 jussit
1428 450 1588 497 eum
1639 429 1710 496 in
1760 449 2101 499 carcerem
2139 429 2422 500 retrudi.
2473 431 2599 502 Ubi

46 541 194 588 cum
243 529 425 589 esset
473 517 759 587 clausus
795 572 810 599 ,
862 519 1046 587 venit
1092 516 1177 586 ad
1227 537 1385 586 eum
1439 516 1811 587 multitudo
1859 539 2032 607 pene
2079 518 2289 589 totius
2323 519 2600 609 provin-

47 608 204 688 ciae,
259 607 355 676 ita
405 618 485 677 ut
537 610 821 697 Aegeam
873 605 1124 676 vellent
1159 605 1493 687 occidere,
1533 617 1597 675 et
1629 606 1963 675 Andream
2000 607 2424 698 Apostolum,
2467 608 2601 677 fra-

44 697 162 766 ctis
190 694 435 786 januis
483 695 805 775 carceris,
864 695 1179 764 liberare.
1233 699 1416 777 Quos
1466 699 1531 764 S.
1585 694 1886 765 Andreas
1945 697 2055 765 his
2094 698 2321 768 verbis
2366 696 2598 767 admo-

48 784 231 853 nuit:
284 807 322 851 «
360 783 585 854 Nolite
616 784 913 871 quietem
973 783 1237 854 Domini
1288 783 1502 854 nostri
1549 789 1716 854 Jesu
1764 784 2012 854 Christi
2057 785 2130 855 in
2194 786 2597 856 seditionem

46 872 451 943 diabolicam
506 874 826 942 excitare.
898 878 1065 942 Nam
1127 872 1416 942 traditus
1482 873 1818 943 Dominus
1873 896 2145 942 omnem
2201 875 2596 963 patientiam

48 962 395 1051 praebuit;
452 983 593 1031 non
629 961 1003 1042 contendit,
1061 981 1281 1048 neque
1328 959 1696 1043 clamavit,
1752 983 1875 1032 nec
1926 964 1993 1030 in
2058 963 2297 1052 plateis
2345 963 2599 1050 aliquis

48 1071 192 1119 eum
223 1050 642 1121 clamantem
673 1050 957 1120 audivit.
996 1050 1251 1119 Habete
1282 1071 1443 1139 ergo
1479 1049 1856 1131 silentium,
1895 1051 2192 1138 quietem
2227 1062 2292 1119 et
2326 1073 2592 1140 pacem:

49 1150 106 1208 et
150 1160 285 1208 non
336 1139 567 1209 solum
622 1160 849 1207 meum
886 1139 1296 1228 martyrium
1343 1137 1550 1207 nolite
1595 1139 1953 1230 impedire,
1996 1141 2444 1209 verumetiam
2477 1161 2598 1209 vos

53 1228 223 1316 ipsos
254 1228 457 1316 quasi
508 1227 802 1297 athletas
852 1228 1122 1296 Domini
1175 1237 1597 1317 praeparate,
1654 1242 1728 1296 ut
1774 1228 2065 1298 vincatis
2119 1229 2344 1297 minas
2386 1229 2595 1297 intre-

59 1315 201 1404 pido
230 1318 512 1386 animo:
572 1316 809 1416 plagas
857 1327 1083 1385 autem
1137 1337 1259 1473 per
1305 1314 1738 1384 tolerantiam
1774 1338 1893 1385 cor
1943 1318 2082 1386 oris
2122 1318 2483 1406 superetis.
2526 1315 2593 1385 Si

57 1405 222 1473 enim
268 1418 493 1475 terror
542 1404 892 1473 timendus
926 1416 1049 1485 est,
1086 1403 1133 1472 il
1165 1427 1201 1473 e
1234 1416 1335 1473 est
1364 1405 1605 1491 utique
1653 1405 1861 1475 timen
1921 1427 2024 1488 us,
2059 1406 2181 1493 qui
2214 1406 2421 1475 finem
2455 1425 2592 1473 non

57 1490 260 1562 habet.
309 1499 481 1563 Nam
517 1494 875 1563 humanus
910 1494 1115 1562 timor
1144 1493 1335 1563 fumo
1366 1493 1618 1562 similis
1650 1507 1775 1574 est,
1820 1506 1885 1563 et
1916 1495 2167 1576 subito,
2213 1516 2370 1564 cum
2411 1495 2592 1563 exci-

55 1591 217 1649 tatus
260 1580 492 1663 fuerit,
531 1581 901 1651 evanescit.
939 1586 1016 1651 Et
1064 1582 1122 1651 si
1171 1581 1440 1652 dolores
1490 1582 1778 1652 timendi
1814 1595 1998 1664 sunt,
2035 1583 2136 1651 illi
2168 1597 2329 1651 sunt
2361 1582 2595 1652 formi-

54 1666 270 1750 dandi,
313 1672 436 1758 qui
490 1671 595 1741 sic
642 1671 1011 1760 incipiunt,
1051 1682 1125 1739 ut
1164 1693 1522 1759 nunquam
1559 1672 1915 1741 finiantur.
1953 1672 2073 1740 Isti
2103 1673 2287 1740 enim
2322 1671 2594 1741 dolores

54 1768 157 1825 aut
199 1757 375 1830 leves
427 1770 619 1839 sunt,
656 1772 722 1828 et
752 1759 1165 1829 tolerantur:
1222 1774 1340 1829 aut
1369 1781 1612 1850 graves
1647 1770 1833 1841 sunt,
1872 1772 1937 1829 et
1966 1761 2100 1830 cito
2129 1762 2436 1829 animam
2474 1760 2596 1850 eji-

55 1844 247 1915 ciunt.
301 1847 411 1917 Illi
461 1860 697 1917 autem
730 1846 1000 1918 dolores
1031 1849 1288 1917 aeterni
1338 1859 1525 1929 sunt,
1562 1847 1681 1918 ubi
1724 1861 1825 1918 est
1877 1849 2327 1936 quotidianus
2357 1849 2588 1930 ssetuS,

54 1946 108 2000 et
148 1937 475 2026 mugitus,
532 1949 600 2006 et
650 1936 901 2018 luctuS,
948 1947 1012 2005 et
1046 1938 1193 2008 sine
1241 1937 1380 2005 fine
1429 1937 1802 2018 cruciatus,
1839 1938 1920 2006 ad
1957 1958 2161 2025 quem
2215 1937 2592 2007 Proconsul

56 2025 129 2090 Ae
171 2045 280 2092 eas
331 2025 427 2095 ire
478 2047 618 2094 non
675 2025 883 2094 timet.
941 2030 1164 2095 Estote
1210 2047 1372 2116 ergo
1423 2026 1645 2115 magis
1712 2026 1934 2116 parati
1988 2026 2071 2094 ad
2125 2025 2291 2106 hoc,
2346 2038 2423 2094 ut
2473 2048 2595 2115 per

59 2112 128 2178 tri
174 2112 510 2184 ulationes
559 2112 966 2204 temporales
1016 2114 1099 2183 ad
1152 2126 1425 2183 aeterna
1455 2114 1711 2205 gaudia
1752 2113 2193 2205 pertingatis:
2250 2115 2371 2184 ubi
2413 2136 2591 2183 sem·

60 2217 160 2284 per
186 2200 559 2283 laetemini,
592 2224 864 2290 semper
902 2202 1223 2279 floreatis,
1264 2223 1672 2292 semperque
1705 2224 1863 2272 cum
1902 2203 2168 2272 Christo
2211 2203 2584 2292 regnetis»

136 2290 281 2374 58.
334 2295 519 2362 Haec
551 2347 566 2372 ,
620 2302 685 2360 et
733 2291 841 2360 his
890 2291 1147 2360 similia
1204 2302 1440 2360 sancto
1502 2290 1766 2360 Andrea
1826 2291 2143 2382 Apostolo
2196 2314 2316 2381 per
2377 2303 2585 2363 totam

68 2387 299 2449 noctem
351 2380 695 2483 populum
745 2380 1178 2462 admonente,
1232 2379 1397 2450 dum
1451 2378 1568 2450 lux
1616 2379 1751 2449 diei
1786 2379 1852 2448 in
1893 2380 2231 2451 matutino
2266 2402 2588 2472 prorum-

65 2478 242 2550 peret,
281 2471 470 2539 misit
519 2475 606 2539 Ae
656 2490 794 2550 eaS,
839 2481 904 2538 et
932 2469 1219 2540 adduxit
1245 2469 1330 2538 ad
1373 2490 1442 2540 se
1476 2482 1790 2539 sanctum
1827 2469 2191 2552 Andream,
2231 2493 2309 2540 ac
2342 2469 2589 2540 sedens

63 2571 165 2639 pro
202 2557 555 2640 tribunali,
645 2558 765 2628 ixit
797 2582 813 2623 t
866 2581 901 2624 «
933 2559 1323 2629 Existimavi
1354 2570 1415 2628 te
1452 2571 1785 2628 nocturna
1820 2559 2233 2649 cogitatione
2275 2580 2590 2629 revocare

61 2641 341 2743 animum
392 2660 597 2718 tuum
646 2669 687 2715 a
717 2646 1030 2729 stultitia,
1064 2660 1129 2717 et
1158 2669 1197 2716 a
1231 2646 1476 2717 Christi
1513 2647 1612 2717 tui
1660 2646 1866 2717 laude
1914 2669 2203 2728 cessare,
2244 2659 2320 2717 ut
2351 2669 2589 2737 posses

60 2729 390 2804 nobiscum
443 2758 581 2806 non
648 2737 957 2805 amittere
1014 2734 1269 2826 gaudia
1316 2736 1514 2805 vitae.
1588 2736 1885 2806 Stultum
1937 2749 2038 2806 est
2098 2738 2336 2818 enim,
2405 2735 2589 2807 ultro

59 2816 204 2888 velle
246 2823 329 2892 ad
382 2826 775 2913 passionem
840 2826 1072 2894 Crucis
1120 2824 1241 2905 ire,
1296 2836 1359 2895 et
1409 2825 1691 2913 ignibus
1740 2848 1818 2894 ac
1867 2825 2170 2895 flammis
2234 2837 2295 2895 te
2343 2825 2581 2916 ipsum

63 2909 350 2989 pessimis
381 2913 749 2983 destinare.
793 2935 831 2980 »
881 2911 1180 2983 Andreas
1224 2913 1614 3002 respondit:
1670 2936 1705 2980 «
1735 2914 1997 2983 Gaudia
2048 2936 2283 2983 secum
2335 2914 2589 2983 habere

60 3006 283 3093 potero,
339 3001 400 3070 si
446 3002 736 3074 credens
784 3001 1081 3082 Christo,
1136 3001 1442 3071 dimittas
1487 3001 1800 3072 culturas
1850 3002 2217 3071 idolorum.
2273 3003 2584 3073 Christus

60 3097 218 3153 emm
268 3109 375 3158 me
422 3092 616 3161 misit
676 3090 763 3160 ad
825 3091 1026 3160 istam
1080 3089 1550 3179 provinciam,
1606 3091 1673 3158 in
1725 3113 1860 3178 qua
1931 3112 2062 3159 non
2115 3113 2401 3191 parvum
2469 3112 2587 3180 po-

61 3169 276 3253 pulum
325 3178 386 3246 ei
436 3178 797 3268 acquisivi.
845 3201 882 3245 »
948 3186 1199 3268 Aegeas
1264 3178 1472 3249 dixit:
1529 3202 1564 3246 «
1623 3179 1783 3249 Ideo
1835 3191 1894 3249 te
1951 3180 2340 3248 sacrificare
2402 3200 2588 3248 com-

58 3257 237 3343 peno,
288 3278 364 3335 ut
397 3267 533 3352 isti,
572 3269 691 3356 qui
723 3289 845 3357 per
875 3281 938 3336 te
968 3267 1229 3357 decepti
1272 3280 1436 3336 sunt
1485 3268 1748 3358 populi,
1792 3268 2185 3354 relinquant
2217 3267 2584 3337 vanitatem

63 3354 195 3417 tuae
239 3351 612 3436 doctrinae,
667 3371 732 3425 et
784 3357 916 3446 ipsi
966 3355 1101 3426 diis
1148 3356 1436 3427 offerant
1487 3368 1680 3447 grata
1739 3356 2096 3426 libamina.
2149 3355 2349 3426 Nulla
2401 3356 2582 3425 enim

59 3443 361 3530 remansit
412 3444 480 3513 in
531 3445 779 3534 AchaJa
817 3445 1081 3526 civitas,
1130 3445 1198 3513 in
1249 3467 1384 3532 qua
1436 3444 1689 3535 templa
1739 3445 2023 3514 deorum
2076 3445 2399 3514 derelicta
2449 3467 2583 3514 non

60 3536 268 3627 simet
303 3531 592 3603 deserta.
646 3539 838 3604 Nunc
885 3555 1049 3624 ergo
1102 3556 1220 3622 per
1268 3546 1327 3602 te
1368 3547 1792 3603 restauretur
1837 3533 2111 3603 cultura
2149 3534 2462 3614 deorum,
2511 3547 2589 3603 ut

59 3620 112 3675 9¹
140 3611 251 3712 (ᾎΠ,
288 3621 407 3706 qui
454 3635 691 3693 contra
727 3636 787 3692 te
820 3623 974 3693 irati
1026 3636 1211 3704 sunt,
1299 3622 1507 3691 lacari
1551 3623 1839 3712 possint,
1879 3635 1942 3691 et
1977 3624 2045 3691 in
2092 3635 2321 3691 nostra
2362 3623 2586 3712 possis

61 3706 331 3801 amicitia
372 3731 796 3799 permanere.
830 3712 944 3780 Sin
996 3711 1193 3792 aliaS,
1283 3712 1501 3780 iversa
1549 3732 1673 3801 pro
1706 3710 2102 3781 defensione
2135 3711 2420 3781 deorum
2462 3734 2584 3801 pa·-

62 3792 224 3859 ueris
255 3799 616 3955 suptplicia,
654 3815 719 3870 et
754 3814 905 3890 post
942 3801 1174 3868 omnia
1208 3800 1465 3880 Crucis,
1511 3821 1719 3887 quam
1758 3799 2078 3881 laudasti,
2124 3800 2432 3891 patibulo
2467 3822 2586 3869 su—

63 3888 323 3971 Spensus
418 3889 668 3959 eficies.
730 3911 767 3955 ›>
824 3888 1127 3959 Andreas
1179 3889 1576 3978 respondit:
1632 3911 1668 3956 «
1719 3889 1938 3971 Audi,
2006 3888 2106 3958 fili
2176 3890 2464 3969 mortis,
2520 3902 2584 3958 et

66 3967 288 4050 stipula
321 3978 610 4048 aeternis
645 3989 879 4067 parata
912 3977 1274 4054 incendiis,
1321 3977 1483 4047 audi
1523 3999 1630 4047 me
1670 3999 1940 4048 servum
1984 3978 2275 4058 Domini,
2316 3989 2380 4046 et
2410 3982 2452 4045 Α
2554 4017 2585 4026 -

64 4049 283 4157 stolum
312 4067 472 4135 Jesu
522 4066 791 4136 Christi.
832 4072 1024 4136 Nunc
1073 4088 1293 4154 usque
1346 4066 1582 4136 mitius
1631 4078 1855 4136 tecum
1910 4066 2016 4168 egi
2067 4088 2358 4135 censura
2396 4064 2437 4132 fi
2493 4065 2579 4142 ei,

66 4145 125 4200 ut
169 4151 437 4221 rationis
485 4177 722 4244 capax,
778 4168 843 4224 et
884 4155 1183 4224 veritatis
1237 4153 1555 4225 defensor
1610 4154 1914 4235 effectus,
1973 4154 2150 4224 idola
2203 4175 2372 4222 vana
2422 4173 2583 4220 con-

66 4227 390 4335 ¹ssmnere5,
444 4255 508 4312 et
557 4249 792 4323 Deum,
844 4243 963 4331 qui
1008 4245 1073 4311 in
1126 4244 1334 4314 coelis
1380 4256 1503 4325 est,
1550 4243 1895 4313 adorares.
1952 4244 2077 4312 Sed
2127 4246 2289 4330 quia
2331 4242 2398 4309 in
2454 4241 2581 4308 im-

70 4313 361 4423 pudentia
406 4340 518 4402 tua
566 4331 990 4423 perduranS,
1052 4350 1157 4400 me
1202 4343 1400 4420 putas
1440 4331 1668 4400 minas
1722 4343 1875 4401 tuas
1913 4353 2109 4421 posse
2160 4329 2572 4408 formidare,

68 4413 361 4494 quicquid
419 4420 536 4490 tibi
590 4421 858 4491 videtur
895 4422 964 4490 in
1022 4420 1387 4510 suppliciis
1438 4421 1715 4509 majuS,
1770 4421 2100 4510 excogita.
2139 4425 2349 4489 Tanto
2397 4417 2579 4486 enim
