2993 4837
43 280 181 346 NOV.
232 281 309 345 ⁴7
723 296 803 343 m:
850 294 904 341 s.
960 296 1270 345 cuncomo
1317 295 1789 345 τιιΑυιιΑτυειῦο
2306 280 2435 344 569

43 403 156 452 eum
187 381 471 449 civitate.
512 385 666 449 Erat
713 393 937 449 autem
992 381 1328 450 theatrum
1372 381 1649 469 plenum
1703 381 1789 450 iis
1834 380 1952 468 qui
2000 392 2514 461 concurrerant,

43 484 81 538 et
117 469 578 538 effundebatur
625 469 935 556 undique
982 492 1190 557 super
1236 472 1432 539 sedes
1484 470 1854 539 multitudo
1893 492 2126 538 eorum
2193 470 2313 556 qui
2364 492 2525 538 con·

43 560 347 627 fluxerant.
401 564 706 644 Cumque
751 580 989 628 omnes
1037 559 1217 627 circa
1269 559 1660 649 spectacula
1709 574 1773 627 et
1820 571 2204 627 acroamata
2264 558 2346 625 ad
2414 581 2524 627 or-

43 648 320 716 :hestram
362 647 717 735 adspicere
753 669 1165 737 magnopere
1194 661 1547 739 cuperent,
1575 662 1934 716 eratscena
1973 648 2169 737 plena
2193 646 2518 717 tumultu.

43 741 390 822 Frustraque
438 736 566 806 fuit
603 737 1237 826 praestigiatoribus
1284 737 1776 806 miraculorum
1816 759 2099 805 suorum
2137 738 2518 816 ostentatiO,

43 846 151 893 :uin
219 825 551 893 tumultus
620 847 854 893 eorum
919 826 1037 911 qui
1108 840 1289 894 arcte
1352 828 2033 915 comprimebantur,
2105 847 2237 894 non
2297 825 2523 894 solum

44 913 289 981 nusicae
325 936 530 982 usum
567 914 1115 1002 interrumperet,
1153 915 1266 984 sed
1305 938 1425 983 nec
1472 915 2105 1005 praestigiatoribus
2137 936 2261 982 sua
2293 928 2522 983 osten-

44 1000 155 1069 lere
199 1005 626 1090 permitteret.
682 1008 829 1084 Quo
867 1003 1143 1089 quidem
1199 1016 1502 1091 tempore
1552 1026 1590 1072 a
1641 1017 1774 1072 toto
1826 1002 2080 1092 populo
2129 1004 2523 1074 communis

44 1112 164 1157 iaec
207 1113 320 1161 vox
344 1093 597 1180 erupit,
654 1091 1055 1160 daemonem
1096 1092 1590 1172 invocantium,
1643 1093 1754 1161 cui
1807 1092 1992 1160 hunc
2033 1091 2212 1161 diem
2272 1091 2517 1160 festum

43 1180 295 1266 igebant,
346 1192 410 1249 et
447 1181 863 1270 rogantium,
902 1194 978 1249 ut
1009 1182 1108 1249 eis
1157 1181 1243 1249 ab
1296 1181 1411 1250 illo
1462 1181 1666 1250 latius
1718 1183 2155 1269 praeberetur
2188 1182 2514 1269 spatium.

43 1271 339 1353 Postquam
391 1284 620 1338 autem
658 1269 983 1338 omnibus
1034 1271 1209 1338 inter
1254 1292 1325 1337 se
1372 1270 1948 1357 colloquentibus,
2008 1292 2129 1338 vox
2177 1270 2244 1337 in
2298 1269 2515 1337 altum

43 1355 400 1438 efferebatur,
454 1371 520 1427 et
570 1359 927 1426 videbatur
977 1362 1180 1427 totius
1228 1360 1523 1429 civitatis
1558 1373 1904 1443 tamquam
1952 1359 2161 1427 unius
2195 1358 2333 1427 oris
2368 1380 2521 1427 esse

43 1445 222 1526 natio,
269 1469 443 1533 quae
493 1447 619 1515 has
674 1469 905 1534 preces
936 1448 1259 1516 offerebat
1317 1448 1658 1516 daemoni.
1704 1453 1859 1515 Erat
1907 1462 2133 1516 autem
2190 1447 2510 1534 precati0,

43 1546 86 1599 ιι
125 1534 339 1603 iisdem
394 1536 620 1603 verbis
668 1558 707 1603 a
759 1558 865 1604 me
932 1536 1230 1606 dicetur:
1300 1559 1335 1601 «
1382 1537 1692 1623 Jupiter,
1747 1536 1850 1604 iac
1913 1536 2111 1604 nobis
2180 1536 2431 1604 locum.
2481 1558 2516 1601 »

44 1623 161 1690 lum
205 1625 499 1693 audisset
540 1630 830 1714 Magnus
895 1624 1010 1693 ille
1071 1647 1295 1694 vocem
1355 1647 1591 1694 eorum
1659 1624 1777 1710 qui
1835 1624 2238 1693 daemonem
2295 1626 2518 1693 nomi-

43 1711 201 1779 ]atim
237 1713 659 1792 invocabant,
696 1736 733 1781 a
759 1736 896 1799 quo
931 1714 1271 1802 petebant,
1307 1728 1379 1782 ut
1414 1714 1662 1782 civitati
1704 1714 1891 1782 fieret
1933 1713 2144 1782 latum
2183 1713 2511 1801 spatium,

44 1796 162 1866 licit
202 1801 276 1869 ad
309 1825 445 1881 eOS,
488 1803 701 1871 misso
749 1803 1044 1888 quodam
1098 1825 1174 1872 ex
1245 1804 1327 1870 iis
1374 1803 1493 1888 qui
1561 1802 1963 1882 adstabant,
2025 1824 2178 1870 mox
2226 1802 2323 1869 eis
2371 1823 2520 1869 esse

43 1883 284 1958 landum
322 1890 528 1959 latius
578 1892 903 1979 spatium,
939 1913 1147 1977 quam
1193 1893 1673 1980 precabantur.
1707 1896 1845 1959 Hac
1879 1903 2102 1959 autem
2151 1912 2306 1958 voce
2348 1902 2518 1957 tam-

43 1993 194 2057 Juam
243 1979 404 2048 tristi
446 1978 709 2068 prolata
778 1981 1136 2057 sententia,
1195 1980 1539 2067 publicam
1596 1979 1782 2047 illam
1847 1978 2305 2048 celebritatem
2361 2000 2517 2047 mox

43 2065 200 2148 pestis
240 2069 507 2157 excipit,
564 2082 628 2136 et
685 2068 750 2135 in
804 2069 1033 2136 choris
1082 2069 1303 2137 statim
1366 2068 1667 2136 admixta
1728 2081 1828 2136 est
1878 2067 2293 2146 lamentatio,
2349 2067 2518 2135 adeo

43 2162 97 2216 ut
131 2154 585 2225 oblectationes
624 2171 1178 2225 converterentur
1211 2158 1274 2224 in
1314 2157 1538 2225 luctus
1572 2170 1635 2226 et
1664 2156 2109 2234 calamitates;
2159 2178 2278 2243 pro
2303 2155 2512 2234 tibiis,

43 2254 93 2308 et
125 2262 263 2341 quae
305 2246 387 2313 ad
444 2267 813 2313 numerum
860 2246 1135 2321 fiebant,
1185 2246 1665 2315 saltationibus
1703 2259 1766 2313 et
1797 2245 2178 2333 plausibuS,
2233 2245 2514 2333 lugubri

47 2344 283 2422 carmine
328 2334 609 2403 assidue
647 2335 986 2403 civitatem
1036 2334 1432 2423 excipiente.
1488 2340 1652 2403 Nam
1698 2355 1854 2402 cum
1912 2337 2190 2402 morbus
2240 2355 2360 2421 spe
2422 2333 2517 2400 ci-

47 2424 150 2484 tius
175 2418 522 2510 ingruisset
563 2424 984 2504 horninibus,
1026 2425 1082 2491 is
1122 2424 1550 2512 pervadebat,
1610 2424 1786 2511 ignis
1839 2423 2051 2502 instar
2107 2423 2348 2490 domos
2398 2423 2514 2490 de-

45 2501 375 2591 depascens.
430 2518 580 2595 Quo
616 2513 864 2581 sactum
894 2525 1016 2588 est,
1051 2527 1125 2581 ut
1154 2511 1603 2601 implerentur
1658 2511 1935 2598 quidem
1975 2510 2225 2599 templa
2280 2512 2363 2577 iis
2395 2510 2515 2595 qui

45 2595 226 2664 morbo
256 2601 681 2680 interiebant,
718 2602 834 2687 qui
878 2601 1152 2686 quidem
1208 2623 1326 2689 spe
1360 2603 1737 2670 curationis
1771 2600 1853 2668 ad
1884 2622 1960 2668 ea
2001 2599 2512 2689 confugiebant3

45 2678 469 2776 pleniquoque
518 2703 744 2758 essent
786 2690 951 2769 rivi,
1003 2704 1066 2757 et
1128 2689 1368 2769 fonte5‚
1416 2703 1478 2757 et
1531 2691 1711 2777 putei
1766 2690 1848 2758 iis
1902 2689 2021 2775 qui
2077 2711 2235 2777 prae
2295 2689 2514 2757 morbi

45 2770 395 2846 vehementia
450 2777 693 2866 majori
751 2778 857 2845 siti
912 2778 1281 2857 ardebant,
1341 2800 1548 2864 quam
1601 2791 1677 2846 ut
1742 2798 1955 2863 aqua,
2026 2799 2201 2863 quae
2249 2791 2391 2845 erat
2444 2777 2512 2845 in

45 2859 340 2944 profundO,
395 2867 752 2935 finitimam
802 2888 1036 2934 eorum
1102 2867 1565 2954 extingueret,
1624 2888 1780 2934 cum
1849 2866 1895 2933 ii
1966 2888 2139 2951 quos
2196 2865 2402 2935 semel
2460 2867 2517 2934 is

47 2950 267 3020 morbus
304 2955 684 3035 invasisset,
736 2967 800 3024 et
836 2969 985 3043 post
1016 2967 1079 3023 et
1128 2969 1282 3023 ante
1317 2977 1534 3040 aquae
1577 2968 1808 3042 potum
1846 2955 2163 3024 similiter
2197 2978 2267 3024 se
2304 2956 2515 3023 habe-

47 3049 170 3133 Γθῐῖῧ
217 3043 403 3112 multi
437 3057 664 3112 autem
719 3066 844 3113 sua
898 3055 1136 3131 sponte
1188 3043 1496 3129 sugerent
1545 3042 1628 3110 ad
1684 3042 2035 3129 sepulcra:
2088 3045 2415 3130 quoniam
2469 3044 2516 3112 ii

47 3139 126 3204 lut
164 3145 338 3199 erant
385 3134 824 3223 superstites,
886 3133 968 3201 ad
1029 3154 1143 3201 eos
1205 3131 1633 3220 sepeliendos
1691 3131 1974 3198 minime
2033 3131 2510 3212 sufficiebant;

47 3226 170 3282 {sset
215 3234 430 3288 autem
498 3243 629 3289 non
696 3221 1048 3309 inopinata
1099 3220 1257 3289 mali
1316 3221 1717 3289 bominibus
1786 3219 2122 3309 irruptio;
2185 3221 2299 3289 sed
2351 3244 2512 3289 cum

48 3292 225 3403 lomui
258 3307 645 3379 interiturae
677 3310 1021 3396 quoddam
1062 3309 1279 3378 visum
1333 3309 1789 3397 apparuisset,
1848 3307 1938 3376 ita
1984 3322 2517 3395 consequeretur

48 3400 323 3463 meritus.
375 3402 735 3485 Postquam
788 3420 950 3488 ergo
1006 3397 1135 3466 suit
1206 3397 1560 3466 manifesta
1611 3397 1935 3465 omnibus
1987 3398 2204 3466 morbi
2257 3420 2510 3477 causa,

49 3493 234 3570 tempe
261 3487 435 3570 quod
487 3489 873 3556 invocatum
911 3488 996 3556 ab
1044 3487 1143 3555 eis
1175 3486 1645 3566 daemonium,
1688 3485 2054 3555 stultorum
2107 3500 2331 3555 votum
2375 3508 2517 3553 ma-

59 3583 183 3646 tgne
227 3571 565 3662 implebat,
598 3575 776 3645 hanc
826 3575 1219 3644 sceleratam
1258 3576 1459 3665 spatii
1500 3574 1927 3644 latitudinem
1973 3575 2208 3643 morbo
2257 3574 2517 3643 civitati

50 3649 308 3728 illei-ens:
357 3685 434 3731 eo
480 3664 758 3750 quidem
813 3677 1114 3752 tempore
1162 3686 1490 3755 magnum
1537 3665 1937 3752 Gregorium
1984 3664 2333 3753 supplices
2398 3663 2518 3732 ad-

49 3756 182 3822 fflssl,
233 3765 535 3822 rooeantes
575 3767 649 3822 ut
701 3754 830 3821 vim
887 3754 1105 3822 morbi
1166 3767 1629 3844 compesceret
1687 3775 1806 3842 per
1858 3774 2060 3832 eum,
2112 3775 2316 3839 quem
2370 3752 2517 3840 ipse

50 3845 315 3915 Jognosce
365 3853 431 3909 at
475 3855 538 3910 et
591 3841 1045 3929 praedicabat,
1099 3847 1335 3923 Deum,
1401 3864 1602 3929 quem
1655 3842 1876 3910 solum
1929 3863 2081 3909 vere
2133 3842 2519 3910 fatebantur

52 3935 151 3984 ffsse
179 3925 396 4007 Deum,
440 3943 505 3998 et
539 3930 787 4000 habere
825 3931 889 3997 in
926 3952 1164 4000 omnes
1215 3945 1635 4020 potestatem.
1669 3935 1832 3998 Nam
1870 3953 2028 3998 cum
2083 3930 2251 3999 illud
2292 3932 2513 3998 visum

52 4018 174 4106 mle
202 4009 489 4088 futurum
540 4019 789 4088 domus
830 4020 1176 4088 interitum
1211 4033 1593 4109 appareret,
1646 4032 1709 4087 et
1758 4019 2302 4107 desperationem
2345 4019 2517 4086 vitae

51 4108 302 4172 protinus
331 4106 613 4187 afferret,
653 4130 789 4176 una
889 4108 1389 4177 ericlitantibus
1423 4121 1566 4177 erat
1606 4108 1709 4176 via
1763 4106 2028 4186 salutiS,
2094 4109 2150 4177 si
2204 4109 2379 4176 intra
2433 4106 2516 4175 il-

51 4175 145 4247 lam
177 4185 435 4261 domum
489 4218 783 4285 magnus
860 4198 1068 4265 uisset
1117 4197 1508 4286 GregoriuS‚
1561 4210 1624 4264 et
1678 4196 1996 4284 precibus
2049 4195 2517 4286 propulsasset

51 4271 307 4344 morbum
370 4283 483 4367 qui
536 4285 772 4354 domui
827 4284 1250 4354 imminebat.
1305 4292 1466 4355 Cum
1530 4299 1755 4354 autem
1819 4307 1938 4375 per
1975 4307 2090 4356 eos
2136 4286 2256 4372 qui
2309 4284 2513 4373 primi

51 4347 187 4427 hanc
225 4381 402 4438 erant
447 4373 730 4442 salutem
781 4374 1154 4452 consecuti,
1210 4374 1397 4444 velox
1431 4374 1614 4443 lama
1656 4395 1774 4464 per
1805 4395 2045 4442 omnes
2082 4375 2510 4464 pervasisset,
