2993 4837
524 291 653 355 248
1280 306 1358 352 υΕ
1405 302 1464 350 s,
1517 304 1758 353 canoto
1808 304 2138 353 noaaouao
2682 286 2893 355 notui

434 390 789 461 tradebati
844 411 937 472 se,
968 403 1410 490 praeeratque
1436 410 1662 479 saepe,
1707 388 1876 460 dum
1904 389 2602 460 communicarentur.
2628 393 2895 460 ffirarum

434 492 767 549 statarum
800 413 1141 549 breviores
1168 499 1427 569 preceS‚
1463 500 1641 566 quae
1667 478 1932 569 Virgini
1965 477 2392 558 tribuuntur,
2424 478 2671 558 clerici,
2699 478 2900 566 aliique

434 567 854 655 quibusdam
888 566 1280 657 praecipuis
1313 567 1723 638 muneribus
1754 567 2042 636 minime
2065 568 2407 656 occupati,
2441 565 2523 636 ad
2560 578 2727 636 certa
2755 566 2904 656 signa

432 658 503 726 in
563 655 894 726 sacellum
953 656 1432 726 convenientes
1467 711 1483 737 ,
1539 655 1846 725 obibant.
1911 655 2267 725 Doctrinae
2327 656 2726 725 christianae
2765 654 2908 723 rudi·

436 745 685 815 mentis
716 743 1029 815 rudiores
1059 744 1616 815 instituebantur.
1653 749 1798 814 Non
1828 743 2059 814 deerat
2093 745 2203 823 iis,
2245 746 2367 832 qui
2405 758 2692 835 egerent,
2733 764 2908 834 gram·

437 834 724 903 maticae
780 834 1126 925 magister.
1180 833 1455 923 Vesperi
1496 847 1865 919 antequam
1915 833 2227 903 cubitum
2268 834 2464 913 irent,
2505 834 2804 912 universi,
2845 829 2909 899 ad

436 923 914 992 excutiendam
965 921 1299 993 factorum
1351 921 1489 991 diei
1536 922 2057 1002 conscientiam,
2099 922 2705 1012 accipiendamque
2729 940 2924 990 sacrae

437 1033 656 1097 aquae
702 1011 1195 1101 aspersionem,
1249 1010 1788 1091 conveniebant,
1844 1032 1981 1096 quo
2029 1010 2266 1080 eodem
2320 1024 2623 1100 tempore
2668 1024 2795 1080 tum
2832 1030 2920 1077 ca-

442 1102 603 1189 pita,
660 1121 837 1186 quae
884 1099 1579 1169 commemoravimus
1630 1098 1739 1189 pie
1791 1099 2160 1199 cogitanda
2208 1099 2384 1169 tradi
2427 1100 2766 1183 solebant3
2809 1109 2914 1167 tum

440 1188 635 1259 statis
680 1189 886 1259 etiam
937 1187 1205 1267 diebus,
1260 1185 1478 1256 Caroli
1526 1187 1838 1277 exemplo
1890 1188 2181 1267 invitati,
2235 1188 2509 1280 flagella
2558 1188 2685 1257 sibi
2730 1186 2806 1256 ad
2838 1207 2866 1250 v
2913 1262 2918 1269 ,

442 1278 625 1346 niam
678 1290 1109 1367 peccatorum
1161 1275 1694 1365 impetrandam,
1749 1276 2368 1366 flagellationisque
2415 1277 2662 1347 Christi
2707 1272 2912 1345 Domin'

441 1366 844 1435 memoriam
894 1364 1380 1444 renovandam,
1425 1363 1735 1454 plerique
1776 1366 1885 1454 pie
1919 1364 2361 1435 adhibebant.
2403 1370 2573 1436 Cum
2617 1387 2751 1435 uno
2791 1363 2808 1431 l

443 1454 702 1523 mensis
749 1455 1011 1523 circum
1063 1452 1416 1543 dispositis
1463 1453 1886 1523 coenobitico
1937 1476 2125 1524 more
2171 1454 2660 1525 accumberent
2694 1472 2914 1529 omnes,

439 1556 583 1612 erat
610 1543 813 1613 etiam
847 1543 1027 1612 edito
1060 1541 1229 1623 locO,
1267 1542 1386 1628 qui
1435 1541 1521 1611 de
1571 1541 1855 1613 salutari
1895 1541 2069 1612 libro
2119 1542 2407 1632 legebat,
2446 1566 2488 1611 a
2526 1565 2665 1630 quo
2700 1540 2839 1628 quid

442 1653 728 1701 munere
760 1632 867 1700 vix
909 1630 1040 1721 ipsi
1072 1652 1442 1700 causarum
1483 1629 1759 1720 judices
1788 1642 1854 1705 et
1885 1631 2132 1701 vicarii
2233 1644 2459 1721 ropter
2497 1630 2869 1721 occupatior]

438 1721 966 1790 excusabantur.
1020 1719 1225 1789 Cibus
1258 1718 1577 1809 religioso
1626 1721 1812 1800 item,
1865 1732 1930 1790 et
1976 1742 2190 1790 coeno
2245 1721 2402 1790 itico
2455 1720 2660 1790 modo
2693 1719 2814 1788 fere
2838 1716 2900 1786 da

440 1807 690 1890 batur;
744 1831 882 1878 uno
929 1809 1286 1878 constabat
1331 1808 1642 1889 obsoni0,
1694 1822 1760 1878 et
1788 1808 2147 1899 jurulento
2196 1808 2479 1890 sercu10,
2533 1830 2694 1879 cum
2747 1828 2868 1895 pom

436 1919 594 1966 rum
627 1953 643 1978 ‚
700 1897 797 1967 vel
849 1896 1060 1969 simili
1108 1896 1600 1979 additamento,
1653 1898 1866 1966 altero
1913 1910 2115 1978 ante,
2169 1897 2382 1968 altero
2434 1911 2589 1988 post
2637 1895 2872 1983 reliquu

437 1985 699 2069 cibum;
736 1986 995 2071 omnia¹
1023 2008 1175 2056 vero
1227 1985 1577 2086 vulgaria:
1635 1985 1805 2055 nihil
1844 2008 2126 2077 prorsus
2164 1986 2567 2067 delicatum,
2609 1985 2709 2055 vel
2740 1982 2896 2069 exqui

440 2075 676 2156 situm;
729 2088 931 2162 atque
979 2072 1379 2165 hujusmodl
1436 2096 1714 2144 mensae
1763 2075 2066 2144 universi
2122 2075 2676 2153 accumbebant,
2728 2090 2903 2145 summ

437 2178 502 2233 et
559 2164 822 2234 infimi:
892 2186 1053 2233 nam
1104 2163 1430 2249 cuiquam
1505 2162 1740 2233 cibum
1795 2163 2112 2253 privatim
2163 2164 2231 2233 in
2294 2165 2577 2254 proprio
2635 2158 2893 2232 domicili

438 2253 854 2322 sumendum
907 2252 1105 2332 dari,
1167 2265 1312 2321 erat
1370 2251 1854 2322 interdictum:
1907 2252 2286 2340 eademque
2344 2252 2489 2344 lege
2538 2250 2878 2322 Vicariost

440 2342 587 2409 neri
635 2341 1083 2411 constitutum
1134 2353 1300 2410 erat.
1355 2340 1954 2423 Quemadmodum
1990 2354 2358 2429 antequam
2409 2341 2805 2418 assiderent,
2835 2358 2860 2405 s

440 2442 576 2500 tam
627 2431 801 2501 bene
835 2429 1163 2520 precandi
1211 2428 1584 2499 formulam
1645 2428 2017 2501 adhibebat
2075 2432 2200 2518 qui
2250 2430 2556 2519 primum
2610 2431 2708 2500 ibi
2753 2429 2878 2499 locu

438 2541 518 2589 ex
569 2519 986 2609 presbyteris
1035 2519 1345 2599 tenebat;
1399 2517 1496 2587 ita
1550 2531 1701 2607 post
1758 2519 1993 2589 cibum
2044 2533 2442 2609 sumptum,
2494 2519 2736 2589 eodem
2784 2537 2851 2606 pr

437 2621 664 2688 eunte,
705 2608 963 2697 gratiae
1001 2608 1421 2696 agebantur,
1457 2619 1523 2677 et
1554 2606 1796 2676 ordine
1827 2628 2068 2678 omnes
2099 2629 2180 2677 ex
2216 2607 2513 2677 triclinio
2548 2608 2619 2677 in
2658 2603 2879 2679 sacellu

441 2695 670 2775 ibant,
726 2697 848 2766 ubi
898 2695 1137 2764 litania
1183 2717 1341 2764 cum
1395 2696 1824 2765 invocatione
1884 2710 2281 2766 sanctorum
2332 2708 2662 2766 consueta
2696 2751 2712 2776 ‚
2765 2691 2906 2784 preci

440 2784 708 2870 busque
755 2784 1103 2884 adjunctis
1151 2783 1554 2853 habebatur.
1619 2784 2212 2856 valetudinarium
2271 2797 2415 2854 erat
2473 2786 2924 2856 constitutum.

438 2894 575 2958 quo
607 2886 864 2960 aegroti
914 2871 1154 2942 saltem
1206 2872 1613 2942 humiliores
1660 2874 2129 2955 curabantur,
2186 2873 2613 2945 salutaribus
2650 2872 2838 2944 rebus
2854 2869 2911 2958 ju

440 2959 822 3041 vabantur,
879 2961 965 3030 ab
1018 2960 1167 3050 ipso
1233 2960 1468 3031 Carolo
1536 2961 1879 3032 interdum
1930 2963 2362 3042 visebantur,
2417 2977 2603 3032 certo
2655 2958 2886 3051 praesec

436 3050 493 3118 ei
551 3049 821 3119 muneri
869 3050 1260 3120 constituto,
1315 3054 1569 3120 Omnes
1617 3049 1916 3120 familiae
1967 3051 2149 3141 leges
2198 3064 2398 3120 antea
2447 3050 2763 3130 breviter,
2797 3065 2930 3117 sum·

438 3138 815 3226 matitnque
863 3151 1152 3220 notatas,
1211 3151 1555 3238 postremo
1603 3139 1901 3210 describi
1939 3140 2246 3228 jusserat
2292 3139 2688 3229 copiosius;
2739 3153 2929 3225 quam·

434 3249 642 3314 quam
697 3228 982 3297 minime
1040 3239 1257 3318 potuit
1321 3249 1498 3317 opus
1546 3227 1854 3309 absolvi;
1906 3250 2021 3297 eas
2072 3249 2226 3297 vero
2289 3229 2547 3298 servari
2615 3225 2930 3318 praecipuo

436 3315 739 3404 quodam
790 3316 1018 3388 studio
1064 3320 1373 3397 curabat,
1428 3315 1784 3385 ministros
1839 3316 2117 3405 saepius
2167 3316 2676 3407 interrogando,
2728 3327 2788 3383 et
2812 3329 2930 3412 ‘mc-

436 3405 706 3485 nendo;
764 3419 908 3475 tum
958 3405 1162 3476 certis
1213 3404 1640 3495 temporibus
1686 3405 1888 3474 etiam
1940 3405 2217 3476 eosdem
2250 3427 2408 3475 cum
2451 3404 2609 3475 aliis
2642 3403 2928 3493 religiosts

434 3494 597 3563 viris
645 3494 1122 3574 convocando,
1176 3506 1253 3563 ut
1312 3492 1398 3562 de
1454 3493 1661 3563 rebus
1723 3493 2047 3565 omnibus
2105 3494 2379 3584 plenius
2423 3493 2924 3585 consultaretur;

432 3604 568 3669 quo
598 3581 767 3656 ,loco
817 3582 1138 3652 recordor
1189 3581 1364 3650 inter
1411 3580 1627 3652 alium
1669 3581 1946 3670 jussum
1999 3583 2086 3652 ab
2133 3605 2212 3653 eo
2273 3582 2699 3670 frequenter,
2749 3591 2808 3649 et
2853 3595 2927 3642 tn·

431 3671 778 3741 culcatum
815 3726 830 3753 ,
885 3693 970 3740 ne
1024 3668 1189 3757 quid
1243 3671 1538 3759 aegrotis
1574 3725 1590 3752 ,
1637 3671 2038 3752 imbecillis,
2092 3671 2618 3761 hospitibusque
2666 3670 2925 3739 deesset:

430 3760 559 3829 sibi
613 3781 969 3848 nunquam
1026 3758 1379 3828 ministros
1425 3758 1819 3830 satisfacere
1869 3782 2110 3849 posse,
2164 3759 2380 3831 donec
2428 3759 2494 3828 id
2548 3759 2785 3849 plene,
2838 3771 2930 3851 <3117

434 3848 824 3936 mulateque
894 3847 1376 3938 perfecissent5
1445 3848 1636 3918 haec·
1683 3860 2033 3937 tantopere
2098 3848 2167 3916 in
2230 3862 2539 3938 aegrotos
2597 3846 2810 3918 officia
2856 3837 2928 3907 ιΙΙι

429 3935 798 4008 haerebant
848 3938 917 4006 in
972 3936 1388 4008 visceribus:
1442 3948 1521 4006 ut
1559 3959 1645 4007 ex
1694 3937 1990 4008 summis
2040 3936 2267 4018 rebus,
2315 3959 2488 4024 quas
2527 3937 2755 4005 animo
2795 3949 2928 4018 quo·

428 4025 591 4096 tidie
639 4028 963 4117 agitabat,
1017 4026 1103 4095 ad
1153 4048 1256 4106 ea,
1310 4027 1630 4112 quamvis
1678 4026 1881 4095 etiam
1937 4026 2381 4106 tenuissima,
2435 4025 2808 4113 frequenter
2847 4037 2926 4085 re·

429 4116 765 4202 spiceret;
819 4137 980 4185 cum
1035 4136 1208 4205 pene
1259 4114 1721 4184 moribundus
1756 4114 2216 4183 Mediolanum
2256 4114 2594 4192 venisset:
2623 4112 2798 4192 ,dum
2839 4124 2925 4193 per

428 4202 687 4289 gradus
734 4202 1009 4272 aedium
1061 4202 1442 4273 ascendens
1490 4214 2036 4283 sustentaretur,
2095 4216 2280 4272 tanto
2327 4203 2557 4273 studio
2601 4194 2919 4289 quemdam

426 4313 505 4359 ex
555 4291 700 4359 suis
753 4292 1089 4376 praefecto
1137 4291 1667 4371 commendavit,
1723 4291 1843 4378 qui
1893 4302 2212 4381 aegrotus
2268 4290 2501 4361 itidem
2552 4297 2824 4378 venerat,
2868 4291 2920 4346 ut

434 4377 520 4446 de
571 4376 688 4446 illo
738 4378 953 4448 multo
1004 4380 1226 4469 magis
1273 4402 1478 4466 quam
1533 4380 1618 4449 de
1668 4402 1738 4451 se
1789 4380 1937 4470 ipso
1986 4377 2323 4450 sollicitus
2385 4380 2742 4450 videretur.
2787 4377 2916 4441 Cum
