2993 4837
62 311 199 378 NOV.
242 313 279 372 3
718 328 799 374 os
849 327 900 373 s,
952 326 1270 375 utacum
1320 328 1415 373 ΕΡ.
1470 327 1813 374 ιιιΒιῑιιΝιΑε
2363 311 2435 374 91

54 424 436 572 ἔέιὲοξιηίξέῑω
482 413 763 484 Galaad
797 411 890 481 ad
935 411 1363 482 dilatandum
1421 413 1734 481 terminos
1791 433 1943 481 suos
1977 414 2213 496 (Amos
2246 413 2346 501 r).
2405 412 2533 482 Sed

114 592 303 677 515.
350 588 726 660 Malachias
756 588 976 660 factus
1007 588 1349 660 Dunensis
1394 588 1426 618 ⁸
1474 587 1720 678 Episco
1773 609 1879 669 us,
1936 588 2294 660 confestim
2334 613 2522 663 more

50 700 149 749 suo
188 678 427 748 curavit
474 678 817 749 asciscere
862 677 945 748 ad
990 676 1308 747 solatium
1359 676 1493 747 sibi
1551 676 1636 746 de
1756 676 1864 746 liis
1912 677 2060 748 suis
2107 694 2521 752 conventum

50 765 406 857 regularium
462 767 903 838 clericorum.
960 772 1035 836 Et
1081 788 1238 836 ecce
1299 788 1544 836 rursus
1596 765 1984 856 accingitur
2042 767 2243 857 quasi
2312 790 2532 840 novus

52 855 243 926 Christi
285 867 426 944 tyro
458 856 544 926 ad
582 853 894 946 spiritale
939 867 1323 925 certamen:
1377 875 1620 924 rursus
1670 853 1982 925 induitur
2009 876 2201 925 arma
2233 859 2536 948 potentia

52 948 175 1023 Deo,
210 957 469 1015 sanctae
520 945 949 1035 paupertatis
1012 943 1509 1024 humilitatem,
1571 942 1865 1044 rigorem
1916 942 2088 1013 disci
2148 944 2328 1015 linae
2375 968 2530 1018 coe·

48 1031 307 1114 nobialis,
354 1033 586 1104 ocium
639 1030 1177 1120 contemplandi,
1229 1031 1470 1102 orandi
1520 1031 2017 1102 assiduitatem.
2172 1055 2251 1103 ae
2305 1047 2531 1106 tamen

46 1120 229 1191 omnia
265 1132 406 1191 voto
454 1121 685 1214 magis
734 1121 948 1192 valuit
984 1120 1106 1191 diu
1142 1134 1390 1202 tenere,
1427 1140 1638 1210 quam
1684 1133 1867 1191 actu.
1916 1121 2177 1191 Etenim
2228 1124 2538 1194 universi

48 1209 423 1281 confluebant
469 1210 559 1280 ad
589 1233 779 1282 eum:
835 1231 961 1280 nec
1011 1209 1213 1280 modo
1262 1209 1662 1291 mediocres,
1718 1208 1834 1280 sed
1870 1222 1935 1280 et
1987 1210 2252 1282 nobiles
2297 1226 2362 1282 et
2414 1234 2537 1303 po-

51 1310 238 1379 tentes,
286 1298 470 1369 illius
518 1321 597 1370 se
643 1299 1020 1390 sapientiae
1066 1312 1131 1368 et
1181 1299 1523 1369 sanctitati
1573 1297 2035 1380 instruendos,
2087 1300 2534 1391 corrigendos

52 1407 115 1454 ac
155 1387 461 1477 regendos
522 1388 953 1458 committere
1000 1387 1438 1474 festinabant.
1491 1393 1569 1457 Et
1632 1386 1779 1476 ipse
1827 1386 2171 1457 interdum
2228 1388 2408 1472 ibat,
2467 1401 2531 1460 et

46 1474 226 1546 exibat
264 1477 605 1547 seminare
626 1498 861 1547 semen
912 1497 1144 1558 suum,
1180 1475 1556 1565 disponens
1601 1487 1665 1546 et
1698 1474 2076 1546 decernens
2116 1488 2251 1547 tota
2298 1491 2537 1549 aucto-

36 1563 209 1634 ritate
253 1564 331 1635 de
375 1565 590 1636 rebus
662 1564 1202 1646 EcclesiasticiS,
1261 1577 1610 1655 tamquam
1660 1586 1741 1634 ex
1799 1565 2136 1655 Apostolis
2198 1588 2407 1638 unus.
2460 1572 2539 1637 Et

46 1672 208 1721 nemo
246 1653 339 1723 illi
402 1654 725 1724 dicebat:
780 1677 815 1721 (t
851 1659 926 1723 ln
993 1672 1131 1742 qua
1191 1665 1514 1745 potestate
1589 1653 1757 1724 baec
1815 1651 2088 1723 facist»
2145 1654 2538 1726 videntibus

36 1742 266 1838 :cunetis
297 1743 348 1812 si
404 1765 493 1813 na
541 1755 616 1813 et
662 1743 977 1834 prodigia
1014 1762 1192 1831 quae
1238 1741 1568 1813 faciebat:
1621 1754 1685 1811 et
1715 1742 1881 1831 quia
1914 1742 2036 1812 ubi
2085 1743 2372 1834 spiritus
2411 1749 2538 1814 Do-

36 1829 203 1928 jrfflini,
249 1831 335 1901 ibi
401 1832 690 1903 ibertas.
742 1831 973 1900 Visum
1025 1844 1249 1900 tamen
1302 1831 1457 1913 sibi,
1515 1852 1646 1900 non
1699 1842 1839 1901 tute
1885 1831 2050 1924 satis
2106 1833 2367 1903 actitari
2407 1833 2540 1903 ista

36 1915 258 2042 piisque
298 1920 476 1993 sedis
523 1920 956 2008 Apostolicae
988 1919 1411 2001 auctoritate,
1454 1932 1521 1990 et
1568 1923 1853 1990 Romam
1900 1920 2244 2008 proficisci
2279 1920 2538 1992 delibe-

48 2016 158 2078 m:
200 2010 627 2099 maximeque
655 2009 841 2099 quod
879 2007 1358 2100 metropolicae
1388 2008 1532 2080 sedi
1576 2007 1808 2078 deerat
1845 2007 2099 2088 adhuc,
2138 2021 2204 2078 et
2231 2009 2541 2081 defuerat

154 2093 318 2170 initio
363 2097 560 2190 pallii
625 2120 820 2179 usuS,
874 2097 1059 2186 quod
1114 2111 1215 2167 est
1263 2096 1617 2188 plenitudo
1682 2095 1984 2167 honoris.
2041 2102 2118 2166 Et
2156 2098 2380 2169 visum
2440 2112 2542 2170 cst

58 2179 255 2258 buum
313 2187 379 2256 in
439 2186 676 2259 oculis
726 2187 899 2277 ejuS‚
954 2186 1019 2256 si
1071 2185 1391 2267 Ecclesia,
1445 2206 1572 2276 pro
1618 2203 1756 2273 qua
1824 2197 2089 2256 tantum
2144 2185 2535 2267 laborarat,

36 2273 567 2357 mammenus
622 2296 755 2345 non
814 2274 1170 2356 habuerat,
1226 2297 1352 2346 suo
1402 2274 1836 2364 acquirerent
1893 2273 2123 2344 studio
2168 2287 2234 2345 et
2282 2274 2536 2346 labore.

36 2331 254 2439 [fimet
289 2366 499 2436 altera
555 2363 1000 2456 metropolica
1035 2363 1254 2445 sedes,
1299 2384 1507 2454 quam
1557 2362 1642 2433 de
1692 2385 1864 2435 novo
1911 2363 2360 2435 constituerat
2409 2363 2543 2435 Cel·

36 2446 436 2557 lmzprimae
463 2467 703 2525 tamen
734 2452 904 2535 sedi,
939 2464 1004 2523 et
1040 2452 1233 2523 illius
1269 2453 1794 2543 Archiepiscopo
1837 2452 2138 2534 subdita,
2186 2466 2319 2523 tam
2378 2475 2537 2524 uam

36 2538 296 2625 ipl'lmflll.
345 2549 420 2614 Et
453 2543 631 2613 huic
678 2562 953 2643 quoque
998 2544 1278 2633 optabat
1318 2540 1773 2612 nihilominus
1815 2540 2356 2633 palliumMalac
2412 2543 2537 2624 ias,

326 2632 525 2723 rique
593 2642 995 2701 auctoritate
1025 2630 1210 2702 sedis
1254 2630 1678 2721 Apostolicae
1728 2630 2292 2722 praerogativam,
2325 2650 2538 2720 quam

130 2802 143 2817 ‚
229 2721 325 2791 cio
368 2721 546 2794 Celsi
584 2719 876 2810 adipisci
928 2730 1292 2791 meruerat.
1347 2724 1820 2789 Innotescente
1922 2720 2240 2810 roposito,
2295 2719 2541 2813 displi-

36 2815 187 2893 ἕως
224 2806 573 2889 fratribus,
626 2829 892 2878 necnon
942 2819 1008 2878 et
1062 2807 1526 2899 magnatibus,
1578 2820 1643 2878 et
1691 2829 1875 2899 popu
1906 2830 1947 2879 o
1997 2820 2234 2879 terrae.
2289 2813 2543 2880 Omnes

36 2891 205 2977 mim
245 2896 744 2969 intolerabilem
810 2896 942 2968 sibi
987 2896 1397 2987 judicabant
1468 2908 1602 2966 tam
1655 2895 1993 2966 diutinam
2061 2898 2376 2969 omnium
2445 2898 2538 2989 pii

36 2982 1104 3173 {wt·¹”²¹⁸'m2¹31⁵22532⁰.;„².3223¹5?
1137 2984 1910 3145 ἑῖῗὲζῗεῗέᾂιὲθηῒηῖἷὲί
1947 2985 2195 3145 ³833ss
2249 2987 2543 3146 3335?

36 3153 280 3255 {plemm
311 3098 585 3255 graugae
628 3177 694 3232 et
745 3164 1034 3234 virtutis.
1069 3163 1449 3255 Episcopus
1495 3176 1664 3244 erat,
1718 3162 1820 3233 illi
1854 3162 2135 3252 quidem
2189 3164 2540 3235 secundus

36 3264 109 3337 jm
142 3248 360 3322 celebri
410 3251 769 3344 opinione,
825 3252 941 3322 sed
986 3252 1159 3322 vitae
1198 3251 1653 3324 sanctimonia
1704 3264 1770 3322 et
1823 3251 2131 3339 justitiae
2184 3251 2326 3322 zelo
2376 3252 2546 3323 forte

36 3344 39 3379 ²
194 3339 425 3431 impar.
461 3341 693 3442 Hujus
717 3340 1043 3411 decessus
1084 3341 1306 3433 magis
1355 3340 1597 3411 terruit
1627 3340 2006 3420 universos,
2043 3352 2110 3410 et
2155 3341 2542 3411 discessum

44 3423 366 3501 {atachiae
401 3429 710 3502 reddidit
755 3429 1240 3500 molestiorem.
1285 3429 1611 3500 Dicebant
1656 3441 1884 3500 autem
1937 3428 2131 3499 nullo
2188 3428 2392 3499 modo
2431 3450 2544 3499 as-

36 3516 429 3605 faentiendum
482 3518 675 3589 unici
717 3517 1251 3609 peregrinationi
1282 3518 1576 3609 patroni,
1629 3530 1705 3587 ut
1745 3539 1877 3589 non
1927 3517 2271 3588 desoletur
2315 3517 2545 3588 omnis

98 3622 208 3701 fra,
254 3607 310 3676 si
353 3608 636 3679 duabus
672 3607 880 3678 tantis
924 3606 1272 3677 columnis
1319 3608 1451 3678 sub
1500 3627 1642 3677 uno
1681 3621 2027 3677 momento
2064 3605 2390 3696 temporis
2427 3605 2545 3675 de-

98 3704 139 3759 tt

90 3776 143 3849 le

56 3774 67 3786 ‚
245 3718 348 3765 ur.
379 3702 560 3788 Ergo
584 3718 826 3766 omnes
868 3695 1122 3787 pariter
1162 3695 1670 3766 contradicunt.
1699 3700 1774 3764 Et
1808 3696 1941 3765 vim
1978 3695 2342 3776 faciebant,
2379 3716 2542 3766 cum

36 3705 457 3942 ἑψᾶηεω
510 3784 843 3855 ultionem
888 3785 1191 3854 minatus
1219 3797 1344 3856 est.
1382 3790 1526 3856 Non
1582 3796 1810 3855 tamen
1863 3784 2178 3856 destitere
2218 3783 2346 3861 illi,
2412 3784 2548 3855 nisi

36 3884 121 3951 μοι
284 3887 451 3955 orte,
558 3873 703 3943 rius
735 3873 850 3942 Dei
901 3873 1214 3944 voluntas
1262 3895 1469 3963 super
1520 3874 1647 3945 hoc
1694 3872 2253 3963 interrogaretur.
2322 3872 2548 3943 Prohi-

36 3950 210 4045 {beate
244 3960 383 4043 illo,
425 3963 494 4032 ni
554 3961 885 4033 ilominus
918 3962 1231 4033 mittunt:
1286 3962 1402 4032 sed
1454 3961 1575 4032 illa
1623 3982 1745 4053 pro
1794 3961 2165 4031 Malachiae
2212 3974 2401 4050 parte
2449 3974 2548 4031 ter

36 4048 443 4147 respondisse
493 4052 767 4120 inventa
813 4063 936 4120 est.
990 4055 1120 4121 Nec
1167 4050 1351 4120 enim
1407 4073 1542 4120 una
1609 4050 1908 4121 contenti
1982 4049 2121 4118 vice
2167 4048 2381 4131 fuere,
2436 4074 2547 4121 cu·

36 4133 167 4229 {2¹⁶¹
208 4138 543 4209 retinendi
581 4161 769 4209 eum.
801 4143 1083 4209 Demum
1117 4138 1461 4220 cedenteS‚
1487 4138 1846 4209 dimittunt
1876 4137 2101 4220 illum,
2143 4159 2275 4207 non
2317 4151 2541 4208 tamen

36 4228 173 4303 {stne
219 4225 482 4317 ploratu
529 4241 595 4298 et
644 4226 914 4297 ululatu
967 4229 1205 4298 multo.
1262 4226 1388 4297 Sed
1439 4248 1525 4296 nc
1571 4227 1736 4317 quid
1796 4225 2272 4318 imperfectum
2339 4224 2545 4295 relin-

36 4320 282 4408 uiueret,³
303 4328 594 4387 tractare
629 4315 874 4406 coepit,
897 4315 1241 4407 quomodo
1275 4314 1582 4387 defuncti
1615 4315 1843 4387 fratris
1876 4336 2105 4387 semen
2158 4315 2543 4385 suscitaret.

36 4462 39 4469 ·
96 4436 113 4461 '
138 4439 265 4488 Dona.
282 4441 330 4483 in
348 4441 604 4488 Hiberniae
625 4441 885 4492 provincis.
901 4453 1018 4493 quac
1043 4445 1192 4484 meter
1211 4442 1528 4489 nuncupatur.
