2993 4837
464 171 505 210 Ο

566 276 693 340 508
1249 292 1327 338 us
1374 292 1429 338 s.
1484 273 1805 339 Lcorocno
1852 290 2252 340 conressoass
2696 270 2838 338 MN.
2884 300 2889 305 ·

475 375 812 465 dactylico
849 375 1062 444 multa
1113 374 1511 465 hujusmodi
1563 374 1977 444 reseruntur.
2032 376 2142 445 Sic
2195 390 2261 445 et
2310 376 2381 443 in
2427 374 2748 445 coenobio
2806 368 2893 445 *ζ

477 465 672 534 nensi
723 464 1188 535 cisterciensis
1236 463 1514 533 Ordinis
1563 463 1736 534 liber
1769 476 2100 545 servatur,
2143 465 2392 551 inquo
2449 461 2845 550 miracula'
2874 462 2889 475 “

475 552 715 642 inclyti
766 553 890 621 viri
948 551 1293 643 leguntur.
1335 552 1523 622 Idem
1579 574 1712 622 non
1753 554 2077 653 praeterit
2127 554 2488 622 Honorius
2544 574 2679 621 non
2729 566 2883 644 νηΐ,

474 653 715 711 auctor
748 642 815 710 in
870 642 1336 710 monumentis
1374 641 1767 711 monasterii
1818 641 2037 710 Cellae
2072 642 2346 711 Mariae.
2399 641 2598 725 Quid
2639 638 2870 710 resm-

475 730 652 799 libro
699 744 1111 818 temporum,
1166 751 1369 816 quem
1435 730 1521 798 de
1584 731 1786 801 rebus
1834 731 2143 800 Austriae
2205 731 2615 818 Haselpach
2668 730 2820 797 Thu.

475 841 610 889 non
651 819 1011 888 mediocris
1041 819 1375 908 digessit?
1399 817 1572 901 Quid
1610 819 1694 888 de
1728 832 1991 888 vetusto
2038 819 2272 888 codice
2312 819 2739 975 nuperrime

478 911 545 977 in
591 907 1002 977 bibliotheca
1032 908 1463 977 Posoniensis
1498 909 1918 997 Praepositi?
1949 908 2156 996 cujus
2196 909 2400 996 locup
2434 909 2806 978 etissimus
2865 931 2905 963 ν·

475 996 738 1065 accedit
786 1002 864 1066 R.
918 996 1243 1065 dominus
1279 996 1661 1065 Cardinalis
1710 997 1928 1066 sancti
1971 997 2218 1079 Marc-i,
2276 999 2416 1077 cui,
2504 1018 2682 1065 cum
2747 1008 2914 1086 tem-g

474 1086 642 1155 Xisti
684 1084 1224 1175 praedecessoris
1273 1085 1654 1154 sanctitatis
1704 1099 1961 1155 vestrae
2023 1086 2285 1175 legatus
2335 1084 2745 1154 Pannoniis
2800 1111 2911 1144 0-2-

479 1174 704 1253 deret,
776 1173 1094 1263 Leopoldi
1157 1174 1361 1243 vitam
1429 1175 1717 1262 ejusque
1775 1196 1999 1243 mores
2065 1175 2565 1264 integerrimos
2635 1172 2813 1261 inspi
2852 1171 2894 1227 '-

479 1286 645 1332 cura
693 1262 1107 1331 demandata
1154 1274 1277 1332 est.
1330 1261 1503 1344 Quid
1558 1263 1641 1332 de
1689 1262 1786 1332 Pii
1845 1268 1907 1331 11
1967 1262 2524 1353 praedecessoris
2598 1263 2807 1331 etiarn
2849 1262 2898 1328 S.

478 1359 792 1421 summae
837 1350 1187 1420 doctrinae
1220 1351 1367 1430 viri,
1423 1350 1866 1422 historiarum
1930 1353 2252 1432 auctoris,
2304 1364 2372 1420 et
2420 1364 2860 1420 vetustarum

478 1462 630 1509 rum
684 1439 1106 1529 indagatoris
1154 1440 1509 1520 acerrimi,
1585 1441 1869 1509 historia
1917 1441 2002 1510 de
2068 1440 2514 1531 principibus
2576 1437 2890 1512 Austriae.

477 1529 737 1598 veriore
783 1550 918 1616 quo
957 1528 1044 1597 ab
1095 1529 1369 1597 homine
1417 1528 1703 1598 ultimae
1748 1528 2104 1619 dignitatis
2152 1543 2217 1599 et
2266 1551 2438 1619 pene
2493 1529 2570 1597 in
2635 1528 2834 1596 terris
2868 1528 2907 1583 ··'‘

481 1640 608 1686 nae
655 1619 1068 1707 conscripta,
1125 1617 1402 1686 dicam?
1450 1617 1655 1687 Multa
1708 1617 1822 1686 ille
1888 1617 2205 1704 equidem
2256 1617 2340 1686 de
2383 1618 2652 1687 eodem

478 1707 793 1796 graviter,
824 1720 1060 1776 ornate
1083 1721 1147 1774 et
1185 1704 1841 1786 accumulatissime,
1882 1719 1958 1775 ut
1985 1707 2094 1776 sui
2134 1707 2345 1777 moris
2375 1720 2553 1786 erat,
2598 1724 2909 1775 conseri

565 1798 601 1882 ξ
649 1800 740 1866 6.
792 1800 944 1864 Jam
998 1794 1230 1874 habeS,
1288 1795 1680 1864 beatissime
1727 1800 1942 1875 Pater,
1995 1795 2081 1863 de
2131 1795 2684 1884 vitaLeopoldi,
2735 1791 2887 1860 mo'

478 1905 557 1953 ac
605 1883 1060 1954 sanctissimis
1117 1884 1447 1952 institutis
1477 1937 1492 1964 ,
1546 1898 1611 1953 et
1658 1883 2091 1972 gubernandi
2140 1905 2301 1954 suos
2345 1883 2854 1973 probatissima

482 1972 685 2050 tione,
723 1993 901 2058 quae
950 1993 1081 2040 non
1126 1972 1275 2041 sine
1310 1993 1558 2058 magna
1610 1971 1811 2042 laude
1857 1973 2092 2042 vivens
2137 1973 2381 2062 exegit3
2437 1987 2511 2042 et
2548 1970 2807 2060 quanti
2872 1982 2877 1997 ·

481 2060 698 2130 tissces
767 2060 1323 2151 praedecessores
1393 2061 1489 2130 tui
1562 2083 1719 2131 eum
1795 2060 2128 2142 fecerint;
2210 2064 2683 2131 Innocentius
2755 2079 2883 2127 ma

478 2154 565 2231 ΙΙ,
629 2149 748 2237 qui
801 2171 1083 2219 munere
1130 2148 1627 2219 benedictionis
1683 2164 1748 2219 et
1803 2150 2256 2219 absolutionis
2314 2163 2460 2239 post
2512 2164 2820 2219 mortem
2867 2172 2897 2205 ν·

479 2238 770 2318 donato,
847 2237 1047 2317 talia,
1111 2251 1337 2317 tanta,
1400 2250 1537 2307 tam
1609 2238 1991 2329 praeclara,
2070 2240 2492 2309 sanctitatem
2565 2237 2816 2309 omnia

476 2328 729 2397 ctantia
775 2327 859 2395 de
891 2348 970 2395 eo
1020 2326 1435 2416 praedicavit
1465 2327 1800 2416 exempla,
1838 2329 2097 2414 quibus
2146 2349 2279 2398 non
2330 2325 2555 2396 solum
2619 2343 2927 2418 persua

484 2418 685 2487 nobis
735 2438 1131 2505 possumu8‚
1194 2416 1408 2485 immo
1465 2416 1742 2487 credere
1798 2439 2132 2507 cogamur
2192 2416 2688 2487 Innocentium
2767 2416 2913 2508 Hs·

482 2505 614 2574 nisi
685 2527 806 2593 pro
867 2520 1101 2574 sancto
1164 2504 1580 2595 Leopoldum
1658 2506 2006 2576 habuisse.
2079 2512 2306 2576 Restat
2364 2517 2442 2574 ut
2511 2506 2907 2575 sacratissn·

478 2594 650 2663 vitae
684 2607 833 2682 post
873 2593 1016 2681 jam
1058 2606 1452 2674 memorata,
1499 2616 1633 2663 non
1670 2595 1811 2663 leve
1862 2595 2325 2666 testimonium
2358 2593 2747 2663 adducam.
2791 2593 2913 2658 1¹1:

477 2682 755 2769 quidem
808 2703 914 2752 res
962 2694 1106 2761 est,
1173 2702 1350 2768 quae
1403 2682 1627 2752 solum
1679 2683 1748 2751 in
1810 2682 2196 2773 catalogum
2260 2688 2679 2752 Sanctorum
2733 2698 2905 2749 nv

478 2768 849 2859 compellit.
905 2770 1400 2851 Animadverte,
1447 2773 1752 2849 obsecro,
1790 2778 1983 2842 Pater
2012 2786 2280 2842 sancte:
2313 2773 2477 2840 haec
2519 2773 2721 2841 enim
2758 2768 2907 2837 sil

478 2859 973 2948 praetereunda
1034 2879 1169 2927 non
1218 2872 1402 2940 sunt,
1455 2882 1612 2930 cum
1679 2860 1940 2929 scilicet
1988 2862 2507 2930 incitamentum
2561 2861 2905 2930 simone·-

475 2947 558 3016 ad
614 2948 781 3016 bene
816 2949 1140 3035 beateque
1182 2948 1576 3019 vivendum.
1635 2950 1849 3018 Labor
1911 2951 2094 3019 enim
2164 2948 2516 3018 fastidium
2578 2951 2825 3018 afferre
2874 2969 2907 3000 ν

474 3035 694 3115 debet,
739 3037 1018 3123 quando
1067 3036 1413 3106 laudabile
1445 3051 1511 3106 et
1548 3051 1808 3107 certum
1859 3050 2288 3125 exspectatur
2339 3038 2757 3127 praemium.
2801 3036 2895 3127 ⁴⁸¹.-

478 3140 745 3194 aeterna
773 3125 989 3226 gloria
1023 3125 1171 3195 dari
1204 3148 1335 3195 non
1383 3139 1638 3216 potest:
1691 3142 1756 3195 et
1802 3126 2080 3213 quidem
2121 3127 2323 3196 rebus
2363 3120 2886 3225 supernaturali·

477 3236 547 3283 se
588 3229 852 3284 asserit.
890 3220 976 3283 De
1015 3214 1367 3285 miraculis
1403 3214 1644 3302 loquor
1667 3229 1732 3284 et
1762 3217 2129 3305 praecipue
2155 3214 2494 3303 Leopotm,
2539 3228 2620 3283 ut
2650 3210 2905 3284 annali

477 3308 970 3375 Germanorum
1026 3304 1155 3373 late
1179 3317 1243 3372 et
1281 3304 1556 3394 copiose
1607 3318 1947 3374 narratur.
2002 3304 2271 3374 Referre
2309 3323 2443 3371 non
2485 3303 2700 3391 piget.
2740 3314 2808 3371 ut
2831 3319 2897 3393 q

475 3391 619 3462 illic
670 3392 902 3471 latent,
950 3393 1149 3462 nobis
1198 3407 1431 3493 aperta
1479 3406 1545 3461 et
1598 3394 1780 3462 velut
1826 3408 1982 3462 ante
2026 3392 2262 3462 oculos
2313 3392 2528 3480 posita
2588 3390 2871 3481 conspici

475 3480 724 3549 intueri
768 3482 1055 3571 possint.
1111 3487 1188 3550 Et
1234 3504 1301 3550 tn
1353 3503 1592 3550 eorum
1632 3483 2098 3551 monumentis
2131 3496 2386 3550 servata
2435 3480 2604 3549 baec
2650 3483 2912 3570 teguntur

562 3573 598 3725 ῗ
643 3574 720 3641 2.
775 3570 1014 3639 Mulier
1046 3570 1384 3656 quaedam
1421 3570 1792 3651 carinthia,
1848 3570 2210 3639 immundo
2258 3582 2486 3639 vexata
2531 3570 2802 3658 spiritu,
2882 3587 2900 3616 ³¹
2942 3591 2944 3596 ·

478 3680 564 3747 po
594 3658 662 3726 di
699 3680 829 3746 ope
868 3659 1220 3728 liberatur.
1260 3664 1435 3728 Puer
1468 3673 1706 3727 mutus
1757 3681 1990 3728 novem
2027 3659 2229 3728 annis
2274 3680 2355 3727 ex
2387 3657 2934 3748 Herzogemburgo.

479 3748 733 3817 vocalis
767 3747 864 3816 stt.
921 3747 1108 3816 Alius
1137 3762 1381 3835 captus
1419 3748 1743 3816 manibus
1789 3762 1855 3816 et
1897 3747 2208 3849 pedibus,
2245 3746 2618 3817 convaluit.
2665 3741 2935 3837 Presbffiffl

473 3836 989 3926 Herbipolensis
1036 3858 1307 3915 caecuS,
1348 3835 1603 3906 relictis
1653 3837 1973 3916 tenebris,
2006 3837 2188 3906 diem
2225 3837 2415 3904 vidit.
2469 3836 2583 3903 Vir
2632 3857 2676 3904 o
2727 3818 2929 3916 ictam}

477 3925 685 4002 mine,
742 3926 1002 3995 revixit.
1056 3923 1273 3994 Altera
1325 3923 1561 4014 lapillo
1595 3925 1980 4003 obcaecata,
2015 3930 2142 3994 Leo
2192 3924 2331 3994 oldi
2378 3937 2577 3993 tumu
2608 3946 2650 3992 o
2779 3924 2932 3989 ιτειῑῑῐς

476 4014 819 4102 precibus,
878 4027 1234 4103 recuperat
1264 4013 1515 4084 visum.
1571 4019 1746 4083 Puer
1774 4014 1962 4083 chira
2021 4019 2093 4083 ra
2168 4015 2463 4083 aborans
2507 4026 2650 4081 eto
2729 4012 2817 4080 cio
2840 4018 2928 4097 115⁸·

476 4122 691 4170 nunm
748 4103 1019 4192 penitus
1059 4123 1324 4180 carens,
1366 4101 1676 4188 ejusdem
1720 4124 1849 4191 ope
1888 4126 1959 4172 sa
1995 4116 2176 4171 utem
2216 4102 2477 4191 recipit.
2518 4103 2625 4170 Sic
2658 4114 2723 4169 et
2757 4090 2924 4167 mulier

481 4191 784 4280 podagra
830 4212 971 4261 uno
1033 4190 1224 4282 pede,
1279 4205 1345 4261 et
1403 4191 1574 4260 alter
1621 4190 1936 4273 duobuS,
2001 4191 2306 4282 ejusdem
2372 4212 2498 4279 ope
2549 4189 2734 4258 liberi
2791 4184 2918 4277 tium»

477 4281 697 4363 Eques
745 4279 1025 4365 quidam
1069 4293 1344 4369 gutture
1391 4279 1800 4361 tumefacto,
1854 4280 2127 4351 ossibus
2181 4278 2665 4357 crescentibus,
2721 4277 2800 4344 ita
2828 4279 2914 4356 eJUS

478 4365 809 4435 miraculo
858 4367 1208 4451 liberatur,
1260 4381 1336 4437 ut
1383 4368 1532 4438 sine
1601 4369 1918 4439 cicatrice
1966 4369 2067 4438 vel
2133 4367 2265 4438 alio
2323 4368 2521 4458 signo
2563 4365 2727 4435 liber
2765 4362 2913 4430 sactus
