<?xml version="1.0" encoding="UTF-8"?>
<!DOCTYPE html PUBLIC "-//W3C//DTD XHTML 1.0 Transitional//EN"
    "http://www.w3.org/TR/xhtml1/DTD/xhtml1-transitional.dtd">
<html xmlns="http://www.w3.org/1999/xhtml" xml:lang="en" lang="en">
 <head>
  <title>
</title>
<meta http-equiv="Content-Type" content="text/html;charset=utf-8" />
  <meta name='ocr-system' content='tesseract 3.04.00' />
  <meta name='ocr-capabilities' content='ocr_page ocr_carea ocr_par ocr_line ocrx_word'/>
</head>
<body>
  <div class='ocr_page' id='page_1' title='image "./historiaeseuvit05lippgoog_0390.png"; bbox 0 0 2993 4837; ppageno 0'>
   <div class='ocr_carea' id='block_1_1' title="bbox 488 274 2893 342">
    <p class='ocr_par' dir='ltr' id='par_1_1' title="bbox 488 274 2893 342">
     <span class='ocr_line' id='line_1_1' title="bbox 488 274 2893 342; baseline -0 0"><span class='ocrx_word' id='word_1_1' title='bbox 488 278 612 342; x_wconf 70' lang='lat'><strong>354</strong></span> <span class='ocrx_word' id='word_1_2' title='bbox 1087 295 1165 339; x_wconf 72' lang='lat' dir='ltr'><strong>nr.</strong></span> <span class='ocrx_word' id='word_1_3' title='bbox 1212 294 1267 340; x_wconf 91' lang='lat' dir='ltr'><strong>s.</strong></span> <span class='ocrx_word' id='word_1_4' title='bbox 1322 293 1670 340; x_wconf 61' lang='lat' dir='ltr'><strong>coner-amo</strong></span> <span class='ocrx_word' id='word_1_5' title='bbox 1720 295 1818 340; x_wconf 70' lang='lat' dir='ltr'><strong>nr.</strong></span> <span class='ocrx_word' id='word_1_6' title='bbox 1873 292 2255 340; x_wconf 58' lang='lat' dir='ltr'><strong>amanensi</strong></span> <span class='ocrx_word' id='word_1_7' title='bbox 2651 274 2812 340; x_wconf 74' lang='lat' dir='ltr'><strong>NOV.</strong></span> <span class='ocrx_word' id='word_1_8' title='bbox 2857 278 2893 341; x_wconf 88' lang='lat'>8</span> 
     </span>
    </p>
   </div>
   <div class='ocr_carea' id='block_1_2' title="bbox 372 377 2957 4458">
    <p class='ocr_par' dir='ltr' id='par_1_2' title="bbox 387 377 2911 2399">
     <span class='ocr_line' id='line_1_2' title="bbox 486 377 2898 467; baseline -0.001 -18"><span class='ocrx_word' id='word_1_9' title='bbox 486 384 521 467; x_wconf 66' lang='grc' dir='ltr'><strong>ξ</strong></span> <span class='ocrx_word' id='word_1_10' title='bbox 568 383 728 449; x_wconf 94' lang='grc'><strong>33.</strong></span> <span class='ocrx_word' id='word_1_11' title='bbox 784 383 949 447; x_wconf 84' lang='lat' dir='ltr'><strong>Cum</strong></span> <span class='ocrx_word' id='word_1_12' title='bbox 999 391 1228 447; x_wconf 91' lang='lat' dir='ltr'><strong>autem</strong></span> <span class='ocrx_word' id='word_1_13' title='bbox 1301 378 1367 446; x_wconf 90' lang='lat' dir='ltr'><strong>in</strong></span> <span class='ocrx_word' id='word_1_14' title='bbox 1421 378 1710 448; x_wconf 79' lang='lat' dir='ltr'>Galliam</span> <span class='ocrx_word' id='word_1_15' title='bbox 1778 377 2191 466; x_wconf 80' lang='lat' dir='ltr'>Cisalpinam</span> <span class='ocrx_word' id='word_1_16' title='bbox 2247 379 2577 457; x_wconf 85' lang='lat' dir='ltr'><strong>venisset,</strong></span> <span class='ocrx_word' id='word_1_17' title='bbox 2646 380 2898 448; x_wconf 86' lang='lat' dir='ltr'><strong>comites</strong></span> 
     </span>
     <span class='ocr_line' id='line_1_3' title="bbox 399 466 2905 556; baseline -0.001 -19"><span class='ocrx_word' id='word_1_18' title='bbox 399 470 662 538; x_wconf 90' lang='lat' dir='ltr'><strong>itineris</strong></span> <span class='ocrx_word' id='word_1_19' title='bbox 712 479 1128 536; x_wconf 89' lang='lat' dir='ltr'><strong>monuerunt</strong></span> <span class='ocrx_word' id='word_1_20' title='bbox 1174 488 1376 546; x_wconf 91' lang='lat' dir='ltr'><strong>eum,</strong></span> <span class='ocrx_word' id='word_1_21' title='bbox 1441 479 1517 536; x_wconf 89' lang='lat' dir='ltr'><strong>ut</strong></span> <span class='ocrx_word' id='word_1_22' title='bbox 1573 489 1696 556; x_wconf 91' lang='lat' dir='ltr'><strong>pro</strong></span> <span class='ocrx_word' id='word_1_23' title='bbox 1745 466 2107 537; x_wconf 85' lang='lat' dir='ltr'><strong>Godefrido</strong></span> <span class='ocrx_word' id='word_1_24' title='bbox 2168 470 2505 536; x_wconf 74' lang='lat' dir='ltr'><strong>Heraeum</strong></span> <span class='ocrx_word' id='word_1_25' title='bbox 2563 489 2632 537; x_wconf 92' lang='lat' dir='ltr'><strong>se</strong></span> <span class='ocrx_word' id='word_1_26' title='bbox 2679 468 2905 537; x_wconf 85' lang='lat' dir='ltr'><strong>sineret</strong></span> 
     </span>
     <span class='ocr_line' id='line_1_4' title="bbox 396 555 2903 648; baseline -0.001 -21"><span class='ocrx_word' id='word_1_27' title='bbox 396 555 753 648; x_wconf 90' lang='lat' dir='ltr'><strong>appellari.</strong></span> <span class='ocrx_word' id='word_1_28' title='bbox 799 555 1185 624; x_wconf 82' lang='lat' dir='ltr'><strong>Metuebant</strong></span> <span class='ocrx_word' id='word_1_29' title='bbox 1230 555 1440 635; x_wconf 90' lang='lat' dir='ltr'><strong>enim,</strong></span> <span class='ocrx_word' id='word_1_30' title='bbox 1481 577 1565 623; x_wconf 94' lang='lat' dir='ltr'><strong>ne</strong></span> <span class='ocrx_word' id='word_1_31' title='bbox 1594 555 1759 643; x_wconf 91' lang='lat' dir='ltr'><strong>quid</strong></span> <span class='ocrx_word' id='word_1_32' title='bbox 1812 555 2081 625; x_wconf 88' lang='lat' dir='ltr'><strong>adversi</strong></span> <span class='ocrx_word' id='word_1_33' title='bbox 2134 555 2304 643; x_wconf 87' lang='lat' dir='ltr'><strong>ipsis</strong></span> <span class='ocrx_word' id='word_1_34' title='bbox 2343 555 2701 636; x_wconf 91' lang='lat' dir='ltr'><strong>accideret,</strong></span> <span class='ocrx_word' id='word_1_35' title='bbox 2739 556 2794 624; x_wconf 89' lang='lat' dir='ltr'><strong>si</strong></span> <span class='ocrx_word' id='word_1_36' title='bbox 2836 578 2903 624; x_wconf 82' lang='lat' dir='ltr'><strong>ex</strong></span> 
     </span>
     <span class='ocr_line' id='line_1_5' title="bbox 399 643 2907 734; baseline -0.001 -19"><span class='ocrx_word' id='word_1_37' title='bbox 399 646 677 717; x_wconf 90' lang='lat' dir='ltr'><strong>nomine</strong></span> <span class='ocrx_word' id='word_1_38' title='bbox 748 643 1216 713; x_wconf 83' lang='lat' dir='ltr'><strong>innotesceret.</strong></span> <span class='ocrx_word' id='word_1_39' title='bbox 1285 643 1631 734; x_wconf 89' lang='lat' dir='ltr'><strong>Principio</strong></span> <span class='ocrx_word' id='word_1_40' title='bbox 1679 644 1956 730; x_wconf 92' lang='lat' dir='ltr'><strong>quidem</strong></span> <span class='ocrx_word' id='word_1_41' title='bbox 2024 666 2261 713; x_wconf 86' lang='lat' dir='ltr'><strong>servus</strong></span> <span class='ocrx_word' id='word_1_42' title='bbox 2328 644 2444 713; x_wconf 90' lang='lat' dir='ltr'><strong>Dei</strong></span> <span class='ocrx_word' id='word_1_43' title='bbox 2516 645 2583 713; x_wconf 93' lang='lat' dir='ltr'><strong>id</strong></span> <span class='ocrx_word' id='word_1_44' title='bbox 2656 656 2907 734; x_wconf 81' lang='lat' dir='ltr'><strong>gravate</strong></span> 
     </span>
     <span class='ocr_line' id='line_1_6' title="bbox 397 731 2909 824; baseline -0 -20"><span class='ocrx_word' id='word_1_45' title='bbox 397 734 680 824; x_wconf 85' lang='lat' dir='ltr'><strong>accepit,</strong></span> <span class='ocrx_word' id='word_1_46' title='bbox 723 732 840 803; x_wconf 92' lang='lat' dir='ltr'><strong>sed</strong></span> <span class='ocrx_word' id='word_1_47' title='bbox 894 753 1051 801; x_wconf 89' lang='lat' dir='ltr'><strong>cum</strong></span> <span class='ocrx_word' id='word_1_48' title='bbox 1105 755 1239 801; x_wconf 90' lang='lat' dir='ltr'><strong>non</strong></span> <span class='ocrx_word' id='word_1_49' title='bbox 1302 745 1528 821; x_wconf 87' lang='lat' dir='ltr'><strong>posset</strong></span> <span class='ocrx_word' id='word_1_50' title='bbox 1579 732 1854 801; x_wconf 91' lang='lat' dir='ltr'><strong>illorum</strong></span> <span class='ocrx_word' id='word_1_51' title='bbox 1915 731 2231 801; x_wconf 90' lang='lat' dir='ltr'><strong>resistere</strong></span> <span class='ocrx_word' id='word_1_52' title='bbox 2279 733 2635 813; x_wconf 89' lang='lat' dir='ltr'><strong>voluntati,</strong></span> <span class='ocrx_word' id='word_1_53' title='bbox 2676 734 2909 803; x_wconf 81' lang='lat' dir='ltr'><strong>invitus</strong></span> 
     </span>
     <span class='ocr_line' id='line_1_7' title="bbox 395 820 2910 909; baseline -0.002 -14"><span class='ocrx_word' id='word_1_54' title='bbox 395 823 550 895; x_wconf 92' lang='lat' dir='ltr'><strong>tulit</strong></span> <span class='ocrx_word' id='word_1_55' title='bbox 597 821 897 891; x_wconf 89' lang='lat' dir='ltr'><strong>alienum</strong></span> <span class='ocrx_word' id='word_1_56' title='bbox 951 820 1084 890; x_wconf 90' lang='lat' dir='ltr'><strong>sibi</strong></span> <span class='ocrx_word' id='word_1_57' title='bbox 1136 842 1379 889; x_wconf 90' lang='lat' dir='ltr'><strong>nomen</strong></span> <span class='ocrx_word' id='word_1_58' title='bbox 1434 822 1524 889; x_wconf 91' lang='lat' dir='ltr'><strong>im</strong></span> <span class='ocrx_word' id='word_1_59' title='bbox 1583 822 1722 890; x_wconf 92' lang='lat' dir='ltr'><strong>oni.</strong></span> <span class='ocrx_word' id='word_1_60' title='bbox 1769 826 1843 890; x_wconf 77' lang='lat' dir='ltr'><strong>At</strong></span> <span class='ocrx_word' id='word_1_61' title='bbox 1882 834 2107 891; x_wconf 88' lang='lat' dir='ltr'><strong>tamen</strong></span> <span class='ocrx_word' id='word_1_62' title='bbox 2145 843 2588 909; x_wconf 89' lang='lat' dir='ltr'><strong>quocumque</strong></span> <span class='ocrx_word' id='word_1_63' title='bbox 2621 820 2910 891; x_wconf 86' lang='lat' dir='ltr'><strong>divertis-</strong></span> 
     </span>
     <span class='ocr_line' id='line_1_8' title="bbox 397 909 2911 999; baseline -0.002 -18"><span class='ocrx_word' id='word_1_64' title='bbox 397 924 518 992; x_wconf 90' lang='lat' dir='ltr'><strong>set,</strong></span> <span class='ocrx_word' id='word_1_65' title='bbox 572 910 658 980; x_wconf 94' lang='lat' dir='ltr'><strong>ab</strong></span> <span class='ocrx_word' id='word_1_66' title='bbox 705 910 1030 980; x_wconf 90' lang='lat' dir='ltr'><strong>omnibus</strong></span> <span class='ocrx_word' id='word_1_67' title='bbox 1080 909 1321 981; x_wconf 71' lang='lat' dir='ltr'><strong>facile.</strong></span> <span class='ocrx_word' id='word_1_68' title='bbox 1375 931 1511 995; x_wconf 90' lang='lat' dir='ltr'><strong>quo</strong></span> <span class='ocrx_word' id='word_1_69' title='bbox 1615 910 1994 999; x_wconf 84' lang='lat' dir='ltr'>Episcopus</span> <span class='ocrx_word' id='word_1_70' title='bbox 2040 922 2263 992; x_wconf 87' lang='lat' dir='ltr'><strong>esset,</strong></span> <span class='ocrx_word' id='word_1_71' title='bbox 2317 910 2815 999; x_wconf 81' lang='lat' dir='ltr'><strong>agnoscebatur</strong></span> <span class='ocrx_word' id='word_1_72' title='bbox 2856 921 2911 978; x_wconf 89' lang='lat' dir='ltr'><strong>et</strong></span> 
     </span>
     <span class='ocr_line' id='line_1_9' title="bbox 398 998 2904 1088; baseline -0.001 -20"><span class='ocrx_word' id='word_1_73' title='bbox 398 1001 569 1068; x_wconf 90' lang='lat' dir='ltr'><strong>mire</strong></span> <span class='ocrx_word' id='word_1_74' title='bbox 620 998 1164 1088; x_wconf 83' lang='lat' dir='ltr'><strong>praedicabatur.</strong></span> <span class='ocrx_word' id='word_1_75' title='bbox 1217 1003 1340 1066; x_wconf 92' lang='lat' dir='ltr'><strong>Per</strong></span> <span class='ocrx_word' id='word_1_76' title='bbox 1391 998 1657 1067; x_wconf 87' lang='lat' dir='ltr'><strong>Italiam</strong></span> <span class='ocrx_word' id='word_1_77' title='bbox 1731 1012 1961 1068; x_wconf 87' lang='lat' dir='ltr'><strong>autem</strong></span> <span class='ocrx_word' id='word_1_78' title='bbox 2025 998 2267 1069; x_wconf 87' lang='lat' dir='ltr'><strong>beatus</strong></span> <span class='ocrx_word' id='word_1_79' title='bbox 2315 1000 2416 1068; x_wconf 90' lang='lat' dir='ltr'><strong>vir</strong></span> <span class='ocrx_word' id='word_1_80' title='bbox 2467 1000 2592 1069; x_wconf 90' lang='lat' dir='ltr'><strong>iter</strong></span> <span class='ocrx_word' id='word_1_81' title='bbox 2642 998 2904 1077; x_wconf 77' lang='lat' dir='ltr'><strong>facienS,</strong></span> 
     </span>
     <span class='ocr_line' id='line_1_10' title="bbox 394 1086 2904 1177; baseline -0.001 -19"><span class='ocrx_word' id='word_1_82' title='bbox 394 1087 730 1158; x_wconf 89' lang='lat' dir='ltr'><strong>annulum</strong></span> <span class='ocrx_word' id='word_1_83' title='bbox 780 1086 1105 1156; x_wconf 87' lang='lat' dir='ltr'><strong>Honorati</strong></span> <span class='ocrx_word' id='word_1_84' title='bbox 1147 1087 1462 1177; x_wconf 86' lang='lat' dir='ltr'><strong>Episcopi</strong></span> <span class='ocrx_word' id='word_1_85' title='bbox 1512 1086 1988 1156; x_wconf 82' lang='lat' dir='ltr'><strong>Ambianensis</strong></span> <span class='ocrx_word' id='word_1_86' title='bbox 2035 1101 2099 1157; x_wconf 91' lang='lat' dir='ltr'><strong>et</strong></span> <span class='ocrx_word' id='word_1_87' title='bbox 2148 1087 2438 1157; x_wconf 90' lang='lat' dir='ltr'><strong>illustris</strong></span> <span class='ocrx_word' id='word_1_88' title='bbox 2487 1087 2904 1167; x_wconf 87' lang='lat' dir='ltr'><strong>confessoris,</strong></span> 
     </span>
     <span class='ocr_line' id='line_1_11' title="bbox 394 1174 2904 1266; baseline -0.002 -20"><span class='ocrx_word' id='word_1_89' title='bbox 394 1200 598 1265; x_wconf 90' lang='lat' dir='ltr'><strong>quem</strong></span> <span class='ocrx_word' id='word_1_90' title='bbox 650 1175 983 1245; x_wconf 85' lang='lat' dir='ltr'><strong>Gervinus</strong></span> <span class='ocrx_word' id='word_1_91' title='bbox 1028 1175 1177 1264; x_wconf 89' lang='lat' dir='ltr'><strong>ejus</strong></span> <span class='ocrx_word' id='word_1_92' title='bbox 1232 1174 1551 1245; x_wconf 87' lang='lat' dir='ltr'><strong>decessor</strong></span> <span class='ocrx_word' id='word_1_93' title='bbox 1614 1175 2050 1255; x_wconf 84' lang='lat' dir='ltr'><strong>vendiderat,</strong></span> <span class='ocrx_word' id='word_1_94' title='bbox 2103 1176 2294 1264; x_wconf 91' lang='lat' dir='ltr'><strong>justo</strong></span> <span class='ocrx_word' id='word_1_95' title='bbox 2346 1178 2561 1266; x_wconf 89' lang='lat' dir='ltr'><strong>pretio</strong></span> <span class='ocrx_word' id='word_1_96' title='bbox 2614 1176 2904 1256; x_wconf 81' lang='lat' dir='ltr'><strong>redemit,</strong></span> 
     </span>
     <span class='ocr_line' id='line_1_12' title="bbox 394 1263 2909 1351; baseline -0.001 -16"><span class='ocrx_word' id='word_1_97' title='bbox 394 1287 768 1351; x_wconf 87' lang='lat' dir='ltr'><strong>secumque</strong></span> <span class='ocrx_word' id='word_1_98' title='bbox 806 1264 889 1332; x_wconf 89' lang='lat' dir='ltr'><strong>ad</strong></span> <span class='ocrx_word' id='word_1_99' title='bbox 941 1263 1179 1333; x_wconf 87' lang='lat' dir='ltr'><strong>urbem</strong></span> <span class='ocrx_word' id='word_1_100' title='bbox 1233 1263 1721 1332; x_wconf 76' lang='lat' dir='ltr'><strong>Ambianorum</strong></span> <span class='ocrx_word' id='word_1_101' title='bbox 1772 1263 2079 1333; x_wconf 83' lang='lat' dir='ltr'><strong>adduxit.</strong></span> <span class='ocrx_word' id='word_1_102' title='bbox 2126 1266 2248 1333; x_wconf 88' lang='lat' dir='ltr'><strong>Ubi</strong></span> <span class='ocrx_word' id='word_1_103' title='bbox 2288 1287 2447 1334; x_wconf 91' lang='lat' dir='ltr'><strong>cum</strong></span> <span class='ocrx_word' id='word_1_104' title='bbox 2490 1279 2670 1334; x_wconf 91' lang='lat' dir='ltr'><strong>esset</strong></span> <span class='ocrx_word' id='word_1_105' title='bbox 2721 1265 2909 1333; x_wconf 79' lang='lat' dir='ltr'><strong>liono-</strong></span> 
     </span>
     <span class='ocr_line' id='line_1_13' title="bbox 397 1352 2908 1443; baseline -0.001 -20"><span class='ocrx_word' id='word_1_106' title='bbox 397 1355 586 1423; x_wconf 85' lang='lat' dir='ltr'><strong>rifice</strong></span> <span class='ocrx_word' id='word_1_107' title='bbox 617 1365 962 1441; x_wconf 85' lang='lat' dir='ltr'><strong>exceptus,</strong></span> <span class='ocrx_word' id='word_1_108' title='bbox 994 1352 1245 1421; x_wconf 76' lang='lat' dir='ltr'><strong>Abbate</strong></span> <span class='ocrx_word' id='word_1_109' title='bbox 1278 1358 1342 1422; x_wconf 91' lang='lat' dir='ltr'><strong>S.</strong></span> <span class='ocrx_word' id='word_1_110' title='bbox 1377 1352 1687 1423; x_wconf 88' lang='lat' dir='ltr'><strong>Walerici</strong></span> <span class='ocrx_word' id='word_1_111' title='bbox 1726 1376 1967 1422; x_wconf 89' lang='lat' dir='ltr'><strong>rursus</strong></span> <span class='ocrx_word' id='word_1_112' title='bbox 1995 1353 2235 1434; x_wconf 91' lang='lat' dir='ltr'><strong>accit0,</strong></span> <span class='ocrx_word' id='word_1_113' title='bbox 2268 1354 2510 1425; x_wconf 79' lang='lat' dir='ltr'><strong>beatus</strong></span> <span class='ocrx_word' id='word_1_114' title='bbox 2545 1354 2908 1443; x_wconf 86' lang='lat' dir='ltr'><strong>Episcopus</strong></span> 
     </span>
     <span class='ocr_line' id='line_1_14' title="bbox 395 1440 2908 1533; baseline -0.002 -21"><span class='ocrx_word' id='word_1_115' title='bbox 395 1443 647 1533; x_wconf 85' lang='lat' dir='ltr'><strong>profert</strong></span> <span class='ocrx_word' id='word_1_116' title='bbox 709 1441 964 1510; x_wconf 88' lang='lat' dir='ltr'><strong>litteras</strong></span> <span class='ocrx_word' id='word_1_117' title='bbox 1014 1440 1360 1511; x_wconf 87' lang='lat' dir='ltr'><strong>Paschalis</strong></span> <span class='ocrx_word' id='word_1_118' title='bbox 1416 1441 1809 1522; x_wconf 85' lang='lat' dir='ltr'><strong>Pontificis,</strong></span> <span class='ocrx_word' id='word_1_119' title='bbox 1872 1441 1988 1510; x_wconf 91' lang='lat' dir='ltr'><strong>dat</strong></span> <span class='ocrx_word' id='word_1_120' title='bbox 2034 1464 2148 1511; x_wconf 89' lang='lat' dir='ltr'><strong>eas</strong></span> <span class='ocrx_word' id='word_1_121' title='bbox 2206 1443 2467 1511; x_wconf 89' lang='lat' dir='ltr'><strong>Simoni</strong></span> <span class='ocrx_word' id='word_1_122' title='bbox 2533 1442 2908 1532; x_wconf 85' lang='lat' dir='ltr'><strong>Praeposito</strong></span> 
     </span>
     <span class='ocr_line' id='line_1_15' title="bbox 395 1529 2905 1621; baseline -0.002 -21"><span class='ocrx_word' id='word_1_123' title='bbox 395 1531 622 1621; x_wconf 90' lang='lat' dir='ltr'><strong>palam</strong></span> <span class='ocrx_word' id='word_1_124' title='bbox 696 1529 1102 1600; x_wconf 89' lang='lat' dir='ltr'><strong>recitandas.</strong></span> <span class='ocrx_word' id='word_1_125' title='bbox 1157 1534 1522 1614; x_wconf 90' lang='lat' dir='ltr'><strong>Postquam</strong></span> <span class='ocrx_word' id='word_1_126' title='bbox 1596 1542 1871 1598; x_wconf 88' lang='lat' dir='ltr'><strong>ventum</strong></span> <span class='ocrx_word' id='word_1_127' title='bbox 1920 1542 2021 1599; x_wconf 89' lang='lat' dir='ltr'><strong>est</strong></span> <span class='ocrx_word' id='word_1_128' title='bbox 2082 1529 2166 1599; x_wconf 91' lang='lat' dir='ltr'><strong>ad</strong></span> <span class='ocrx_word' id='word_1_129' title='bbox 2234 1552 2392 1600; x_wconf 89' lang='lat' dir='ltr'><strong>eum</strong></span> <span class='ocrx_word' id='word_1_130' title='bbox 2468 1530 2749 1611; x_wconf 90' lang='lat' dir='ltr'><strong>locum,</strong></span> <span class='ocrx_word' id='word_1_131' title='bbox 2806 1530 2905 1600; x_wconf 90' lang='lat' dir='ltr'><strong>ubi</strong></span> 
     </span>
     <span class='ocr_line' id='line_1_16' title="bbox 392 1617 2905 1710; baseline -0.002 -20"><span class='ocrx_word' id='word_1_132' title='bbox 392 1620 694 1690; x_wconf 84' lang='lat' dir='ltr'><strong>Pontifex</strong></span> <span class='ocrx_word' id='word_1_133' title='bbox 729 1619 919 1708; x_wconf 87' lang='lat' dir='ltr'><strong>jubet</strong></span> <span class='ocrx_word' id='word_1_134' title='bbox 966 1619 1288 1687; x_wconf 81' lang='lat' dir='ltr'><strong>Abbatem</strong></span> <span class='ocrx_word' id='word_1_135' title='bbox 1325 1624 1388 1687; x_wconf 91' lang='lat' dir='ltr'><strong>S.</strong></span> <span class='ocrx_word' id='word_1_136' title='bbox 1429 1617 1740 1687; x_wconf 90' lang='lat' dir='ltr'><strong>Walerici</strong></span> <span class='ocrx_word' id='word_1_137' title='bbox 1775 1640 1933 1687; x_wconf 88' lang='lat' dir='ltr'><strong>cum</strong></span> <span class='ocrx_word' id='word_1_138' title='bbox 1970 1618 2295 1687; x_wconf 84' lang='lat' dir='ltr'><strong>fratribus</strong></span> <span class='ocrx_word' id='word_1_139' title='bbox 2343 1619 2488 1688; x_wconf 90' lang='lat' dir='ltr'><strong>suis</strong></span> <span class='ocrx_word' id='word_1_140' title='bbox 2534 1642 2659 1710; x_wconf 89' lang='lat' dir='ltr'><strong>per</strong></span> <span class='ocrx_word' id='word_1_141' title='bbox 2696 1620 2905 1688; x_wconf 87' lang='lat' dir='ltr'><strong>omnia</strong></span> 
     </span>
     <span class='ocr_line' id='line_1_17' title="bbox 393 1707 2903 1797; baseline -0.002 -20"><span class='ocrx_word' id='word_1_142' title='bbox 393 1708 667 1778; x_wconf 89' lang='lat' dir='ltr'><strong>obedire</strong></span> <span class='ocrx_word' id='word_1_143' title='bbox 714 1707 1153 1777; x_wconf 80' lang='lat' dir='ltr'><strong>Ambianensi</strong></span> <span class='ocrx_word' id='word_1_144' title='bbox 1206 1707 1528 1794; x_wconf 89' lang='lat' dir='ltr'><strong>praesuli,</strong></span> <span class='ocrx_word' id='word_1_145' title='bbox 1568 1720 1914 1792; x_wconf 90' lang='lat' dir='ltr'><strong>tamquam</strong></span> <span class='ocrx_word' id='word_1_146' title='bbox 1971 1708 2145 1797; x_wconf 89' lang='lat' dir='ltr'><strong>patri</strong></span> <span class='ocrx_word' id='word_1_147' title='bbox 2179 1721 2244 1776; x_wconf 87' lang='lat' dir='ltr'><strong>et</strong></span> <span class='ocrx_word' id='word_1_148' title='bbox 2281 1709 2557 1797; x_wconf 83' lang='lat' dir='ltr'><strong>pastori,</strong></span> <span class='ocrx_word' id='word_1_149' title='bbox 2599 1708 2823 1779; x_wconf 81' lang='lat' dir='ltr'><strong>Abbas</strong></span> <span class='ocrx_word' id='word_1_150' title='bbox 2853 1721 2903 1775; x_wconf 89' lang='lat' dir='ltr'><strong>et</strong></span> 
     </span>
     <span class='ocr_line' id='line_1_18' title="bbox 395 1795 2904 1885; baseline -0.001 -21"><span class='ocrx_word' id='word_1_151' title='bbox 395 1796 715 1866; x_wconf 81' lang='lat' dir='ltr'><strong>monachi</strong></span> <span class='ocrx_word' id='word_1_152' title='bbox 761 1796 1166 1875; x_wconf 83' lang='lat' dir='ltr'><strong>exclamant,</strong></span> <span class='ocrx_word' id='word_1_153' title='bbox 1205 1819 1332 1864; x_wconf 76' lang='lat' dir='ltr'><strong>non</strong></span> <span class='ocrx_word' id='word_1_154' title='bbox 1371 1796 1539 1865; x_wconf 77' lang='grc' dir='ltr'>ὀοηα</span> <span class='ocrx_word' id='word_1_155' title='bbox 1579 1796 1710 1885; x_wconf 76' lang='lat' dir='ltr'><strong>fide</strong></span> <span class='ocrx_word' id='word_1_156' title='bbox 1761 1798 2023 1865; x_wconf 69' lang='lat' dir='ltr'><strong>litteras</strong></span> <span class='ocrx_word' id='word_1_157' title='bbox 2063 1798 2361 1866; x_wconf 78' lang='lat' dir='ltr'><strong>recitari.</strong></span> <span class='ocrx_word' id='word_1_158' title='bbox 2410 1796 2536 1866; x_wconf 92' lang='lat' dir='ltr'><strong>Sed</strong></span> <span class='ocrx_word' id='word_1_159' title='bbox 2578 1819 2743 1866; x_wconf 90' lang='lat' dir='ltr'><strong>cum</strong></span> <span class='ocrx_word' id='word_1_160' title='bbox 2796 1795 2904 1883; x_wconf 84' lang='lat' dir='ltr'><strong>ipsi</strong></span> 
     </span>
     <span class='ocr_line' id='line_1_19' title="bbox 392 1883 2903 1975; baseline -0.001 -20"><span class='ocrx_word' id='word_1_161' title='bbox 392 1908 506 1955; x_wconf 92' lang='lat' dir='ltr'><strong>eas</strong></span> <span class='ocrx_word' id='word_1_162' title='bbox 556 1886 1032 1973; x_wconf 84' lang='lat' dir='ltr'><strong>inspexissent,</strong></span> <span class='ocrx_word' id='word_1_163' title='bbox 1085 1896 1149 1952; x_wconf 90' lang='lat' dir='ltr'><strong>et</strong></span> <span class='ocrx_word' id='word_1_164' title='bbox 1197 1883 1288 1952; x_wconf 90' lang='lat' dir='ltr'><strong>ita</strong></span> <span class='ocrx_word' id='word_1_165' title='bbox 1345 1884 1616 1964; x_wconf 81' lang='lat' dir='ltr'><strong>babere,</strong></span> <span class='ocrx_word' id='word_1_166' title='bbox 1658 1896 1732 1952; x_wconf 91' lang='lat' dir='ltr'><strong>ut</strong></span> <span class='ocrx_word' id='word_1_167' title='bbox 1769 1897 1964 1954; x_wconf 89' lang='lat' dir='ltr'><strong>erant</strong></span> <span class='ocrx_word' id='word_1_168' title='bbox 2012 1884 2244 1964; x_wconf 85' lang='lat' dir='ltr'><strong>lectae,</strong></span> <span class='ocrx_word' id='word_1_169' title='bbox 2300 1900 2481 1954; x_wconf 90' lang='lat' dir='ltr'><strong>certo</strong></span> <span class='ocrx_word' id='word_1_170' title='bbox 2547 1886 2903 1975; x_wconf 84' lang='lat' dir='ltr'><strong>comperis·</strong></span> 
     </span>
     <span class='ocr_line' id='line_1_20' title="bbox 392 1972 2900 2062; baseline -0.002 -19"><span class='ocrx_word' id='word_1_171' title='bbox 392 1987 563 2054; x_wconf 89' lang='lat' dir='ltr'><strong>sent,</strong></span> <span class='ocrx_word' id='word_1_172' title='bbox 603 1996 760 2043; x_wconf 88' lang='lat' dir='ltr'><strong>cum</strong></span> <span class='ocrx_word' id='word_1_173' title='bbox 814 1995 935 2043; x_wconf 87' lang='lat' dir='ltr'><strong>nec</strong></span> <span class='ocrx_word' id='word_1_174' title='bbox 987 1985 1283 2062; x_wconf 87' lang='lat' dir='ltr'><strong>possent,</strong></span> <span class='ocrx_word' id='word_1_175' title='bbox 1335 1994 1457 2042; x_wconf 91' lang='lat' dir='ltr'><strong>nec</strong></span> <span class='ocrx_word' id='word_1_176' title='bbox 1509 1972 1841 2042; x_wconf 86' lang='lat' dir='ltr'><strong>auderent</strong></span> <span class='ocrx_word' id='word_1_177' title='bbox 1875 1975 2163 2043; x_wconf 89' lang='lat' dir='ltr'><strong>Romani</strong></span> <span class='ocrx_word' id='word_1_178' title='bbox 2201 1974 2550 2043; x_wconf 84' lang='lat' dir='ltr'><strong>Pontificis</strong></span> <span class='ocrx_word' id='word_1_179' title='bbox 2593 1974 2900 2044; x_wconf 80' lang='lat' dir='ltr'><strong>voluntati</strong></span> 
     </span>
     <span class='ocr_line' id='line_1_21' title="bbox 392 2059 2896 2153; baseline -0.001 -22"><span class='ocrx_word' id='word_1_180' title='bbox 392 2064 726 2139; x_wconf 89' lang='lat' dir='ltr'><strong>resistere,</strong></span> <span class='ocrx_word' id='word_1_181' title='bbox 761 2062 843 2131; x_wconf 91' lang='lat' dir='ltr'><strong>ad</strong></span> <span class='ocrx_word' id='word_1_182' title='bbox 899 2062 1103 2152; x_wconf 88' lang='lat' dir='ltr'><strong>pedes</strong></span> <span class='ocrx_word' id='word_1_183' title='bbox 1152 2059 1327 2129; x_wconf 89' lang='lat' dir='ltr'><strong>beati</strong></span> <span class='ocrx_word' id='word_1_184' title='bbox 1363 2060 1708 2130; x_wconf 85' lang='lat' dir='ltr'><strong>Godesridi</strong></span> <span class='ocrx_word' id='word_1_185' title='bbox 1744 2083 1814 2132; x_wconf 91' lang='lat' dir='ltr'><strong>se</strong></span> <span class='ocrx_word' id='word_1_186' title='bbox 1845 2061 2207 2148; x_wconf 89' lang='lat' dir='ltr'><strong>abjiciunt,</strong></span> <span class='ocrx_word' id='word_1_187' title='bbox 2256 2062 2521 2132; x_wconf 85' lang='lat' dir='ltr'><strong>veniam</strong></span> <span class='ocrx_word' id='word_1_188' title='bbox 2563 2085 2896 2153; x_wconf 83' lang='lat' dir='ltr'><strong>perperam</strong></span> 
     </span>
     <span class='ocr_line' id='line_1_22' title="bbox 390 2148 2900 2252; baseline -0.001 -31"><span class='ocrx_word' id='word_1_189' title='bbox 390 2165 734 2252; x_wconf 87' lang='lat' dir='ltr'><strong>gestorum</strong></span> <span class='ocrx_word' id='word_1_190' title='bbox 792 2164 1050 2242; x_wconf 90' lang='lat' dir='ltr'><strong>petunt,</strong></span> <span class='ocrx_word' id='word_1_191' title='bbox 1112 2172 1231 2218; x_wconf 89' lang='lat' dir='ltr'><strong>nec</strong></span> <span class='ocrx_word' id='word_1_192' title='bbox 1287 2148 1656 2219; x_wconf 83' lang='lat' dir='ltr'><strong>difficulter</strong></span> <span class='ocrx_word' id='word_1_193' title='bbox 1713 2150 2104 2235; x_wconf 88' lang='lat' dir='ltr'><strong>impetrant,</strong></span> <span class='ocrx_word' id='word_1_194' title='bbox 2150 2174 2458 2239; x_wconf 83' lang='lat' dir='ltr'><strong>congrua</strong></span> <span class='ocrx_word' id='word_1_195' title='bbox 2513 2153 2615 2220; x_wconf 90' lang='lat' dir='ltr'><strong>eis</strong></span> <span class='ocrx_word' id='word_1_196' title='bbox 2670 2153 2900 2221; x_wconf 82' lang='lat' dir='ltr'><strong>mulcta</strong></span> 
     </span>
     <span class='ocr_line' id='line_1_23' title="bbox 388 2239 2897 2331; baseline -0.001 -23"><span class='ocrx_word' id='word_1_197' title='bbox 388 2254 708 2330; x_wconf 78' lang='lat' dir='ltr'><strong>irrogata.</strong></span> <span class='ocrx_word' id='word_1_198' title='bbox 746 2245 837 2309; x_wconf 79' lang='lat' dir='ltr'><strong>Ex</strong></span> <span class='ocrx_word' id='word_1_199' title='bbox 883 2261 959 2308; x_wconf 93' lang='lat' dir='ltr'><strong>eo</strong></span> <span class='ocrx_word' id='word_1_200' title='bbox 1013 2253 1312 2327; x_wconf 86' lang='lat' dir='ltr'><strong>tempore</strong></span> <span class='ocrx_word' id='word_1_201' title='bbox 1346 2239 1626 2307; x_wconf 79' lang='lat' dir='ltr'><strong>Abbatia</strong></span> <span class='ocrx_word' id='word_1_202' title='bbox 1676 2243 1740 2307; x_wconf 90' lang='lat' dir='ltr'><strong>S.</strong></span> <span class='ocrx_word' id='word_1_203' title='bbox 1776 2239 2106 2308; x_wconf 91' lang='lat' dir='ltr'><strong>Walerici</strong></span> <span class='ocrx_word' id='word_1_204' title='bbox 2157 2253 2347 2329; x_wconf 87' lang='lat' dir='ltr'><strong>paret</strong></span> <span class='ocrx_word' id='word_1_205' title='bbox 2396 2240 2738 2331; x_wconf 87' lang='lat' dir='ltr'><strong>Episcopo</strong></span> <span class='ocrx_word' id='word_1_206' title='bbox 2771 2246 2897 2308; x_wconf 77' lang='lat' dir='ltr'><strong>Am·</strong></span> 
     </span>
     <span class='ocr_line' id='line_1_24' title="bbox 387 2329 1438 2399; baseline -0.004 -1"><span class='ocrx_word' id='word_1_207' title='bbox 387 2329 727 2399; x_wconf 87' lang='lat' dir='ltr'><strong>bianensi.</strong></span> <span class='ocrx_word' id='word_1_208' title='bbox 1424 2365 1438 2378; x_wconf 90' lang='lat'><strong>·</strong></span> 
     </span>
    </p>

    <p class='ocr_par' dir='ltr' id='par_1_3' title="bbox 372 2415 2957 4458">
     <span class='ocr_line' id='line_1_25' title="bbox 476 2415 2895 2507; baseline -0.002 -18"><span class='ocrx_word' id='word_1_209' title='bbox 476 2422 510 2506; x_wconf 67' lang='grc' dir='ltr'>ξ</span> <span class='ocrx_word' id='word_1_210' title='bbox 578 2423 733 2491; x_wconf 67' lang='grc'><strong>34.</strong></span> <span class='ocrx_word' id='word_1_211' title='bbox 801 2416 1144 2486; x_wconf 85' lang='lat' dir='ltr'><strong>Firminus</strong></span> <span class='ocrx_word' id='word_1_212' title='bbox 1223 2430 1481 2505; x_wconf 78' lang='lat' dir='ltr'><strong>martyr</strong></span> <span class='ocrx_word' id='word_1_213' title='bbox 1548 2415 1864 2506; x_wconf 88' lang='lat' dir='ltr'><strong>insignis,</strong></span> <span class='ocrx_word' id='word_1_214' title='bbox 1931 2429 1993 2486; x_wconf 90' lang='lat' dir='ltr'><strong>et</strong></span> <span class='ocrx_word' id='word_1_215' title='bbox 2072 2417 2565 2487; x_wconf 81' lang='lat' dir='ltr'><strong>Ambianorum</strong></span> <span class='ocrx_word' id='word_1_216' title='bbox 2652 2418 2895 2507; x_wconf 83' lang='lat' dir='ltr'><strong>primus</strong></span> 
     </span>
     <span class='ocr_line' id='line_1_26' title="bbox 388 2504 2891 2593; baseline 0.001 -16"><span class='ocrx_word' id='word_1_217' title='bbox 388 2508 691 2586; x_wconf 75' lang='lat' dir='ltr'><strong>antisteS,</strong></span> <span class='ocrx_word' id='word_1_218' title='bbox 745 2518 978 2574; x_wconf 85' lang='lat' dir='ltr'><strong>exacto</strong></span> <span class='ocrx_word' id='word_1_219' title='bbox 1026 2504 1241 2574; x_wconf 85' lang='lat' dir='ltr'><strong>felicis</strong></span> <span class='ocrx_word' id='word_1_220' title='bbox 1290 2506 1531 2593; x_wconf 88' lang='lat' dir='ltr'><strong>agonis</strong></span> <span class='ocrx_word' id='word_1_221' title='bbox 1578 2527 1813 2585; x_wconf 89' lang='lat' dir='ltr'><strong>cursu,</strong></span> <span class='ocrx_word' id='word_1_222' title='bbox 1874 2506 1940 2573; x_wconf 91' lang='lat' dir='ltr'><strong>in</strong></span> <span class='ocrx_word' id='word_1_223' title='bbox 1991 2506 2225 2574; x_wconf 74' lang='lat' dir='ltr'><strong>eadem</strong></span> <span class='ocrx_word' id='word_1_224' title='bbox 2281 2508 2452 2576; x_wconf 89' lang='lat' dir='ltr'><strong>urbe</strong></span> <span class='ocrx_word' id='word_1_225' title='bbox 2490 2508 2891 2580; x_wconf 75' lang='lat' dir='ltr'><strong>tumulatas.</strong></span> 
     </span>
     <span class='ocr_line' id='line_1_27' title="bbox 386 2594 2895 2684; baseline -0.002 -19"><span class='ocrx_word' id='word_1_226' title='bbox 386 2619 457 2665; x_wconf 92' lang='lat' dir='ltr'><strong>se</strong></span> <span class='ocrx_word' id='word_1_227' title='bbox 506 2619 662 2665; x_wconf 88' lang='lat' dir='ltr'><strong>cum</strong></span> <span class='ocrx_word' id='word_1_228' title='bbox 717 2594 978 2664; x_wconf 87' lang='lat' dir='ltr'><strong>Christo</strong></span> <span class='ocrx_word' id='word_1_229' title='bbox 1030 2595 1095 2662; x_wconf 90' lang='lat' dir='ltr'><strong>in</strong></span> <span class='ocrx_word' id='word_1_230' title='bbox 1147 2594 1353 2663; x_wconf 86' lang='lat' dir='ltr'><strong>coelis</strong></span> <span class='ocrx_word' id='word_1_231' title='bbox 1396 2594 1637 2672; x_wconf 89' lang='lat' dir='ltr'><strong>vivere,</strong></span> <span class='ocrx_word' id='word_1_232' title='bbox 1679 2595 2064 2663; x_wconf 88' lang='lat' dir='ltr'><strong>innumeris</strong></span> <span class='ocrx_word' id='word_1_233' title='bbox 2103 2595 2532 2684; x_wconf 86' lang='lat' dir='ltr'><strong>praestandis</strong></span> <span class='ocrx_word' id='word_1_234' title='bbox 2568 2595 2895 2665; x_wconf 75' lang='lat' dir='ltr'><strong>beneficiis</strong></span> 
     </span>
     <span class='ocr_line' id='line_1_28' title="bbox 384 2682 2893 2774; baseline -0.002 -21"><span class='ocrx_word' id='word_1_235' title='bbox 384 2707 419 2754; x_wconf 93' lang='lat' dir='ltr'><strong>e</strong></span> <span class='ocrx_word' id='word_1_236' title='bbox 475 2685 653 2772; x_wconf 82' lang='lat' dir='ltr'><strong>regie</strong></span> <span class='ocrx_word' id='word_1_237' title='bbox 676 2682 998 2751; x_wconf 88' lang='lat' dir='ltr'><strong>declarat.</strong></span> <span class='ocrx_word' id='word_1_238' title='bbox 1018 2687 1178 2751; x_wconf 88' lang='lat' dir='ltr'><strong>Cum</strong></span> <span class='ocrx_word' id='word_1_239' title='bbox 1201 2696 1423 2752; x_wconf 89' lang='lat' dir='ltr'><strong>autem</strong></span> <span class='ocrx_word' id='word_1_240' title='bbox 1450 2683 1750 2769; x_wconf 87' lang='lat' dir='ltr'><strong>quodam</strong></span> <span class='ocrx_word' id='word_1_241' title='bbox 1770 2683 1880 2751; x_wconf 89' lang='lat' dir='ltr'><strong>die</strong></span> <span class='ocrx_word' id='word_1_242' title='bbox 1903 2682 2142 2754; x_wconf 90' lang='lat' dir='ltr'><strong>beatus</strong></span> <span class='ocrx_word' id='word_1_243' title='bbox 2161 2683 2569 2755; x_wconf 88' lang='lat' dir='ltr'><strong>Godesridus</strong></span> <span class='ocrx_word' id='word_1_244' title='bbox 2595 2709 2714 2774; x_wconf 91' lang='lat' dir='ltr'><strong>pro</strong></span> <span class='ocrx_word' id='word_1_245' title='bbox 2738 2705 2893 2752; x_wconf 83' lang='lat' dir='ltr'><strong>more</strong></span> 
     </span>
     <span class='ocr_line' id='line_1_29' title="bbox 384 2709 2892 2861; baseline -0.002 -19"><span class='ocrx_word' id='word_1_246' title='bbox 384 2709 467 2842; x_wconf 53' lang='lat' dir='ltr'><strong>ag</strong></span> <span class='ocrx_word' id='word_1_247' title='bbox 523 2772 852 2861; x_wconf 89' lang='lat' dir='ltr'><strong>populum</strong></span> <span class='ocrx_word' id='word_1_248' title='bbox 904 2772 1446 2851; x_wconf 84' lang='lat' dir='ltr'><strong>concionaretur,</strong></span> <span class='ocrx_word' id='word_1_249' title='bbox 1487 2770 1724 2841; x_wconf 88' lang='lat' dir='ltr'><strong>oculos</strong></span> <span class='ocrx_word' id='word_1_250' title='bbox 1760 2771 2031 2840; x_wconf 89' lang='lat' dir='ltr'><strong>interim</strong></span> <span class='ocrx_word' id='word_1_251' title='bbox 2066 2788 2331 2841; x_wconf 82' lang='lat' dir='ltr'><strong>vertens</strong></span> <span class='ocrx_word' id='word_1_252' title='bbox 2361 2772 2444 2841; x_wconf 89' lang='lat' dir='ltr'><strong>ad</strong></span> <span class='ocrx_word' id='word_1_253' title='bbox 2485 2775 2662 2843; x_wconf 91' lang='lat' dir='ltr'><strong>beati</strong></span> <span class='ocrx_word' id='word_1_254' title='bbox 2708 2774 2892 2861; x_wconf 74' lang='lat' dir='ltr'><strong>hujus</strong></span> 
     </span>
     <span class='ocr_line' id='line_1_30' title="bbox 388 2859 2894 2949; baseline -0.001 -20"><span class='ocrx_word' id='word_1_255' title='bbox 388 2861 706 2949; x_wconf 75' lang='lat' dir='ltr'><strong>martyris</strong></span> <span class='ocrx_word' id='word_1_256' title='bbox 769 2882 997 2930; x_wconf 89' lang='lat' dir='ltr'><strong>sacras</strong></span> <span class='ocrx_word' id='word_1_257' title='bbox 1057 2859 1379 2946; x_wconf 83' lang='lat' dir='ltr'><strong>reliquias</strong></span> <span class='ocrx_word' id='word_1_258' title='bbox 1438 2860 1827 2949; x_wconf 88' lang='lat' dir='ltr'><strong>(hactenus</strong></span> <span class='ocrx_word' id='word_1_259' title='bbox 1897 2861 2080 2930; x_wconf 89' lang='lat' dir='ltr'><strong>enim</strong></span> <span class='ocrx_word' id='word_1_260' title='bbox 2135 2860 2380 2930; x_wconf 88' lang='lat' dir='ltr'><strong>humili</strong></span> <span class='ocrx_word' id='word_1_261' title='bbox 2433 2864 2894 2932; x_wconf 85' lang='lat' dir='ltr'><strong>continebatur</strong></span> 
     </span>
     <span class='ocr_line' id='line_1_31' title="bbox 387 2948 2892 3037; baseline -0.002 -18"><span class='ocrx_word' id='word_1_262' title='bbox 387 2949 661 3037; x_wconf 87' lang='lat' dir='ltr'><strong>loculo),</strong></span> <span class='ocrx_word' id='word_1_263' title='bbox 704 2949 796 3017; x_wconf 90' lang='lat' dir='ltr'><strong>ita</strong></span> <span class='ocrx_word' id='word_1_264' title='bbox 829 2949 1264 3018; x_wconf 83' lang='lat' dir='ltr'><strong>exclamavit:</strong></span> <span class='ocrx_word' id='word_1_265' title='bbox 1307 2973 1340 3014; x_wconf 87' lang='lat'>«</span> <span class='ocrx_word' id='word_1_266' title='bbox 1377 2950 1661 3028; x_wconf 77' lang='lat' dir='ltr'><strong>Gemite,</strong></span> <span class='ocrx_word' id='word_1_267' title='bbox 1702 2948 1920 3028; x_wconf 86' lang='lat' dir='ltr'><strong>filioli,</strong></span> <span class='ocrx_word' id='word_1_268' title='bbox 1960 2962 2295 3036; x_wconf 91' lang='lat' dir='ltr'><strong>quantum</strong></span> <span class='ocrx_word' id='word_1_269' title='bbox 2347 2950 2724 3021; x_wconf 89' lang='lat' dir='ltr'><strong>debeamus</strong></span> <span class='ocrx_word' id='word_1_270' title='bbox 2755 2970 2892 3018; x_wconf 89' lang='lat' dir='ltr'><strong>san·</strong></span> 
     </span>
     <span class='ocr_line' id='line_1_32' title="bbox 382 3021 2957 3130; baseline -0.002 -24"><span class='ocrx_word' id='word_1_271' title='bbox 382 3040 511 3108; x_wconf 91' lang='lat' dir='ltr'><strong>ctis</strong></span> <span class='ocrx_word' id='word_1_272' title='bbox 554 3037 993 3126; x_wconf 72' lang='lat' dir='ltr'><strong>martyribuS‚</strong></span> <span class='ocrx_word' id='word_1_273' title='bbox 1033 3061 1329 3126; x_wconf 87' lang='lat' dir='ltr'><strong>quorum</strong></span> <span class='ocrx_word' id='word_1_274' title='bbox 1381 3060 1506 3107; x_wconf 91' lang='lat' dir='ltr'><strong>nos</strong></span> <span class='ocrx_word' id='word_1_275' title='bbox 1539 3050 1603 3106; x_wconf 91' lang='lat' dir='ltr'><strong>et</strong></span> <span class='ocrx_word' id='word_1_276' title='bbox 1645 3038 2021 3125; x_wconf 90' lang='lat' dir='ltr'><strong>patrocinio</strong></span> <span class='ocrx_word' id='word_1_277' title='bbox 2055 3061 2093 3106; x_wconf 90' lang='lat' dir='ltr'><strong>a</strong></span> <span class='ocrx_word' id='word_1_278' title='bbox 2134 3041 2304 3107; x_wconf 88' lang='lat' dir='ltr'><strong>vitae</strong></span> <span class='ocrx_word' id='word_1_279' title='bbox 2342 3039 2556 3126; x_wconf 87' lang='lat' dir='ltr'><strong>hujus</strong></span> <span class='ocrx_word' id='word_1_280' title='bbox 2592 3037 2890 3130; x_wconf 84' lang='lat' dir='ltr'><strong>periculis</strong></span> <span class='ocrx_word' id='word_1_281' title='bbox 2956 3021 2957 3068; x_wconf 57' lang='lat'>¹</span> 
     </span>
     <span class='ocr_line' id='line_1_33' title="bbox 381 3125 2889 3217; baseline -0.002 -21"><span class='ocrx_word' id='word_1_282' title='bbox 381 3128 577 3217; x_wconf 91' lang='lat' dir='ltr'><strong>eripi,</strong></span> <span class='ocrx_word' id='word_1_283' title='bbox 617 3141 680 3197; x_wconf 92' lang='lat' dir='ltr'><strong>et</strong></span> <span class='ocrx_word' id='word_1_284' title='bbox 729 3128 1076 3217; x_wconf 79' lang='lat' dir='ltr'><strong>suffragiis</strong></span> <span class='ocrx_word' id='word_1_285' title='bbox 1124 3126 1481 3197; x_wconf 89' lang='lat' dir='ltr'><strong>coelestem</strong></span> <span class='ocrx_word' id='word_1_286' title='bbox 1537 3125 2028 3195; x_wconf 87' lang='lat' dir='ltr'><strong>beatitudinem</strong></span> <span class='ocrx_word' id='word_1_287' title='bbox 2074 3129 2401 3213; x_wconf 88' lang='lat' dir='ltr'><strong>consequi</strong></span> <span class='ocrx_word' id='word_1_288' title='bbox 2456 3150 2651 3213; x_wconf 88' lang='lat' dir='ltr'><strong>posse</strong></span> <span class='ocrx_word' id='word_1_289' title='bbox 2699 3127 2889 3197; x_wconf 76' lang='lat' dir='ltr'><strong>conli-</strong></span> 
     </span>
     <span class='ocr_line' id='line_1_34' title="bbox 382 3214 2889 3304; baseline -0.002 -19"><span class='ocrx_word' id='word_1_290' title='bbox 382 3217 635 3286; x_wconf 89' lang='lat' dir='ltr'><strong>dimus.</strong></span> <span class='ocrx_word' id='word_1_291' title='bbox 677 3222 909 3303; x_wconf 89' lang='lat' dir='ltr'><strong>Itaque</strong></span> <span class='ocrx_word' id='word_1_292' title='bbox 958 3216 1122 3284; x_wconf 90' lang='lat' dir='ltr'><strong>dum</strong></span> <span class='ocrx_word' id='word_1_293' title='bbox 1179 3215 1289 3284; x_wconf 80' lang='lat' dir='ltr'><strong>hic</strong></span> <span class='ocrx_word' id='word_1_294' title='bbox 1324 3237 1591 3294; x_wconf 90' lang='lat' dir='ltr'><strong>sumus,</strong></span> <span class='ocrx_word' id='word_1_295' title='bbox 1628 3214 1867 3283; x_wconf 89' lang='lat' dir='ltr'><strong>crebro</strong></span> <span class='ocrx_word' id='word_1_296' title='bbox 1906 3237 2143 3283; x_wconf 89' lang='lat' dir='ltr'><strong>eorum</strong></span> <span class='ocrx_word' id='word_1_297' title='bbox 2183 3217 2583 3285; x_wconf 89' lang='lat' dir='ltr'><strong>memoriam</strong></span> <span class='ocrx_word' id='word_1_298' title='bbox 2627 3236 2889 3304; x_wconf 87' lang='lat' dir='ltr'><strong>usurpe-</strong></span> 
     </span>
     <span class='ocr_line' id='line_1_35' title="bbox 384 3303 2881 3392; baseline 0 -18"><span class='ocrx_word' id='word_1_299' title='bbox 384 3328 582 3385; x_wconf 90' lang='lat' dir='ltr'><strong>mus,</strong></span> <span class='ocrx_word' id='word_1_300' title='bbox 638 3318 712 3374; x_wconf 91' lang='lat' dir='ltr'><strong>ut</strong></span> <span class='ocrx_word' id='word_1_301' title='bbox 760 3318 823 3373; x_wconf 99' lang='lat' dir='ltr'><strong>et</strong></span> <span class='ocrx_word' id='word_1_302' title='bbox 871 3305 970 3373; x_wconf 93' lang='lat' dir='ltr'><strong>illi</strong></span> <span class='ocrx_word' id='word_1_303' title='bbox 1020 3303 1200 3392; x_wconf 89' lang='lat' dir='ltr'><strong>apud</strong></span> <span class='ocrx_word' id='word_1_304' title='bbox 1259 3304 1622 3373; x_wconf 90' lang='lat' dir='ltr'><strong>Dominum</strong></span> <span class='ocrx_word' id='word_1_305' title='bbox 1675 3303 1889 3372; x_wconf 89' lang='lat' dir='ltr'><strong>nostri</strong></span> <span class='ocrx_word' id='word_1_306' title='bbox 1957 3325 2291 3373; x_wconf 87' lang='lat' dir='ltr'><strong>memores</strong></span> <span class='ocrx_word' id='word_1_307' title='bbox 2348 3305 2506 3373; x_wconf 91' lang='lat' dir='ltr'><strong>sint.</strong></span> <span class='ocrx_word' id='word_1_308' title='bbox 2565 3306 2726 3373; x_wconf 87' lang='lat' dir='ltr'><strong>Inde</strong></span> <span class='ocrx_word' id='word_1_309' title='bbox 2778 3315 2881 3374; x_wconf 81' lang='lat' dir='ltr'><strong>est.</strong></span> 
     </span>
     <span class='ocr_line' id='line_1_36' title="bbox 380 3391 2880 3483; baseline -0.001 -20"><span class='ocrx_word' id='word_1_310' title='bbox 380 3394 556 3480; x_wconf 91' lang='lat' dir='ltr'><strong>quod</strong></span> <span class='ocrx_word' id='word_1_311' title='bbox 607 3395 894 3483; x_wconf 83' lang='lat' dir='ltr'><strong>majores</strong></span> <span class='ocrx_word' id='word_1_312' title='bbox 945 3392 1157 3462; x_wconf 91' lang='lat' dir='ltr'><strong>nostri</strong></span> <span class='ocrx_word' id='word_1_313' title='bbox 1207 3392 1274 3460; x_wconf 90' lang='lat' dir='ltr'><strong>in</strong></span> <span class='ocrx_word' id='word_1_314' title='bbox 1330 3391 1604 3463; x_wconf 90' lang='lat' dir='ltr'><strong>illorum</strong></span> <span class='ocrx_word' id='word_1_315' title='bbox 1657 3392 1984 3460; x_wconf 88' lang='lat' dir='ltr'><strong>honorem</strong></span> <span class='ocrx_word' id='word_1_316' title='bbox 2056 3391 2377 3462; x_wconf 90' lang='lat' dir='ltr'><strong>basilicas</strong></span> <span class='ocrx_word' id='word_1_317' title='bbox 2424 3395 2880 3462; x_wconf 87' lang='lat' dir='ltr'><strong>condiderunt.</strong></span> 
     </span>
     <span class='ocr_line' id='line_1_37' title="bbox 381 3477 2882 3570; baseline -0.003 -19"><span class='ocrx_word' id='word_1_318' title='bbox 381 3497 820 3552; x_wconf 88' lang='lat' dir='ltr'><strong>monumenta</strong></span> <span class='ocrx_word' id='word_1_319' title='bbox 874 3503 1136 3560; x_wconf 89' lang='lat' dir='ltr'><strong>eorum,</strong></span> <span class='ocrx_word' id='word_1_320' title='bbox 1169 3503 1359 3560; x_wconf 89' lang='lat' dir='ltr'><strong>auro,</strong></span> <span class='ocrx_word' id='word_1_321' title='bbox 1400 3493 1682 3568; x_wconf 89' lang='lat' dir='ltr'><strong>argento</strong></span> <span class='ocrx_word' id='word_1_322' title='bbox 1716 3493 1779 3549; x_wconf 91' lang='lat' dir='ltr'><strong>et</strong></span> <span class='ocrx_word' id='word_1_323' title='bbox 1828 3482 2125 3570; x_wconf 88' lang='lat' dir='ltr'><strong>gemmis</strong></span> <span class='ocrx_word' id='word_1_324' title='bbox 2156 3495 2515 3563; x_wconf 91' lang='lat' dir='ltr'><strong>ornarunt,</strong></span> <span class='ocrx_word' id='word_1_325' title='bbox 2558 3505 2687 3552; x_wconf 91' lang='lat' dir='ltr'><strong>non</strong></span> <span class='ocrx_word' id='word_1_326' title='bbox 2723 3477 2882 3568; x_wconf 87' lang='lat' dir='ltr'><strong>quod</strong></span> 
     </span>
     <span class='ocr_line' id='line_1_38' title="bbox 380 3568 2874 3660; baseline -0.002 -21"><span class='ocrx_word' id='word_1_327' title='bbox 380 3572 463 3640; x_wconf 90' lang='lat' dir='ltr'><strong>iis</strong></span> <span class='ocrx_word' id='word_1_328' title='bbox 513 3572 613 3641; x_wconf 89' lang='lat' dir='ltr'><strong>illi</strong></span> <span class='ocrx_word' id='word_1_329' title='bbox 665 3571 1040 3660; x_wconf 84' lang='lat' dir='ltr'><strong>indigeant,</strong></span> <span class='ocrx_word' id='word_1_330' title='bbox 1096 3583 1214 3639; x_wconf 91' lang='lat' dir='ltr'><strong>aut</strong></span> <span class='ocrx_word' id='word_1_331' title='bbox 1260 3569 1439 3655; x_wconf 88' lang='lat' dir='ltr'><strong>quod</strong></span> <span class='ocrx_word' id='word_1_332' title='bbox 1495 3569 1656 3637; x_wconf 84' lang='lat' dir='ltr'><strong>hinc</strong></span> <span class='ocrx_word' id='word_1_333' title='bbox 1704 3569 2031 3640; x_wconf 89' lang='lat' dir='ltr'><strong>clariores</strong></span> <span class='ocrx_word' id='word_1_334' title='bbox 2081 3569 2247 3639; x_wconf 84' lang='lat' dir='ltr'><strong>fiant</strong></span> <span class='ocrx_word' id='word_1_335' title='bbox 2292 3572 2493 3660; x_wconf 81' lang='lat' dir='ltr'><strong>(hacc</strong></span> <span class='ocrx_word' id='word_1_336' title='bbox 2541 3572 2717 3641; x_wconf 89' lang='lat' dir='ltr'><strong>enim</strong></span> <span class='ocrx_word' id='word_1_337' title='bbox 2768 3568 2874 3645; x_wconf 90' lang='lat' dir='ltr'><strong>illi,</strong></span> 
     </span>
     <span class='ocr_line' id='line_1_39' title="bbox 377 3659 2880 3749; baseline -0.002 -21"><span class='ocrx_word' id='word_1_338' title='bbox 377 3672 451 3730; x_wconf 91' lang='lat' dir='ltr'><strong>ut</strong></span> <span class='ocrx_word' id='word_1_339' title='bbox 484 3660 825 3730; x_wconf 86' lang='lat' dir='ltr'><strong>Christum</strong></span> <span class='ocrx_word' id='word_1_340' title='bbox 862 3680 1227 3749; x_wconf 90' lang='lat' dir='ltr'><strong>pauperem</strong></span> <span class='ocrx_word' id='word_1_341' title='bbox 1268 3659 1724 3737; x_wconf 88' lang='lat' dir='ltr'><strong>imitarentur,</strong></span> <span class='ocrx_word' id='word_1_342' title='bbox 1764 3671 1828 3727; x_wconf 91' lang='lat' dir='ltr'><strong>et</strong></span> <span class='ocrx_word' id='word_1_343' title='bbox 1874 3659 2026 3747; x_wconf 86' lang='lat' dir='ltr'><strong>ejus</strong></span> <span class='ocrx_word' id='word_1_344' title='bbox 2066 3659 2301 3749; x_wconf 87' lang='lat' dir='ltr'><strong>inopia</strong></span> <span class='ocrx_word' id='word_1_345' title='bbox 2334 3659 2537 3728; x_wconf 88' lang='lat' dir='ltr'><strong>ditari</strong></span> <span class='ocrx_word' id='word_1_346' title='bbox 2576 3679 2880 3729; x_wconf 87' lang='lat' dir='ltr'><strong>mereren-</strong></span> 
     </span>
     <span class='ocr_line' id='line_1_40' title="bbox 377 3746 2871 3837; baseline -0.002 -19"><span class='ocrx_word' id='word_1_347' title='bbox 377 3760 509 3828; x_wconf 91' lang='lat' dir='ltr'><strong>tur,</strong></span> <span class='ocrx_word' id='word_1_348' title='bbox 565 3771 689 3818; x_wconf 89' lang='lat' dir='ltr'><strong>ceu</strong></span> <span class='ocrx_word' id='word_1_349' title='bbox 740 3749 962 3818; x_wconf 74' lang='lat' dir='ltr'><strong>Futum</strong></span> <span class='ocrx_word' id='word_1_350' title='bbox 1006 3746 1526 3836; x_wconf 87' lang='lat' dir='ltr'><strong>contempsere),</strong></span> <span class='ocrx_word' id='word_1_351' title='bbox 1564 3747 1679 3817; x_wconf 88' lang='lat' dir='ltr'><strong>sed</strong></span> <span class='ocrx_word' id='word_1_352' title='bbox 1732 3747 1946 3816; x_wconf 87' lang='lat' dir='ltr'><strong>uthis</strong></span> <span class='ocrx_word' id='word_1_353' title='bbox 1995 3769 2196 3817; x_wconf 90' lang='lat' dir='ltr'><strong>suum</strong></span> <span class='ocrx_word' id='word_1_354' title='bbox 2234 3770 2395 3837; x_wconf 86' lang='lat' dir='ltr'><strong>erga</strong></span> <span class='ocrx_word' id='word_1_355' title='bbox 2430 3770 2546 3817; x_wconf 91' lang='lat' dir='ltr'><strong>eos</strong></span> <span class='ocrx_word' id='word_1_356' title='bbox 2579 3768 2871 3817; x_wconf 85' lang='lat' dir='ltr'><strong>amorem.</strong></span> 
     </span>
     <span class='ocr_line' id='line_1_41' title="bbox 375 3833 2955 3930; baseline -0.002 -24"><span class='ocrx_word' id='word_1_357' title='bbox 375 3837 681 3907; x_wconf 88' lang='lat' dir='ltr'><strong>studium</strong></span> <span class='ocrx_word' id='word_1_358' title='bbox 735 3852 798 3906; x_wconf 88' lang='lat' dir='ltr'><strong>et</strong></span> <span class='ocrx_word' id='word_1_359' title='bbox 847 3837 1269 3906; x_wconf 88' lang='lat' dir='ltr'><strong>devotionem</strong></span> <span class='ocrx_word' id='word_1_360' title='bbox 1331 3835 1779 3904; x_wconf 89' lang='lat' dir='ltr'><strong>declararent.</strong></span> <span class='ocrx_word' id='word_1_361' title='bbox 1826 3840 1903 3905; x_wconf 91' lang='lat' dir='ltr'><strong>Et</strong></span> <span class='ocrx_word' id='word_1_362' title='bbox 1951 3858 2066 3905; x_wconf 90' lang='lat' dir='ltr'><strong>vos</strong></span> <span class='ocrx_word' id='word_1_363' title='bbox 2118 3835 2328 3924; x_wconf 90' lang='lat' dir='ltr'><strong>igitur</strong></span> <span class='ocrx_word' id='word_1_364' title='bbox 2374 3838 2753 3927; x_wconf 85' lang='lat' dir='ltr'><strong>angustiam</strong></span> <span class='ocrx_word' id='word_1_365' title='bbox 2799 3833 2874 3929; x_wconf 71' lang='lat'><strong>¹⁰3</strong></span> <span class='ocrx_word' id='word_1_366' title='bbox 2954 3925 2955 3930; x_wconf 6' lang='grc' dir='ltr'><strong>Ἰ</strong></span> 
     </span>
     <span class='ocr_line' id='line_1_42' title="bbox 373 3923 2955 4016; baseline -0.003 -21"><span class='ocrx_word' id='word_1_367' title='bbox 373 3927 536 4008; x_wconf 91' lang='lat' dir='ltr'><strong>culi,</strong></span> <span class='ocrx_word' id='word_1_368' title='bbox 583 3927 702 4013; x_wconf 90' lang='lat' dir='ltr'><strong>qui</strong></span> <span class='ocrx_word' id='word_1_369' title='bbox 752 3932 823 3994; x_wconf 93' lang='lat' dir='ltr'><strong>B.</strong></span> <span class='ocrx_word' id='word_1_370' title='bbox 864 3925 1149 3995; x_wconf 85' lang='lat' dir='ltr'><strong>Firmini</strong></span> <span class='ocrx_word' id='word_1_371' title='bbox 1199 3923 1517 4015; x_wconf 86' lang='lat' dir='ltr'><strong>Episcopi</strong></span> <span class='ocrx_word' id='word_1_372' title='bbox 1587 3937 1651 3994; x_wconf 92' lang='lat' dir='ltr'><strong>et</strong></span> <span class='ocrx_word' id='word_1_373' title='bbox 1713 3925 2034 4013; x_wconf 83' lang='lat' dir='ltr'><strong>martyris</strong></span> <span class='ocrx_word' id='word_1_374' title='bbox 2100 3937 2303 4011; x_wconf 90' lang='lat' dir='ltr'><strong>atque</strong></span> <span class='ocrx_word' id='word_1_375' title='bbox 2375 3926 2639 4015; x_wconf 86' lang='lat' dir='ltr'><strong>patroni</strong></span> <span class='ocrx_word' id='word_1_376' title='bbox 2690 3935 2871 4016; x_wconf 66' lang='lat' dir='ltr'><strong>nostri</strong></span> <span class='ocrx_word' id='word_1_377' title='bbox 2954 3947 2955 4012; x_wconf 45' lang='lat' dir='ltr'><strong>i</strong></span> 
     </span>
     <span class='ocr_line' id='line_1_43' title="bbox 372 4013 2955 4108; baseline -0.003 -25"><span class='ocrx_word' id='word_1_378' title='bbox 372 4037 527 4084; x_wconf 86' lang='lat' dir='ltr'><strong>ossa</strong></span> <span class='ocrx_word' id='word_1_379' title='bbox 579 4015 861 4096; x_wconf 88' lang='lat' dir='ltr'><strong>retinet,</strong></span> <span class='ocrx_word' id='word_1_380' title='bbox 915 4013 1481 4104; x_wconf 78' lang='lat' dir='ltr'><strong>contemplanteS,</strong></span> <span class='ocrx_word' id='word_1_381' title='bbox 1552 4024 1627 4083; x_wconf 93' lang='lat' dir='ltr'><strong>ut</strong></span> <span class='ocrx_word' id='word_1_382' title='bbox 1695 4013 1909 4102; x_wconf 87' lang='lat' dir='ltr'><strong>possit</strong></span> <span class='ocrx_word' id='word_1_383' title='bbox 1963 4035 2348 4103; x_wconf 88' lang='lat' dir='ltr'><strong>congruum</strong></span> <span class='ocrx_word' id='word_1_384' title='bbox 2398 4016 2461 4083; x_wconf 93' lang='lat' dir='ltr'><strong>ei</strong></span> <span class='ocrx_word' id='word_1_385' title='bbox 2515 4028 2867 4108; x_wconf 68' lang='lat' dir='ltr'><strong>praeparari</strong></span> <span class='ocrx_word' id='word_1_386' title='bbox 2954 4013 2955 4066; x_wconf 68' lang='lat' dir='ltr'><strong>l</strong></span> 
     </span>
     <span class='ocr_line' id='line_1_44' title="bbox 373 4101 2863 4193; baseline -0.004 -22"><span class='ocrx_word' id='word_1_387' title='bbox 373 4105 907 4193; x_wconf 87' lang='lat' dir='ltr'><strong>receptaculum,</strong></span> <span class='ocrx_word' id='word_1_388' title='bbox 947 4126 1194 4173; x_wconf 89' lang='lat' dir='ltr'><strong>aurum</strong></span> <span class='ocrx_word' id='word_1_389' title='bbox 1251 4102 1585 4191; x_wconf 88' lang='lat' dir='ltr'><strong>promptis</strong></span> <span class='ocrx_word' id='word_1_390' title='bbox 1627 4103 1880 4171; x_wconf 89' lang='lat' dir='ltr'><strong>animis</strong></span> <span class='ocrx_word' id='word_1_391' title='bbox 1933 4101 2252 4172; x_wconf 86' lang='lat' dir='ltr'><strong>conserte.</strong></span> <span class='ocrx_word' id='word_1_392' title='bbox 2304 4126 2339 4168; x_wconf 90' lang='lat'>»</span> <span class='ocrx_word' id='word_1_393' title='bbox 2394 4105 2515 4172; x_wconf 87' lang='lat' dir='ltr'><strong>His</strong></span> <span class='ocrx_word' id='word_1_394' title='bbox 2561 4102 2723 4171; x_wconf 87' lang='lat' dir='ltr'><strong>beati</strong></span> <span class='ocrx_word' id='word_1_395' title='bbox 2763 4117 2863 4164; x_wconf 76' lang='lat' dir='ltr'><strong>viri</strong></span> 
     </span>
     <span class='ocr_line' id='line_1_45' title="bbox 374 4187 2852 4281; baseline -0.002 -21"><span class='ocrx_word' id='word_1_396' title='bbox 374 4193 808 4261; x_wconf 89' lang='lat' dir='ltr'><strong>sermonibus</strong></span> <span class='ocrx_word' id='word_1_397' title='bbox 857 4214 1095 4262; x_wconf 90' lang='lat' dir='ltr'><strong>omnes</strong></span> <span class='ocrx_word' id='word_1_398' title='bbox 1133 4193 1403 4281; x_wconf 84' lang='lat' dir='ltr'><strong>egregie</strong></span> <span class='ocrx_word' id='word_1_399' title='bbox 1462 4192 1747 4275; x_wconf 87' lang='lat' dir='ltr'><strong>incensi,</strong></span> <span class='ocrx_word' id='word_1_400' title='bbox 1803 4214 2077 4272; x_wconf 90' lang='lat' dir='ltr'><strong>aurum,</strong></span> <span class='ocrx_word' id='word_1_401' title='bbox 2122 4204 2514 4280; x_wconf 88' lang='lat' dir='ltr'><strong>argentum,</strong></span> <span class='ocrx_word' id='word_1_402' title='bbox 2565 4187 2852 4260; x_wconf 74' lang='lat' dir='ltr'><strong>armillas,</strong></span> 
     </span>
     <span class='ocr_line' id='line_1_46' title="bbox 372 4277 2856 4370; baseline -0.001 -26"><span class='ocrx_word' id='word_1_403' title='bbox 372 4277 668 4347; x_wconf 90' lang='lat' dir='ltr'><strong>annulos</strong></span> <span class='ocrx_word' id='word_1_404' title='bbox 715 4281 1030 4361; x_wconf 77' lang='lat' dir='ltr'><strong>afferunt,</strong></span> <span class='ocrx_word' id='word_1_405' title='bbox 1079 4280 1387 4370; x_wconf 89' lang='lat' dir='ltr'><strong>plerique</strong></span> <span class='ocrx_word' id='word_1_406' title='bbox 1435 4293 1623 4349; x_wconf 88' lang='lat' dir='ltr'><strong>vasta</strong></span> <span class='ocrx_word' id='word_1_407' title='bbox 1658 4293 1994 4350; x_wconf 88' lang='lat' dir='ltr'><strong>terrarum</strong></span> <span class='ocrx_word' id='word_1_408' title='bbox 2037 4292 2101 4349; x_wconf 89' lang='lat' dir='ltr'><strong>et</strong></span> <span class='ocrx_word' id='word_1_409' title='bbox 2136 4280 2432 4350; x_wconf 89' lang='lat' dir='ltr'><strong>marium</strong></span> <span class='ocrx_word' id='word_1_410' title='bbox 2471 4280 2678 4370; x_wconf 87' lang='lat' dir='ltr'><strong>spatia</strong></span> <span class='ocrx_word' id='word_1_411' title='bbox 2710 4293 2856 4344; x_wconf 87' lang='lat' dir='ltr'><strong>eme-</strong></span> 
     </span>
     <span class='ocr_line' id='line_1_47' title="bbox 374 4367 2846 4458; baseline -0.001 -23"><span class='ocrx_word' id='word_1_412' title='bbox 374 4367 663 4444; x_wconf 68' lang='lat' dir='ltr'><strong>fiuntur,</strong></span> <span class='ocrx_word' id='word_1_413' title='bbox 715 4380 790 4436; x_wconf 91' lang='lat' dir='ltr'><strong>ut</strong></span> <span class='ocrx_word' id='word_1_414' title='bbox 837 4390 1011 4454; x_wconf 85' lang='lat' dir='ltr'><strong>quac</strong></span> <span class='ocrx_word' id='word_1_415' title='bbox 1059 4391 1302 4438; x_wconf 90' lang='lat' dir='ltr'><strong>ornare</strong></span> <span class='ocrx_word' id='word_1_416' title='bbox 1349 4371 1672 4458; x_wconf 71' lang='lat' dir='ltr'><strong>martyris</strong></span> <span class='ocrx_word' id='word_1_417' title='bbox 1724 4368 2078 4439; x_wconf 88' lang='lat' dir='ltr'><strong>basilicam</strong></span> <span class='ocrx_word' id='word_1_418' title='bbox 2133 4369 2421 4458; x_wconf 90' lang='lat' dir='ltr'><strong>possint,</strong></span> <span class='ocrx_word' id='word_1_419' title='bbox 2479 4372 2846 4458; x_wconf 77' lang='lat' dir='ltr'><strong>comparent·</strong></span> 
     </span>
    </p>
   </div>
   <div class='ocr_carea' id='block_1_3' title="bbox 2954 1880 2965 2818">
    <p class='ocr_par' dir='ltr' id='par_1_4' title="bbox 2954 1880 2965 2818">
     <span class='ocr_line' id='line_1_48' title="bbox 2954 1880 2965 2818; baseline 0 0"><span class='ocrx_word' id='word_1_420' title='bbox 2954 1880 2965 2818; x_wconf 95' lang='lat' dir='ltr'><strong> </strong></span> 
     </span>
    </p>
   </div>
  </div>
 </body>
</html>
