2993 4837
525 303 650 368 204
1285 320 1363 365 ne
1413 320 1468 366 s.
1523 317 1762 365 canoto
1811 316 2143 364 noaaousso
2695 298 2843 365 NOV.
2885 303 2911 366 l

436 404 551 475 sed
584 415 660 472 ut
690 404 928 473 eodem
957 404 1160 472 etiam
1192 415 1493 493 tempore
1528 402 1854 473 ecclesiae
1893 425 2081 483 suae,
2122 416 2326 490 atque
2365 403 2530 472 adeo
2579 402 2701 492 ipsi
2730 400 2916 471 Italiae

436 506 750 572 caveret,
802 493 916 562 cui
951 513 1283 582 magnum
1333 492 1420 561 ab
1468 514 1548 560 ea
1584 504 1772 581 parte
1808 491 2220 580 periculum,
2257 490 2526 562 videbat
2574 492 2916 572 immittam

439 582 596 651 licet
640 583 825 650 enim
860 580 1067 649 variis
1114 580 1404 650 decretis
1443 579 1910 671 providisset,
1965 601 2072 660 ne,
2117 581 2299 667 quod
2344 593 2612 670 propter
2643 579 2808 648 varia
2833 601 2922 649 ne-

436 670 622 761 gotia
668 670 973 757 quotidie
1020 668 1294 750 accidit,
1350 668 1451 738 vel
1500 669 1708 738 exteri
1752 669 2097 737 venientes
2145 672 2212 738 in
2263 670 2678 758 provinciam
2725 690 2920 749 suam,

438 759 819 847 quidquam
857 773 1131 830 sanctae
1163 756 1347 838 fidei,
1383 757 1930 848 disciplinaeque
1959 758 2350 828 detrimenti
2389 770 2660 847 possent
2693 757 2921 835 afferre.

441 847 542 918 vel
592 849 703 917 sui
759 847 842 917 ad
910 846 1056 917 loca
1112 848 1478 937 depravata
1526 860 1765 916 euntes
1796 901 1811 926 ‚
1864 848 2544 927 contaminarentur,
2598 860 2660 915 et
2703 847 2756 913 si
2797 843 2923 932 quid

440 937 576 1037 ipsi
612 937 788 1006 labis
834 937 1354 1015 contraxissent,
1408 957 1568 1005 cum
1615 936 1833 1026 patria
1881 937 2516 1005 communicarent:
2573 933 2773 1004 multo
2801 956 2925 1002 cau·

443 1040 578 1094 tius
630 1038 852 1094 tamen
881 1079 901 1104 ,
968 1026 1319 1112 tutiusque
1364 1023 1507 1094 fore
1554 1023 2160 1104 animadvertebat,
2219 1025 2514 1094 vicinam
2571 1037 2849 1113 partem,
2889 1022 2926 1089 si

440 1114 591 1184 fieri
640 1126 866 1204 posset
905 1135 1148 1183 sanare
1174 1167 1194 1194 ,
1301 1134 1456 1181 uam
1510 1134 1594 1182 ne
1623 1112 1789 1200 quid
1836 1112 2140 1201 proxime
2169 1125 2741 1202 corrumperetur,
2782 1111 2926 1179 eniti,

442 1204 747 1271 Vicinam
805 1217 1060 1291 partem
1120 1200 1282 1271 intel
1320 1202 1426 1291 igo
1482 1223 1620 1270 non
1679 1201 2015 1271 Helvetios
2065 1201 2289 1270 solum
2324 1256 2339 1283 ,
2392 1215 2459 1271 et
2502 1203 2624 1288 qui
2689 1200 2930 1290 primam

444 1293 797 1362 Rhaetiam
835 1290 1129 1361 incolere
1164 1303 1517 1380 putantur,
1559 1289 1879 1360 Grisones
1906 1289 2285 1390 appellatos
2317 1315 2331 1358 :
2372 1291 2490 1359 sed
2529 1290 2737 1359 multo
2763 1286 2932 1378 magis

441 1381 648 1450 Italos
686 1380 1000 1469 populos,
1056 1401 1276 1467 neque
1321 1380 1628 1467 exiguos,
1680 1400 1899 1465 neque
1949 1378 2309 1479 ignobiles,
2365 1379 2484 1466 qui
2537 1381 2706 1448 citra
2752 1379 2930 1466 ipsum

438 1470 637 1557 quasi
672 1469 907 1538 Italiae
957 1468 1237 1548 vallum,
1290 1467 1489 1558 Alpes
1537 1466 1715 1547 dico,
1761 1467 2045 1536 ditionis
2096 1467 2627 1537 Mediolanensis
2668 1467 2825 1537 fines
2863 1477 2930 1534 at·

442 1559 763 1648 tingunt:
815 1573 879 1626 et
925 1558 1058 1627 sub
1116 1578 1353 1627 earum
1414 1557 1724 1646 gentium
1780 1556 2149 1646 imperium
2190 1610 2204 1637 ‚
2258 1556 2681 1626 ceciderunt.
2751 1553 2934 1623 Helve-

441 1648 689 1716 tiorum
725 1647 1004 1733 quidem
1041 1660 1260 1714 certos
1296 1667 1507 1735 pagos
1541 1646 1802 1715 scimus
1854 1657 2103 1714 rectam
2157 1645 2340 1736 apud
2401 1666 2473 1714 se
2522 1646 2754 1723 fidem,
2799 1657 2852 1712 et
2885 1641 2932 1710 in

441 1737 586 1805 suis
633 1736 806 1804 citra
844 1734 1040 1822 Alpes
1088 1733 1315 1804 adhuc
1363 1755 1814 1813 conservare;
1868 1734 1983 1803 secl
2021 1756 2101 1802 ea
2139 1747 2361 1803 tamen
2415 1736 2482 1802 in
2538 1736 2744 1804 rebus
2772 1731 2934 1801 eccle·

440 1825 733 1895 siasticis
773 1821 1143 1913 disciplina
1184 1834 1473 1892 utuntur
1503 1877 1518 1902 ‚
1573 1836 1649 1891 ut
1700 1823 1955 1911 majora
2008 1823 2146 1891 sint
2196 1822 2279 1891 iis
2331 1823 2639 1911 pericula
2678 1821 2932 1912 pertime-

441 1912 740 1992 scenda;
815 1934 971 1980 nam
1036 1912 1335 1992 caeteri,
1412 1923 1562 2000 post
1609 1912 1935 1982 amissam
2003 1910 2413 2000 disciplinae
2482 1910 2928 2002 integritatem.

439 2002 644 2071 etiam
699 2000 972 2069 divinae
1034 2000 1331 2069 veritatis
1382 1998 1605 2069 lucem
1663 2000 2153 2089 perdiderunt,
2213 1999 2621 2087 miserisque
2678 2012 2827 2070 sunt
2862 2016 2934 2064 er·

447 2112 679 2160 rorum
732 2089 1030 2161 tenebris
1077 2088 1527 2159 circumfusi:
1583 2100 1727 2158 tum
1781 2112 1903 2159 sua
1957 2088 2023 2156 in
2077 2110 2237 2169 eoS,
2290 2089 2548 2175 quibus
2599 2090 2930 2179 imperant,

442 2179 625 2249 mala
679 2178 1122 2258 derivarunt;
1176 2190 1243 2247 at
1290 2176 1630 2264 ejusmodi
1685 2177 1989 2266 pericula
2037 2178 2193 2247 item
2225 2232 2239 2256 ‚
2295 2178 2595 2265 vitiaque
2655 2188 2889 2265 quantu

442 2281 692 2358 posset,
728 2268 963 2338 tollere
1012 2265 1293 2336 Carolus
1331 2266 1399 2334 in
1450 2266 1685 2334 animo
1722 2266 2037 2335 habebat.
2076 2267 2316 2335 Rhaeti
2368 2289 2521 2336 vero
2558 2266 2744 2335 illata
2777 2284 2889 2334 sem

439 2381 474 2427 a
526 2356 837 2447 Zuinglio
888 2355 1194 2437 haeresi,
1247 2366 1404 2426 ante
1451 2376 1673 2424 annos
1718 2355 1989 2424 circiter
2036 2355 2390 2446 sexaginta
2420 2410 2435 2437 ,
2494 2358 2853 2446 Episcopor

440 2446 870 2516 curiensium
929 2445 1151 2533 primo
1187 2445 1644 2533 negligentia,
1698 2444 1946 2513 deinde
1978 2444 2397 2525 infirmitate,
2440 2443 2878 2535 negligentiaq

439 2534 645 2604 simul
686 2535 801 2624 (ad
837 2555 987 2602 eam
1023 2533 1205 2602 enirn
1248 2533 1607 2602 ecclesiam
1649 2533 2040 2622 pertinent),
2080 2534 2148 2601 in
2200 2555 2356 2602 eum
2393 2533 2697 2620 denique
2745 2545 2934 2602 statum

444 2626 710 2703 venere,
751 2636 826 2691 ut
856 2645 933 2690 ex
976 2622 1196 2691 tribus
1235 2622 1450 2711 pagis,
1486 2643 1660 2707 quas
1689 2624 1889 2711 Lepas
1915 2621 2289 2710 appellant,
2320 2623 2574 2708 quibus
2616 2637 2748 2693 tota
2781 2621 2938 2691 Rhae-

449 2726 670 2782 torum
723 2711 962 2780 civitas
1010 2710 1443 2790 continetur,
1503 2710 1681 2779 duae
1733 2732 1982 2801 magna
2032 2732 2108 2778 ex
2164 2724 2350 2799 parte
2411 2712 2753 2781 haeretica
2807 2719 2938 2799 peste

439 2814 801 2888 corruptae
841 2800 1011 2880 sint;
1066 2800 1263 2869 tertia
1308 2821 1487 2885 quae
1535 2800 1718 2889 genti
1773 2820 2017 2867 nomen
2071 2799 2280 2880 dedit,
2335 2822 2493 2869 cum
2531 2801 2754 2869 Grisia
2803 2813 2938 2892 vocej

440 2903 573 2966 tur,
605 2901 668 2957 et
705 2888 984 2978 maj0ris
1015 2887 1283 2957 videtur
1320 2888 1767 2968 auctoritatiS,
1821 2887 2109 2956 dimidia
2162 2902 2423 2957 tantum
2461 2911 2539 2957 ex
2576 2904 2768 2979 parte
2798 2901 2936 2969 sequt

438 2976 752 3046 videatur
798 2976 1204 3046 catholicam
1266 2977 1501 3046 fidem.
1570 2982 1734 3046 Cum
1789 2998 1944 3045 vero
2011 2999 2146 3046 non
2210 2978 2491 3067 exiguas
2556 2978 2763 3047 etiam
2816 2975 2934 3044 citra

438 3065 638 3155 Alpes
675 3067 985 3156 regiones
1017 3079 1393 3155 occupent,
1447 3085 1626 3154 quae
1679 3069 1921 3134 natura
1968 3078 2032 3133 et
2080 3066 2320 3154 lingua
2361 3065 2640 3136 Italicae
2676 3080 2862 3140 sunt,
2899 3069 2938 3158 φὶ

439 3156 829 3245 provinciae
862 3153 1388 3224 Mediolanensis
1435 3167 1636 3223 antea
1692 3154 1991 3234 fuerunt,
2045 3154 2355 3224 eamdem
2394 3153 2475 3222 ad
2519 3153 2677 3224 illas
2714 3153 2938 3224 calami-

444 3257 645 3315 tatem
702 3243 1241 3313 transfuderunt.
1298 3243 1647 3333 EJusmodi
1699 3243 1896 3312 vallis
1943 3256 2067 3322 est,
2106 3265 2283 3328 quae
2315 3243 2707 3312 Mesaucina
2741 3241 2938 3312 dicitur

441 3357 479 3403 a
524 3333 856 3403 Mesaucis
909 3331 1205 3422 populis,
1260 3332 1327 3399 in
1379 3354 1515 3418 qua
1565 3331 1920 3400 castellum
1976 3330 2178 3400 hodie
2224 3354 2543 3418 quoque,
2594 3333 2797 3422 paulo
2838 3345 2938 3396 cor·

438 3438 640 3512 rupto
694 3422 969 3490 nomine
1005 3475 1019 3501 ,
1076 3425 1415 3490 Mesocum
1471 3420 1881 3510 appellatur.
1937 3420 2291 3505 Ejusmodi
2345 3420 2764 3491 Pesclavium
2823 3433 2936 3486 cum

436 3533 601 3600 agro
649 3523 712 3580 et
755 3509 928 3578 valle
974 3532 1151 3598 quae
1188 3509 1269 3578 ad
1313 3509 1481 3578 illud
1541 3510 1872 3598 pertinet,
1924 3509 2043 3595 qui
2094 3508 2372 3595 quidem
2435 3511 2714 3665 populi,
2777 3507 2940 3577 Rhae-

439 3600 550 3669 tici
606 3599 960 3689 popularis
1007 3598 1402 3668 dominatus
1450 3612 1613 3666 sunt
1664 3598 2051 3687 participes.
2092 3598 2214 3667 Sed
2254 3612 2354 3668 est
2391 3621 2426 3666 a
2464 3599 2525 3666 ia
2560 3599 2760 3667 vallis
2789 3597 2938 3681 longe

438 3689 782 3767 maxima,
840 3701 905 3756 et
957 3686 1327 3756 multarum
1384 3708 1611 3756 rerum
1663 3687 1876 3772 copiis
1926 3686 2336 3766 abundem,
2389 3709 2565 3773 quae
2627 3687 2936 3778 hominurn

436 3778 518 3846 ad
572 3791 849 3847 centum
907 3775 1120 3845 millia
1159 3831 1173 3854 ‚
1226 3799 1383 3844 cum
1439 3774 1789 3846 nobilibus
1838 3775 2120 3845 familiis
2156 3831 2170 3858 ,
2227 3776 2432 3844 variis
2497 3775 2826 3853 castellis,
2872 3790 2939 3833 vt·

433 3866 670 3953 cisque
734 3866 990 3934 dicitur
1048 3865 1419 3934 continere.
1490 3863 1722 3933 Telina
1787 3863 1902 3932 illa
1951 3877 2093 3944 est;
2148 3865 2297 3953 ejus
2354 3865 2782 3954 longitudine
2825 3879 2940 3949 pas-

437 3977 640 4024 suum
695 3956 968 4023 circiter
1016 3954 1365 4044 sexaginta
1420 3952 1743 4032 millium‚
1798 3952 2031 4021 Abdua
2083 3954 2329 4032 ssuenS,
2379 3954 2658 4022 demum
2711 3951 2934 4021 Larium

436 4043 657 4111 lacum
716 4043 1140 4133 ingreditur,
1188 4041 1284 4110 vel
1335 4042 1561 4130 potius
1594 4041 1790 4112 illum
1826 4042 2078 4121 efficit;
2131 4056 2233 4111 est
2280 4056 2344 4111 et
2392 4042 2524 4110 alia
2579 4043 2812 4116 minor,
2853 4040 2937 4103 La·

439 4132 643 4210 rium,
702 4132 924 4202 medio
973 4131 1274 4218 quodam
1308 4130 1443 4199 alio
1475 4131 1632 4199 lacu
1684 4131 1937 4221 pariter
1970 4132 2338 4221 attingenS,
2378 4153 2556 4217 quae
2588 4132 2673 4201 ab
2710 4121 2936 4223 castello

439 4220 777 4290 Clavenna
826 4223 1271 4297 nominatur;
1324 4220 1433 4288 cui
1488 4219 1688 4289 vallis
1735 4219 1866 4288 alia
1919 4221 2137 4288 sancti
2192 4221 2428 4289 Jacobi
2483 4221 2758 4290 nomine
2797 4215 2935 4308 dicta

435 4310 687 4396 conjun
748 4311 902 4379 itur.
960 4315 1217 4378 Harum
1273 4308 1553 4377 vallium
1610 4308 1869 4399 populi,
1925 4309 2326 4380 dominatus
2376 4309 2658 4378 minime
2705 4302 2928 4396 partici-

442 4418 584 4486 pes,
643 4409 702 4464 ta
742 4398 759 4464 i
810 4397 937 4466 sub
973 4399 1286 4486 imperi0,
1327 4397 1386 4465 si
1418 4397 1895 4467 tantummodo
1929 4412 2179 4480 essent,
2218 4398 2568 4469 tolerabile
2602 4396 2926 4465 videretur:
