2993 4837
70 322 238 388 Nov.
291 327 328 389 8
725 344 802 389 na
851 344 905 389 s.
961 342 1311 390 coni-:mmo
1360 340 1460 389 ap.
1516 340 1900 390 AMBIANENst
2366 327 2491 391 353

74 425 453 497 carissimus
501 427 609 506 sit,
664 427 959 513 denique
1005 427 1187 514 quod
1238 429 1564 498 omnibus
1593 428 1847 497 divinis
1875 428 2312 498 charismatis
2361 431 2579 499 abun-

74 514 193 582 det.
220 515 310 585 lis
331 516 604 596 auditis,
635 515 932 584 Pontifex
961 517 1264 606 seipsum
1294 518 1541 586 acriter
1572 517 2030 607 reprehendit,
2062 518 2240 605 quod
2273 517 2471 586 talem
2506 541 2583 587 ac

75 616 320 671 tantum
368 605 588 673 virum
638 604 737 673 vel
795 604 877 673 ad
934 618 1356 674 momentum
1408 606 1643 675 leviter
1680 608 2168 688 exacerbasset,
2213 607 2393 693 quod
2448 629 2580 677 non

75 713 308 781 magno
351 694 576 762 studio
623 707 685 762 et
727 693 1197 762 benevolentia
1244 715 1399 762 eum
1461 695 1878 783 excepisset,
1943 708 2008 764 et
2045 696 2195 784 ejus
2245 696 2415 765 votis
2463 718 2586 765 an-

75 781 337 849 nuisset.
385 787 680 871 Imperat
709 782 941 868 itaque
989 783 1160 862 suiS,
1208 796 1280 850 ut
1312 782 1370 851 si
1402 783 1818 870 quandoque
1865 807 2021 853 eum
2059 784 2143 853 ad
2182 784 2425 853 Urbem
2483 807 2588 854 re-

74 867 209 937 dire
239 872 600 962 contingat,
657 893 810 940 mox
849 893 1007 940 eum
1052 871 1133 938 ad
1176 892 1246 941 se
1281 870 1684 959 perducant.

153 961 187 1044 ἓ
233 963 368 1028 23¹.
421 961 613 1028 Venit
649 973 876 1028 autem
938 959 1177 1028 beatus
1225 960 1604 1049 Episcopus
1661 960 1744 1028 ad
1788 966 2148 1030 Barensem
2203 961 2543 1030 civitatem
2573 1017 2588 1043 ‚

77 1060 134 1112 et
177 1046 348 1133 apud
399 1049 574 1117 beati
613 1048 895 1124 Nicolai,
954 1048 1307 1117 miraculis
1354 1048 1783 1118 celeberrimi
1827 1049 2163 1139 praesulis
2194 1104 2209 1129 ‚
2266 1050 2593 1136 reliquias

82 1134 439 1204 diutissime
477 1160 633 1206 cum
688 1136 925 1206 multis
976 1135 1301 1224 lacrymis
1336 1152 1652 1226 precatus
1685 1150 1809 1207 est.
1856 1138 2070 1207 Altera
2115 1137 2288 1219 luce,
2335 1138 2592 1206 annulo

85 1244 275 1292 aureo
308 1237 369 1293 et
415 1225 695 1312 reliquis
747 1225 1289 1295 sacerdotalibus
1337 1228 1761 1295 ornamentis
1809 1227 2116 1308 indutuS,
2163 1240 2595 1296 sacrosancta

87 1312 416 1381 Missarum
458 1314 793 1383 solemnia
839 1336 1047 1404 super
1094 1314 1246 1401 ejus
1291 1336 1446 1383 ossa
1483 1316 1709 1384 oleum
1762 1315 2113 1395 stillantia,
2158 1316 2592 1384 devotissime

91 1399 442 1470 celebravit.
499 1404 622 1472 Ubi
668 1415 898 1472 autem
948 1402 1430 1472 animadvertit
1474 1404 1627 1490 ejus
1663 1404 1960 1492 regionis
2009 1403 2409 1493 Episcopus,
2466 1408 2592 1473 Go-

91 1488 403 1559 defridum
452 1492 665 1560 animi
705 1492 1090 1561 constantia
1129 1504 1192 1561 et
1238 1491 1636 1561 fortitudine
1671 1494 2039 1582 Episcopos
2077 1492 2248 1561 alios
2282 1493 2539 1562 anteire
2571 1547 2587 1572 ‚

91 1577 451 1648 incredibili
487 1581 942 1650 admiratione
988 1581 1272 1650 affectus
1318 1592 1440 1650 est.
1480 1580 1853 1650 Galliarum
1906 1582 2087 1650 enim
2141 1593 2341 1667 atque
2388 1582 2593 1650 etiam

89 1665 356 1736 aliarum
397 1681 728 1738 terrarum
786 1669 1134 1758 praesules
1165 1724 1179 1749 ,
1225 1691 1381 1737 cum
1433 1691 1511 1737 eo
1562 1669 2132 1758 proficiscuntur,
2186 1670 2300 1738 vili
2353 1670 2594 1738 habitu

91 1753 293 1823 celant
322 1777 410 1837 se,
451 1780 532 1826 ne
576 1759 838 1846 possint
876 1780 913 1827 a
970 1758 1181 1827 nosci.
1221 1764 1296 1826 At
1337 1757 1743 1827 Godefridus
1778 1780 1995 1844 neque
2030 1758 2458 1848 longitudine
2494 1758 2598 1826 iti-

93 1844 275 1925 neriS,
328 1867 543 1933 neque
575 1847 872 1915 nationis
930 1847 1165 1915 eritate
1193 1845 1451 1915 fractus
1488 1847 1772 1915 mutavit
1822 1846 2157 1923 habitum,
2198 1869 2317 1915 nee
2353 1870 2423 1916 se
2457 1860 2600 1917 stu-

96 1930 223 2000 duit
251 1935 609 2004 occultare.
665 1940 969 2021 Namque
1008 1949 1083 2004 ut
1119 1934 1219 2003 leo
1250 1934 1629 2017 confidens,
1666 1950 1730 2002 et
1761 1935 2019 2020 absque
2050 1948 2300 2004 terrore
2335 1940 2599 2024 perma-

100 2040 266 2101 nens,
325 2043 558 2092 omnes
614 2025 994 2092 amicorum
1049 2023 1193 2092 loco
1241 2024 1525 2104 habuit,
1583 2023 1755 2092 nulli
1812 2023 1942 2113 ipsi
1999 2045 2238 2091 nocere
2287 2025 2594 2113 cupiens.

103 2112 253 2178 Haec
296 2133 452 2203 ergo
500 2114 567 2181 in
621 2134 699 2181 eo
738 2113 1156 2202 EpiscopuS‚
1210 2133 1412 2199 quem
1468 2113 1770 2181 diximus
1801 2168 1815 2191 ,
1869 2111 2467 2192 animadvertens,
2524 2135 2603 2180 ex

109 2198 303 2267 animo
330 2201 765 2289 amplectitur
797 2201 1045 2280 virum,
1092 2201 1290 2287 eique
1329 2202 1626 2270 amando
1663 2214 1873 2270 totum
1916 2223 1987 2268 se
2025 2199 2408 2291 applicanS‚
2444 2222 2604 2357 prae

110 2290 339 2358 cunctis
387 2288 794 2359 mortalibus
848 2288 1213 2358 colendum
1272 2290 1591 2359 affirmat.
1662 2289 2035 2359 Comitibus
2096 2311 2368 2376 quoque
2417 2288 2605 2360 ilius

108 2375 290 2446 multa
341 2377 786 2449 humanitatis
820 2378 1039 2448 officia
1093 2376 1405 2448 alacriter
1492 2378 1799 2458 raestitit‚
1854 2392 2056 2466 atque
2103 2378 2187 2448 ad
2227 2391 2605 2450 extremum

105 2462 214 2532 olei
245 2480 497 2555 partem
533 2467 910 2554 quandam,
968 2490 1006 2536 a
1055 2467 1229 2536 beati
1280 2469 1438 2538 Nico
1470 2469 1535 2538 ai
1583 2468 1855 2537 ossibus
1909 2469 2307 2557 profluentis
2343 2522 2357 2550 ,
2411 2468 2605 2536 beato

108 2553 227 2622 viro
282 2558 345 2623 in
407 2578 564 2625 vase
621 2558 830 2625 vitreo
878 2555 959 2624 ad
1014 2555 1385 2656 hospitium
1443 2579 1628 2626 more
1687 2556 2159 2626 Ecclesiastico
2215 2556 2609 2626 solemniter

106 2644 495 2714 transmittit.
551 2645 740 2728 Quod
777 2644 1058 2731 quidem
1095 2666 1197 2712 vir
1239 2646 1350 2714 Dei
1383 2667 1541 2714 cum
1580 2646 1837 2735 ingenti
1874 2645 2249 2727 devotione,
2298 2668 2420 2714 nec
2463 2645 2610 2715 sine

107 2741 390 2813 tremore,
436 2733 964 2803 venerabundus
1004 2734 1286 2824 accepit,
1325 2756 1494 2802 auro
1544 2748 1607 2804 et
1654 2736 1944 2822 gemmis
1993 2735 2349 2821 quibusvis
2384 2734 2612 2803 carius

109 2816 253 2888 illud
288 2821 746 2911 amplectens,
806 2821 1163 2911 plurisque
1210 2823 1604 2891 aestimans.
1659 2822 1993 2912 Appendit
2040 2838 2266 2893 autem
2306 2823 2474 2892 illud
2525 2821 2610 2891 ad

111 2907 336 3006 collum
371 2934 602 2991 suum,
644 2933 972 2999 magnum
1010 2911 1140 2979 sibi
1173 2911 1502 2980 adversus
1546 2911 1840 2981 hostium
1881 2911 2168 2984 insidias
2203 2915 2270 2980 in
2313 2934 2390 2981 eo
2426 2932 2615 3002 prae-

114 2995 335 3064 sidium
380 3001 824 3068 constituens.

190 3087 414 3172 §82
466 3094 673 3157 Porro
748 3109 992 3157 rursus
1060 3094 1343 3157 Romam
1411 3088 1892 3176 proficiscitur.
1951 3093 2094 3156 Mox
2165 3111 2203 3156 a
2269 3089 2614 3158 Pontificis

117 3174 429 3247 Paschalis
477 3177 742 3246 familia
787 3176 850 3245 in
903 3178 1052 3266 ejus
1101 3190 1545 3267 conspectum
1601 3176 2020 3266 perducitur.
2066 3177 2360 3245 Pontifex
2401 3178 2461 3245 ei
2516 3198 2612 3244 re-

118 3279 390 3335 verenter
435 3266 782 3357 assurgit.
845 3265 1345 3336 humanissime
1392 3288 1550 3335 eum
1602 3264 1992 3343 osculatur,
2046 3278 2110 3332 et
2158 3287 2390 3333 secum
2442 3265 2615 3332 assi·
2716 3337 2736 3356 ⁴

113 3347 252 3419 dere
296 3356 662 3445 compellit.
718 3354 960 3422 Volens
1015 3367 1241 3423 autem
1320 3356 1573 3423 certius
1634 3355 2030 3442 explorare,
2076 3375 2251 3438 quae
2313 3352 2396 3420 de
2468 3352 2616 3439 ejus

101 3440 451 3524 aprudentia
492 3445 636 3533 jam
690 3456 847 3513 ante
904 3443 990 3511 ab
1030 3443 1186 3511 aliis
1233 3443 1610 3523 didicerat,
1670 3441 1922 3510 multas
1989 3454 2131 3510 tum
2193 3442 2611 3517 divinarum,

117 3537 241 3625 tum
293 3533 716 3620 politicarum
772 3552 996 3600 rerum
1047 3532 1106 3599 ei
1148 3532 1581 3618 quaestiones
1635 3530 1973 3620 proponit,
2032 3544 2233 3617 atque
2282 3530 2484 3598 etiam
2530 3527 2617 3627 ad

117 3614 404 3688 difficiles
437 3620 801 3690 solvendos
844 3619 1055 3689 nodos
1087 3619 1625 3707 haudquaquam
1661 3619 2076 3709 imparatum
2115 3641 2270 3687 eum
2309 3616 2615 3688 offend1t.

121 3707 387 3778 Cernens
439 3732 603 3799 ergo
653 3708 954 3778 Pontifex
1019 3708 1235 3778 multa
1281 3731 1439 3777 eum
1505 3707 1871 3798 prudentia
1917 3719 1982 3777 et
2046 3709 2289 3794 pietate
2340 3705 2617 3795 pollere,

120 3807 247 3863 orat
279 3819 358 3864 ne
403 3811 677 3887 gravate
716 3796 859 3866 ac'ci
918 3797 1029 3876 iat,
1084 3797 1265 3882 quod
1320 3811 1519 3867 antea
1556 3819 1687 3865 non
1728 3798 1850 3876 sic,
1898 3811 1973 3865 ut
2023 3793 2294 3865 fidelel'h
2345 3795 2623 3881 dispen-

124 3895 388 3954 satorem
444 3909 565 3975 par
611 3898 776 3966 erat,
830 3820 915 3954 ab
964 3885 1115 3974 ipso
1148 3899 1582 3975 exceptuset
1636 3885 1998 3954 exauditus
2047 3885 2297 3953 fuerit:
2351 3883 2620 3972 cogitet,

124 3971 406 4041 animum
458 3975 847 4043 innumeris
895 3975 1082 4042 curis
1132 3973 1563 4055 distractum,
1625 3974 2158 4060 haudquaquam
2216 3972 2300 4040 ad
2354 3970 2631 4059 singula

130 4077 304 4211 posse
339 4063 672 4132 sufficere.
721 4067 960 4131 Beatus
1001 4063 1104 4131 vir
1142 4061 1339 4131 facile
1389 4062 1668 4152 ignovit.
1709 4069 1876 4131 Tum
1932 4059 2280 4130 Paschalis
2329 4058 2633 4129 Pontifex

155 4146 361 4219 itteras
389 4152 450 4218 ei
487 4150 785 4230 tradidit,
824 4150 1080 4238 quibus
1111 4151 1287 4220 inter
1333 4151 1468 4218 alia
1509 4152 2009 4230 continebatur,
2048 4150 2369 4217 Abbatem
2413 4148 2633 4217 sancti

135 4236 416 4308 Walerici
445 4259 608 4306 cum
648 4240 1001 4309 monachis
1042 4241 1209 4314 suis,
1250 4239 1689 4308 Ambianensi
1722 4239 2079 4328 Episcopo,
2119 4239 2402 4325 perinde
2434 4250 2635 4324 atque

137 4327 288 4407 patri
334 4340 399 4395 et
452 4328 724 4414 pastori,
761 4329 827 4395 in
878 4328 1205 4398 omnibus
1258 4350 1492 4417 parere
1525 4327 1792 4396 debere.
1849 4327 1969 4396 Ille
2007 4326 2217 4415 igitur
2259 4327 2633 4417 Apostolica

140 4415 519 4482 auctoritate
556 4426 617 4482 et
647 4416 1110 4486 benedictione
1161 4417 1498 4494 munitus,
1538 4415 1711 4486 redit
1760 4417 1841 4485 ad
1885 4416 2222 4486 civitatem
2278 4438 2499 4489 suam.

272 4532 523 4592 surius
546 4557 574 4572 -
608 4527 762 4594 Vnae
790 4530 892 4596 SS.
922 4565 947 4579 -
971 4532 1098 4598 Vol.
1127 4532 1226 4596 XI.
2409 4531 2485 4592 23
