2993 4837
573 311 697 373 644
1165 327 1243 372 DE
1293 328 1346 372 s.
1395 323 1685 372 cal-:cuna
1733 327 2022 372 marrus
2068 327 2144 372 Er
2193 327 2359 373 Acus
2707 309 2859 373 Not.
2905 311 2962 373 22

538 414 680 481 rius
729 412 1143 500 inceperam,
1191 409 1431 479 vellem
1467 409 1667 479 scire.
1707 433 1743 475 »
1785 411 1962 479 Dixit
1995 414 2061 479 S.
2094 409 2421 479 Caecilia:
2457 435 2494 476 «
2529 417 2718 480 Deea
2754 432 2964 481 mecum

485 436 785 588 roquere,
840 500 1167 586 quoniam
1225 498 1520 568 brevitas
1572 499 1900 588 temporis
1946 513 2048 569 est
2096 498 2291 568 fratri
2341 515 2455 569 tuo
2508 499 2960 589 impedimento.

482 613 620 678 quo
672 590 904 659 minus
946 588 1185 656 reddat
1226 609 1664 675 responsum.
1719 593 1819 656 Me
1849 600 2102 668 autem,
2157 610 2366 675 quam
2398 587 2656 657 Christi
2703 590 2970 678 sapientia

481 680 716 748 docuit
764 701 802 746 a
856 677 1102 746 teneris
1147 676 1577 768 unguiculiS,
1621 676 1704 745 de
1751 698 2194 764 quacumque
2220 699 2292 746 re
2341 699 2448 746 me
2479 678 2788 746 volueris
2824 679 2972 748 iaz...

483 789 745 857 rogare,
815 789 953 835 non
999 766 1250 856 poteris
1328 765 1636 834 invenire
1698 765 2204 855 imparatam.»
2279 767 2445 835 Dicit
2522 767 2587 836 ei
2641 768 2972 840 Tiburtius

484 880 519 923 «
559 862 698 925 Hoc
765 877 985 945 nuper
1089 855 1385 937 uaesivi‚
1436 868 1503 923 et
1552 876 1739 923 nunc
1786 875 2060 942 quoque
2107 877 2388 942 quaero.
2439 856 2788 937 Quisnam
2827 856 2969 925 e1‘''

483 947 600 1032 qui
655 943 797 1015 illic
831 957 1015 1024 sunt,
1110 967 1192 1014 uc
1228 945 1531 1024 venienS,
1568 942 1868 1013 ostendit
1917 943 2115 1013 nobis
2163 943 2369 1013 aliam
2405 946 2617 1012 vitam
2673 967 2864 1032 quam

481 1034 939 1123 praedicatis?
973 1056 1008 1099 »
1046 1038 1290 1102 Sancta
1339 1032 1511 1102 dixit
1559 1032 1885 1102 Caecilia:
1940 1057 1975 1099 «
2031 1032 2474 1123 Unigenitum
2526 1056 2748 1105 suum
2798 1033 2927 1103 Fili

484 1129 677 1192 Pater
714 1144 830 1212 per
865 1136 1173 1191 sanctam
1236 1123 1580 1211 Virginem
1635 1122 1915 1190 Mariam
1971 1122 2156 1192 misit
2209 1123 2279 1190 in
2335 1134 2632 1191 terram:
2692 1125 2814 1209 qui

482 1214 550 1280 in
606 1225 842 1282 sancto
895 1224 1145 1291 monte,
1203 1233 1311 1279 ma
1370 1233 1457 1279 na
1506 1232 1664 1280 voce
1721 1211 2088 1289 clamavit,
2167 1210 2443 1282 dicens:
2505 1212 2758 1281 Venite.
2809 1212 2874 1280 ad

481 1323 721 1371 omnes
775 1300 1035 1389 populi,
1071 1312 1135 1368 et
1158 1320 1282 1389 ego
1362 1300 1491 1368 abo
1528 1299 1716 1369 vobis
1764 1299 1971 1368 vitam
2005 1313 2377 1369 aeternam.
2411 1301 2795 1370 Concurrit
2822 1325 2897 1368 an?

479 1390 561 1458 ad
615 1412 771 1458 eum
825 1389 1053 1458 omnis
1101 1410 1283 1468 caro,
1328 1388 1558 1457 omnis
1606 1401 1813 1468 aetaS,
1874 1410 2081 1457 omne
2129 1411 2348 1478 genus
2399 1387 2810 1459 hominum.
2892 1430 2896 1439 ¹
2936 1404 2941 1407 ·

476 1478 646 1546 dixit
694 1478 1057 1548 omuibus:
1102 1479 1584 1547 Poenitentiam
1632 1479 1815 1567 aqite
1872 1488 2147 1580 propter
2189 1489 2484 1546 vestram
2525 1479 2744 1567 ignor
2892 1540 2905 1543 ,,

475 1569 793 1658 quoniam
827 1569 1395 1658 appropinquavit
1423 1589 1708 1656 reqnum
1760 1567 1882 1634 Dei
1917 1567 2095 1657 quod
2127 1570 2316 1635 tollet
2352 1590 2426 1635 re
2479 1590 2656 1636 num
2708 1569 2871 1637 hom
2894 1606 2919 1631 .«

480 1657 743 1739 (Μαιιὴ.
791 1656 906 1745 1v).
955 1660 1171 1725 Suum
1223 1668 1449 1725 autem
1505 1677 1793 1743 regnum
1847 1655 1992 1723 vult
2046 1659 2221 1724 Deus
2261 1655 2401 1723 divi
2458 1678 2576 1724 ere
2613 1656 2708 1726 iis
2741 1657 2851 1745 qui

476 1745 683 1813 dunt:
742 1745 807 1813 in
859 1766 995 1831 quo
1044 1743 1158 1812 ille
1204 1744 1433 1812 existit
1471 1743 1862 1812 sublimior.
1904 1743 2055 1813 Illic
2088 1765 2251 1834 ergo
2310 1758 2723 1833 peccatores
2772 1769 2921 1832 qma-

479 1835 1155 1903 consummabuntur
1195 1832 1490 1902 aeternis
1539 1832 1896 1902 doloribus
1943 1846 2007 1901 et
2068 1833 2250 1923 igne,
2305 1834 2426 1919 qui
2479 1855 2846 1921 nunquam
2900 1864 2921 1887 ·-

481 1922 897 2001 minabitur;
948 1922 1123 1990 Justi
1172 1936 1398 1991 autem
1444 1922 1784 2009 accipient
1836 1921 2055 1989 lucem
2099 1936 2414 1990 aeternae
2451 1921 2729 2011 gloriae
2775 1939 2833 1994 et
2874 1976 2877 1979 -

477 2011 599 2092 dii,
640 2033 816 2097 quae
869 2009 1137 2080 nullum
1183 2032 1492 2098 unquam
1534 2011 1741 2079 finem
1792 2010 2061 2099 accipit.
2107 2015 2195 2079 De
2241 2024 2510 2080 caetero
2564 2012 2806 2091 nolite,

486 2101 874 2181 hominum,
932 2101 1140 2189 hujus
1176 2102 1349 2168 vitae
1396 2099 1774 2189 fugientem
1815 2120 2144 2186 quaerere
2185 2098 2545 2179 laetitiam,
2608 2115 2685 2170 ut
2723 2101 2923 2170 laetit'

481 2189 671 2258 illius
714 2189 886 2257 vitae
926 2202 1269 2257 aeternam
1312 2188 1718 2277 possideatis
1747 2209 1925 2275 quae
1975 2188 2152 2257 hanc
2193 2189 2398 2257 vitam
2447 2189 2738 2279 excipit.
2792 2196 2856 2260 ln
2900 2218 2947 2247 1--

480 2279 663 2347 enim
718 2278 851 2346 vita
905 2278 1101 2346 breve
1135 2291 1409 2368 tempus
1458 2277 1720 2356 vivitis;
1777 2279 1842 2345 in
1897 2276 2017 2345 illa
2067 2299 2243 2358 vere,
2300 2278 2368 2345 in
2417 2299 2639 2347 omne
2687 2300 2910 2347 aevum.

572 2370 608 2453 ξ
657 2372 789 2439 n.
830 2393 855 2431 α
886 2371 1049 2436 Cum
1087 2365 1253 2436 haec
1292 2380 1518 2435 autem
1547 2366 1931 2437 audiissent
1962 2388 2202 2436 omnes
2239 2366 2483 2457 populi
2522 2366 2853 2442 infideles,
2894 2393 2959 2424 ν·-

482 2478 642 2525 voce
691 2456 1051 2525 dixerunt:
1107 2461 1183 2524 Et
1221 2456 1376 2542 quis
1428 2454 1569 2524 illic
1601 2456 1754 2533 fuit,
1807 2468 1871 2524 et
1918 2478 2076 2523 cum
2122 2455 2313 2524 illinc
2376 2456 2518 2525 huc
2563 2459 2863 2533 venisset,
2904 2485 2959 2514 ιτ.

479 2547 609 2614 tuit
658 2545 901 2614 docere
951 2567 1105 2613 vera
1150 2567 1320 2624 esse,
1381 2566 1557 2631 quae
1598 2545 1822 2612 dicis?
1870 2549 2058 2613 Tunc
2111 2545 2223 2612 Dei
2274 2544 2492 2613 Filius
2545 2546 2727 2616 dixit
2781 2547 2945 2614 eis:

477 2634 840 2704 ostendero
877 2635 1067 2704 vobis
1117 2633 1493 2704 surrexisse
1547 2646 1874 2713 mortuOS,
1927 2655 2060 2701 non
2113 2633 2393 2705 creditis
2441 2635 2762 2704 veritati?
2794 2640 2856 2703 Ut

480 2737 610 2791 tem
654 2722 1105 2792 dubitationis
1153 2737 1217 2791 et
1252 2723 1672 2811 suspicionis
1715 2722 1986 2790 nullum
2027 2736 2408 2791 remaneret
2439 2725 2828 2813 vestigium,

475 2812 754 2899 populis
807 2815 1151 2900 proiectus
1180 2825 1281 2880 est
1329 2812 1410 2879 ad
1451 2810 1796 2899 sepulcra,
1833 2824 1897 2879 et
1939 2811 2305 2891 triduanis,
2331 2825 2396 2880 et
2428 2810 2941 2898 quatriduanis·-

463 2899 611 2989 jam
657 2900 1067 2969 foetentibus
1106 2901 1416 2981 mortuis»,
1471 2922 1680 2986 quam
1719 2900 2098 2969 amiserant
2146 2902 2376 2981 vitam,
2457 2913 2534 2968 ut
2578 2907 2759 2972 Deus
2826 2921 2953 2958 2¹³³·

474 2987 595 3055 dit.
652 2989 1058 3058 'transmisit
1109 3011 1335 3067 mare,
1392 3010 1601 3078 super
1671 2990 1924 3057 fluctus
1998 2989 2370 3058 ambulans
2429 3011 2574 3058 non
2649 2990 2825 3059 made

473 3076 793 3166 pedibus
841 3080 1231 3167 Imperabat
1259 3079 1500 3159 ventiS,
1532 3078 1911 3167 castigabat
1935 3076 2214 3155 fluctus,
2254 3092 2317 3147 et
2348 3100 2530 3165 quae
2558 3081 2833 3149 excita

471 3178 908 3255 tempestates
955 3180 1020 3236 et
1069 3167 1433 3247 tumultuS,
1489 3167 1795 3237 sedabat.
1837 3168 2066 3236 Caecis
2118 3168 2338 3236 visum
2392 3166 2752 3244 reddebat,
2797 3189 2826 3234 a
2860 3197 2897 3222 w

471 3277 724 3325 manus
769 3255 1092 3325 reddebat
1131 3279 1358 3336 sanaS,
1397 3256 1667 3325 claudis
1696 3256 2115 3345 ingressum,
2156 3256 2364 3325 mutis
2397 3278 2637 3325 vocem
2686 3254 2849 3325 redd
2876 3287 2887 3308 .

474 3358 540 3413 et
589 3345 822 3414 surdis
869 3344 1211 3414 auditum.
1244 3345 1663 3434 Paralyticos
1700 3345 1901 3414 verbo
1935 3345 2246 3425 curabat,
2280 3343 2594 3434 leprosos
2623 3346 2794 3415 dicto

470 3433 715 3515 dabat,
775 3434 1070 3502 infirmis
1123 3433 1570 3514 medebatur,
1649 3431 1991 3503 lunaticos
2043 3434 2488 3513 restituebat,
2541 3449 2614 3504 et
2665 3436 2783 3503 dac
2815 3461 2879 3494 ιε’

471 3521 777 3610 fugabat.
821 3521 943 3592 Sed
982 3544 1140 3591 cum
1184 3535 1406 3591 mente
1453 3524 1638 3611 capti
1687 3536 1751 3592 et
1807 3523 2007 3613 impii
2045 3523 2394 3592 Pharisaei
2440 3536 2509 3592 et
2558 3523 2886 3593 Pontifices
2944 3555 2957 3590 ,·

472 3611 902 3691 invidissent,
956 3624 1310 3701 propterea
1358 3611 1541 3698 quod
1598 3611 1859 3701 populi,
1890 3612 1989 3682 eis
2039 3610 2316 3692 relictiS,
2355 3611 2507 3701 ejus
2557 3613 2951 3699 sequebar·

470 3701 778 3790 vestigia,
843 3713 1220 3769 sternentes
1289 3714 1505 3769 vestes
1566 3722 1727 3770 suas
1777 3714 1931 3770 ante
1999 3699 2203 3789 pedes
2250 3702 2424 3789 ejus,
2471 3713 2537 3769 et
2603 3701 2959 3789 clamantffij

468 3784 861 3858 Benedictus
895 3792 1017 3881 qui
1044 3793 1224 3858 venit
1256 3792 1325 3858 in
1372 3792 1634 3858 nomine
1667 3791 1971 3859 Domini:
2027 3790 2092 3857 in
2130 3811 2290 3859 eum
2342 3789 2441 3857 ira
2500 3790 2732 3878 perciti
2773 3791 2865 3854 Ρι-
2912 3817 2929 3822 ··

471 3880 635 3958 saei‚
692 3878 970 3947 cuidam
1024 3878 1235 3947 Pilato
1269 3878 1571 3947 Praesidi
1618 3900 1776 3947 eum
1834 3878 2289 3958 tradiderunt,
2335 3891 2650 3947 vocantes
2680 3888 2958 3963 cummi:

469 3989 635 4056 gum
685 3980 749 4035 et
777 3967 1112 4057 impium:
1152 3982 1214 4036 et
1241 3968 1644 4037 seditionem
1681 3968 2064 4036 excitarunt
2101 3968 2170 4035 in
2212 3967 2487 4057 populo,
2527 3982 2600 4035 ut
2631 3986 2773 4034 eum
2799 3974 2956 4055 equ?

473 4056 851 4145 affigerent.
905 4062 1045 4125 Hoc
1092 4070 1317 4125 autem
1363 4056 1477 4125 ille
1529 4058 1944 4145 praesciens,
2001 4079 2121 4144 pro
2159 4057 2399 4125 mundi
2435 4054 2646 4123 salute
2693 4054 2948 4142 permis-11

478 4167 546 4212 se
595 4145 1019 4235 apprehendi
1069 4159 1133 4214 et
1182 4145 1430 4225 illudi,
1499 4145 1775 4234 injuriis
1825 4145 2002 4213 affici
2038 4201 2053 4223 ,
2109 4146 2345 4235 flagris
2405 4143 2589 4213 caedi
2634 4155 2688 4209 et
2739 4130 2934 4227 occidt-

477 4234 744 4302 Sciebat
781 4235 964 4303 enim
1008 4248 1083 4303 ut
1134 4239 1330 4315 Deus,
1385 4235 1567 4321 quod
1623 4257 1753 4303 non
1790 4234 1986 4303 aliter
2037 4234 2168 4302 nisi
2222 4256 2342 4323 per
2405 4232 2732 4323 pretiosam
2759 4239 2807 4290 et
2845 4238 2934 4283 m-

477 4334 871 4389 temeratam
911 4345 1107 4391 suam
1153 4325 1572 4413 passionem,
1607 4336 1782 4392 esset
1808 4324 2156 4411 captivum
2189 4322 2568 4392 redditurus
2609 4310 2922 4385 diabolum·

478 4407 815 4495 malisque
863 4424 928 4480 et
969 4413 1352 4483 immundis
1404 4412 1768 4502 spiritibus
1819 4412 2034 4482 malas
2076 4411 2355 4483 inferret
2394 4430 2635 4502 poenas.
