2993 4837
510 335 674 406 954*

415 680 639 739 simum
669 691 821 737 esse.

494 920 499 925 ἡ
621 834 681 896 S.
718 832 1089 896 RUSTICUS
1122 833 1473 896 Emscopus.

477 940 633 1005 Obiit
676 958 840 1003 anno
883 941 1020 1002 461.
1066 976 1141 986 -
1187 940 1329 1002 Nat.
1384 939 1617 1004 Gallus,

495 1075 850 1137 Mam-mor..
886 1110 961 1120 —
992 1074 1309 1137 Narbonae
1341 1076 1539 1137 sancti
1572 1074 1683 1135 Ru·

412 1172 566 1216 suci
636 1155 911 1235 Episcopi
981 1162 1041 1217 et
1108 1154 1483 1217 Confessoris
1509 1203 1524 1227 ,
1580 1156 1679 1233 qui

413 1234 636 1298 claruit
705 1234 1081 1313 temporibus
1136 1232 1554 1296 Valentiniani
1625 1241 1683 1295 et

414 1313 634 1376 Leonis
663 1313 1124 1392 Imperatorum.

494 1394 561 1456 lu
593 1393 825 1465 Galliis,
853 1395 1004 1455 torte
1027 1393 1342 1463 Massiliae,
1375 1392 1681 1455 honestis-

410 1475 585 1535 simis
635 1474 990 1551 parentibus
1033 1482 1200 1536 ortus
1228 1482 1340 1544 est,
1373 1481 1544 1550 patre
1571 1475 1680 1534 sci·

408 1553 554 1615 licet
610 1554 874 1625 Bonos0‚
934 1553 1315 1630 postmodum
1370 1555 1678 1630 episcope,

411 1641 643 1704 matre,
674 1633 901 1694 femina
936 1633 1109 1695 valde
1139 1632 1445 1707 religiosa,
1480 1649 1682 1694 sorore

411 1712 685 1775 Aratoris
757 1713 971 1774 itidem
1040 1713 1327 1791 episcopi.
1402 1715 1479 1772 At
1552 1718 1677 1772 tum

409 1791 593 1869 huJus
660 1809 843 1870 quam
909 1793 1074 1854 illius
1140 1794 1312 1854 sedes
1379 1792 1554 1853 nobis
1595 1800 1682 1853 est

408 1873 642 1949 ignota.
688 1873 970 1948 Egregiis
1027 1880 1281 1934 naturae
1334 1881 1395 1933 et
1452 1872 1681 1947 gratiae

408 1952 584 2011 donis
633 1952 959 2027 praeditus,
1006 1968 1150 2013 cura
1200 1951 1509 2029 piissimae
1550 1967 1678 2012 ma-

411 2032 769 2108 triffigquam
821 2031 1021 2108 paucis
1067 2032 1244 2093 annis
1284 2038 1418 2109 post
1447 2030 1676 2091 editum

409 2110 608 2171 filium
659 2112 903 2171 viduam
954 2111 1135 2171 fuisse
1160 2110 1431 2171 insinuat
1458 2110 1519 2170 S.
1547 2110 1681 2171 Hie·

409 2205 705 2263 ronymus
730 2238 744 2261 ,
778 2189 1060 2251 Rusticus
1089 2192 1151 2251 in
1181 2191 1349 2251 omni
1383 2192 1676 2267 sapientia

407 2276 471 2329 et
502 2271 770 2331 doctrina
802 2269 1113 2341 educatus,
1148 2271 1225 2331 ita
1261 2271 1321 2330 in
1354 2271 1558 2330 studio
1586 2270 1681 2330 lit-

410 2358 681 2411 terarum
716 2350 990 2428 profecit,
1023 2360 1090 2410 ut
1119 2352 1343 2427 dignus
1371 2349 1558 2411 fuerit
1590 2366 1681 2411 ae-

408 2435 693 2491 stimatus
749 2431 849 2506 qui
902 2429 1155 2492 Romam
1190 2431 1566 2499 mitteretur,
1615 2438 1679 2491 ut

408 2509 753 2571 ubertatem
798 2508 1007 2571 Gallici
1049 2511 1354 2570 sermonis
1384 2511 1681 2585 gravitate

405 2584 673 2650 Romana
704 2589 998 2652 condiret.
1035 2589 1099 2650 ln
1146 2588 1367 2650 Gallias
1399 2589 1590 2651 redux
1622 2596 1681 2650 et

405 2666 702 2730 Massiliae
752 2668 843 2730 vel
896 2671 958 2729 in
1011 2669 1229 2731 vicinia
1288 2685 1423 2730 cum
1486 2677 1679 2730 matre

403 2744 672 2824 degens,
725 2750 959 2826 accepit
1006 2751 1446 2810 circa'annum
1505 2748 1611 2808 411
1647 2764 1676 2809 a

406 2825 467 2887 S.
524 2828 896 2906 Hieronymo
946 2828 1308 2905 praeclaram
1344 2827 1517 2889 valde
1546 2828 1671 2904 Epi·

402 2906 640 2979 stolam,
677 2908 753 2967 ‘in
795 2924 910 2984 qua
957 2905 1211 2983 plurima
1266 2906 1570 2968 habentur
1606 2907 1675 2968 ad

405 2983 645 3047 laudem
698 2985 759 3047 S.
808 2985 1227 3048 Adolescentis
1256 2995 1315 3046 et
1344 2986 1678 3048 claustralis

406 3065 569 3127 vitae
632 3066 1244 3127 commendationem.
1317 3066 1458 3127 Erat
1534 3074 1679 3126 tuuc

402 3161 598 3206 annos
636 3147 879 3207 circiter
912 3147 1131 3218 viginti
1164 3153 1341 3207 natus
1369 3147 1430 3207 S.
1467 3146 1674 3207 Rusti·

403 3240 531 3295 cus,
581 3234 649 3286 ut
676 3225 983 3298 conjicere
1015 3226 1156 3287 licet
1195 3242 1269 3287 ex
1299 3225 1357 3286 S.
1405 3226 1678 3288 Doctoris

399 3305 621 3367 verbis.
656 3304 882 3366 Eodem
905 3312 1111 3366 autem
1136 3314 1409 3382 tempore
1436 3305 1530 3366 vel
1558 3322 1674 3366 non

403 3385 595 3447 multo
628 3395 782 3464 post,
816 3386 1004 3445 vitam
1034 3384 1348 3462 amplexus
1375 3396 1466 3446 est
1499 3401 1676 3461 regu·

399 3462 616 3537 larem,
660 3464 1027 3541 probabilius
1073 3467 1132 3524 in
1166 3465 1524 3525 Massiliensi
1554 3480 1677 3525 mo-

402 3547 666 3606 nasterio
697 3545 758 3607 S.
796 3544 1088 3617 Victoris;
1122 3552 1308 3620 atque
1337 3543 1396 3605 S.
1426 3545 1672 3606 Venerii

397 3622 623 3699 (postea
657 3624 1150 3699 Massiliensium)
1178 3623 1459 3702 Episcopi
1476 3625 1676 3686 socius

396 3702 463 3763 in
492 3703 860 3765 utonasterlo
892 3703 1034 3774 suit,
1084 3711 1151 3764 ut
1183 3706 1243 3764 in
1280 3703 1676 3782 inscriptione

391 3780 775 3844 Narbonensi
822 3783 1067 3858 legitur.
1124 3781 1550 3844 obsecundans
1614 3783 1672 3845 S.

392 3859 746 3936 Hieronymi
794 3864 1045 3923 monitis
1096 3862 1171 3924 ita
1205 3864 1431 3924 ibidem
1464 3865 1589 3935 egit
1618 3872 1677 3925 et

394 3942 575 4013 vixit,
604 3951 672 4003 ut
702 3943 959 4004 clericus
988 3959 1116 4004 esse
1148 3945 1466 4004 meruerit.
1494 3946 1675 4003 Anno

394 4018 615 4083 Christi
672 4020 810 4093 427,
865 4024 1080 4084 aetatis
1128 4038 1269 4083 suae
1299 4023 1542 4084 circiter
1573 4022 1671 4091 37,

394 4107 464 4161 ut
522 4102 790 4173 videtur,
840 4101 1169 4179 Episcopus
1216 4101 1530 4163 ordinatus
1584 4108 1673 4163 est

393 4179 684 4243 ecclesiae
718 4180 1150 4243 Narbonensis.
1186 4181 1363 4242 Anno
1395 4181 1546 4253 441,
1575 4181 1673 4244 ba-

393 4259 627 4322 silicam
687 4259 1007 4323 aedificare
1062 4264 1295 4337 coepit,
1341 4277 1470 4322 eam
1531 4279 1673 4339 qua-

494 418 511 437 ,
1204 354 1731 403 uanrrnoLoetffii
1798 356 2225 404 tntusrna‘run

419 441 674 518 patriam
706 438 1085 514 migraverit,
1116 438 1368 498 omnino
1396 444 1487 497 est
1521 437 1687 514 igno·
1747 436 1939 498 licano
1990 437 2305 507 interfuit,
2361 436 2567 512 ibique
2608 436 2762 512 primas
2785 448 2866 512 gost

421 529 574 580 tum.
608 516 853 578 Constat
901 532 1042 579 vero
1081 515 1142 577 S.
1175 514 1537 587 Quotvuldei
1568 514 1688 577 cul·
1746 516 2131 578 Bai-’ennium
2179 516 2597 578 Arelatensem
2633 516 2860 583 ,latiam-m,

419 607 549 660 tum
583 600 643 658 in
673 594 1068 675 Neapolitana
1098 596 1356 657 dioecesi
1390 596 1686 674 antiquis·
1745 594 2041 672 Epistolae
2088 596 2435 674 Synodicae
2463 593 2747 673 quadissatz
2762 591 2856 669 Epi·

2673 338 2785 401 ΟΠ.
2814 340 2865 401 ii]

1742 691 2059 753 scoporum
2101 677 2174 736 ad
2227 676 2505 736 Leonem
2561 674 2740 749 Magnas
2763 674 2850 731 ab·

1742 757 1999 831 scripsit,
2047 772 2164 833 qua
2217 755 2405 831 buius
2435 755 2510 816 ad
2543 751 2844 813 flammin-

1746 842 1899 896 teras
1915 836 1989 896 de
2010 836 2290 912 Mysterio
2312 828 2838 917 incarnationism
2919 878 2920 893 ,

1742 930 1804 975 se
1857 923 2177 975 testantur.
2237 914 2544 975 Praesens
2597 925 2758 989 quoqne
2777 904 2837 969 hi

1743 993 1997 1054 concilio
2047 994 2392 1055 Arelatensi
2449 992 2526 1054 111
2564 990 2839 1076 (probaui-

1743 1073 1904 1150 455),
1936 1073 2034 1134 ubi
2067 1073 2434 1136 Ravennius
2457 1069 2844 1149 hujuscemcau·

1742 1150 1833 1212 bis
1873 1161 2159 1214 exoratus
2186 1162 2305 1213 est:
2344 1175 2377 1212 c
2411 1152 2500 1212 Ac
2532 1142 2850 1229 ρηεείῑιῡῇῗει·

1744 1232 1937 1293 titudo
1968 1243 2169 1294 vestra
2203 1240 2266 1293 ut
2292 1233 2466 1293 adsit
2498 1234 2724 1309 primum
2751 1230 2856 1301 iterata

1741 1327 1969 1384 camur,
2001 1314 2139 1389 quia
2170 1314 2429 1390 gravior
2463 1311 2864 1394 infirmitasqags

1739 1393 1896 1452 sario
1933 1392 2194 1453 medicos
2236 1393 2639 1468 peritissimos
2669 1388 2864 1465 inqmnt=

1741 1471 2052 1547 Agebatur
2100 1473 2270 1532 enim
2324 1472 2408 1533 de
2472 1467 2693 1531 dissidio
2731 1462 2874 1549 quolam

1744 1551 1903 1611 inter
1949 1551 2363 1625 Theodorum,
2390 1550 2722 1627 Episcopum
2737 1545 2877 1617 Famis·

1741 1630 1990 1692 liensem
2018 1631 2333 1708 (Fr-ejus),
2379 1639 2445 1691 et
2478 1629 2739 1691 Abbatem
2757 1638 2876 1716 eoa-{-

1739 1712 1904 1772 sterii
1956 1710 2327 1772 Lerinensis.
2388 1708 2566 1771 Circa
2605 1720 2783 1793 annun
2805 1702 2877 1758 is..

1740 1805 1879 1850 cum
1927 1796 2171 1867 propter
2204 1796 2560 1865 temporum
2606 1788 2876 1862 iniquitates„

1742 1868 2136 1930 barbarorum
2166 1869 2421 1931 hostiles
2446 1867 2778 1930 incursiones
2791 1872 2879 1919 aar

1744 1949 2362 2009 tamexindemorum
2395 1948 2879 2025 disciplinaequeffa·

1742 2045 1809 2089 ru
1822 2027 2069 2106 ptelam,
2085 2029 2156 2089 de
2179 2028 2550 2106 deponendo
2571 2028 2879 2107 episcopatu}

1739 2109 2008 2184 gitasset,
2039 2108 2110 2169 ad
2136 2106 2197 2168 S.
2222 2108 2499 2170 Leonem
2514 2107 2710 2182 Papam
2729 2104 2876 2173 serti&

1743 2194 1828 2257 ut,
1861 2189 2020 2248 inter
2049 2195 2282 2249 caetera
2302 2234 2318 2259 ,
2354 2188 2516 2249 hauc-
2541 2187 2595 2247 ei
2623 2198 2758 2244 suam
2785 2190 2880 2238 niet-

1741 2274 1859 2328 tem
1888 2269 2183 2343 aperiret;
2215 2272 2313 2328 cui
2349 2267 2473 2328 Leo
2497 2315 2513 2338 ,
2555 2280 2693 2328 antio
2717 2260 2813 2320 iffi
2838 2274 2888 2313 rt*

1736 2348 1977 2425 spondit
2009 2348 2502 2424 permanendum
2526 2347 2579 2406 ei
2600 2359 2703 2404 esse
2716 2358 2761 2399 m
2781 2350 2889 2425 offere

1738 2427 1963 2489 credito
1991 2434 2044 2487 et
2075 2423 2279 2487 labore
2305 2433 2605 2504 suscepto.
2634 2423 2682 2484 S.
2703 2421 2889 2480 Rusticus

1737 2508 1899 2568 diem
1948 2506 2098 2568 obiit
2152 2522 2513 2581 supremum
2560 2519 2692 2566 anno
2727 2495 2920 2578 451³&

1737 2584 2058 2648 Narbonae
2105 2602 2399 2664 perquam
2457 2583 2744 2647 nouomfiee
2763 2570 2920 2650 sepul*

1739 2673 1832 2726 tus
1859 2674 1971 2727 est.
2005 2665 2121 2744 (Ex
2152 2665 2488 2742 Bonnam).

1891 2823 1962 2898 S.
2010 2823 2438 2887 GAUDIOSUS
2483 2825 2777 2885 Episcopus.

1878 2929 2058 2992 Circa
2087 2930 2352 2992 medium
2381 2930 2678 2993 saeculum
2713 2921 2802 2985 1⁷11.

1816 3067 2176 3130 Manrrnon.
2213 3102 2289 3113 -
2314 3069 2489 3144 Apud
2518 3067 2784 3129 Salernum
2808 3067 2884 3111 ⁵31]-
2919 3071 2920 3086 ¹

1737 3148 1814 3208 cti
1847 3146 2143 3210 Ganmosi
2175 3148 2473 3226 Episcopi.
2742 3219 2750 3226 ‚
2821 3177 2830 3220 4·
2861 3207 2865 3215 2

1815 3226 2164 3296 Salernum,
2214 3231 2278 3288 in
2303 3226 2520 3311 ‘Italian
2558 3226 2626 3288 ab
2649 3225 2880 3300 antiqui&

1739 3306 1851 3366 mis
1917 3306 2296 3385 temporibus
2349 3308 2552 3368 sedem
2602 3301 2880 3379 episcopatem

1738 3385 1950 3448 babuit
1976 3435 1992 3458 ,
2023 3403 2204 3460 quam
2235 3385 2376 3447 dein
2428 3387 2672 3447 Joannes
2697 3376 2778 3438 PP.
2799 3366 2879 3430 Χῖ.
2919 3455 2920 3460 ¹

1734 3481 1897 3526 anno
1925 3465 2066 3539 986,
2091 3466 2160 3527 ad
2192 3465 2555 3542 dignitatem
2600 3449 2880 3537 episcopalem
2919 3463 2920 3474 ¹

1734 3546 1953 3607 erexit.
2009 3547 2116 3606 Ast
2164 3547 2238 3606 de
2281 3546 2344 3607 S.
2376 3544 2675 3612 Gaudioso,
2708 3534 2879 3614 Salem·

1736 3630 1874 3685 tauo
1897 3625 2211 3704 Episcopo,
2243 3640 2452 3687 omnia
2481 3625 2618 3694 fere,
2639 3621 2744 3678 sive
2760 3617 2878 3679 ortiov

1731 3703 1862 3765 sive
1892 3721 1987 3766 res
2016 3713 2252 3782 gestae,
2282 3706 2415 3765 sive
2442 3712 2597 3766 aetas
2619 3695 2879 3782 spectentur,
2919 3753 2920 3786 ἶ

1733 3794 1838 3844 aut
1870 3786 2102 3860 ignota,
2131 3791 2238 3844 aut
2266 3783 2446 3844 dubia
2470 3791 2624 3843 suut.
2658 3775 2878 3860 Donswsfff
2919 3831 2920 3836 ,

1731 3865 1918 3924 etiam
1980 3864 2259 3925 tenebras
2312 3864 2441 3938 ejus
2509 3863 2654 3924 Actis
2706 3839 2878 3924 offundl⁹

1733 3943 2013 4004 confusio
2044 3958 2182 4005 cum
2211 3952 2418 4004 sancto
2443 3943 2770 4012 homonyme.
2793 3922 2874 4024 Q·

1729 4038 1904 4099 scopo
1934 4023 2216 4084 Africano
2242 4069 2258 4096 ,
2287 4025 2419 4101 qui,
2447 4018 2772 4103 Vandalicam
2796 4010 2875 4087 per·

1729 4104 2106 4163 secutionem
2139 4103 2386 4176 fugiens
2408 4152 2425 4176 ,
2455 4082 2866 4177 Neapolim-vemt

1729 4197 1796 4242 ac
1822 4182 2046 4243 ibidem
2076 4180 2293 4242 Sancto
2326 4182 2450 4243 sine
2472 4169 2867 4259 quievitetssssslffi
2919 4203 2920 4254 ς

1730 4261 1927 4322 cultus
1956 4261 2054 4322 die
2083 4260 2161 4323 28
2181 4261 2448 4323 octobris
2474 4257 2769 4321 celebratur.
2786 4240 2869 4299 Pm-

397 4339 682 4400 drienuio
731 4341 975 4401 circiter
1020 4339 1356 4402 absolvens.
1392 4341 1672 4402 Exeunte
1703 4407 1704 4410 Ἴ
1732 4339 2173 4402 habilissimum
2235 4348 2441 4403 tamen
2495 4339 2721 4400 videtur,
2760 4329 2860 4381 eum.

390 4430 553 4476 anno
585 4418 720 4486 451,
747 4417 1014 4479 Concilio
1034 4434 1140 4480 seu
1170 4423 1503 4482 conventui
1529 4418 1668 4482 Gal·
1692 4410 1706 4519 l
1731 4419 1895 4480 illius
1923 4419 2224 4482 Ecclesiae
2255 4420 2320 4482 in
2373 4421 2524 4481 serie
2555 4405 2859 4491 Episcsslfflffl
