2993 4837
503 298 629 361 486
1005 312 1080 357 na
1128 312 1181 358 s.
1240 312 1590 359 nummo
1640 311 1929 359 ARCHIEP.
1987 312 2363 359 anausim&
2635 292 2806 359 ΠΟΥ.
2855 296 2916 360 it

420 420 552 468 non
625 397 828 487 longo
882 396 1210 484 temporis
1281 396 1682 476 intervallO‚
1752 418 1862 466 rex
1933 396 2349 476 Dermitius,
2423 395 2759 485 adjuncto
2811 397 2926 464 sihi

416 486 743 556 Richardi
821 485 1098 554 Comitis
1168 484 1467 565 auxili0‚
1535 507 1697 554 cum
1772 484 1991 554 multa
2056 485 2434 575 Anglorum
2496 498 2772 554 caterva
2833 485 2932 554 ffi-

416 574 726 644 berniam
796 575 1197 664 ingressuS,
1268 573 1660 642 Dubliniam
1731 596 1982 664 magna
2047 574 2112 642 vi
2169 573 2392 662 cepit,
2457 586 2738 662 captam
2801 596 2932 644 suc·

414 663 645 734 cendit
687 664 865 752 igne,
909 663 1087 732 bona
1134 662 1430 732 civitatis
1485 661 1799 751 diripuit,
1844 675 1909 731 et
1956 662 2272 732 homines
2336 662 2709 732 interfecit.
2754 667 2934 749 Atque

416 753 532 832 ita,
573 751 954 821 secundnm
1022 750 1342 819 vaticinia
1403 751 1528 818 viri
1581 751 1719 831 Dei,
1768 751 1955 822 misit
1993 753 2063 819 in
2112 773 2228 820 eos
2284 751 2458 820 iram
2513 752 2850 821 Dominus
2884 763 2936 820 et

416 841 813 920 vindictam,
858 853 923 909 et
959 839 1254 908 reddidit
1288 838 1426 907 illis
1458 839 1890 925 iniquitatem
1932 861 2198 910 eorum.
2233 845 2483 909 Beatus
2514 855 2760 909 autem
2793 843 2930 908 Lau·

416 931 679 999 rentius
743 931 959 998 instar
1002 927 1399 1008 jeremiae,
1463 930 1651 998 testis
1719 929 1936 997 extitit
1996 929 2246 1019 stragis
2303 928 2548 1018 populi
2600 929 2773 998 sui:
2838 928 2936 996 uhi

414 1021 618 1087 etiam
673 1018 908 1086 multis
956 1017 1240 1085 affectus
1288 1017 1588 1105 injuriis,
1638 1019 1841 1086 rebus
1888 1039 2153 1097 eorum,
2192 1031 2531 1104 quantum
2588 1017 2747 1107 ipse
2781 1029 2940 1106 pote-

415 1122 541 1188 rat,
582 1105 880 1176 defensis
919 1119 984 1174 et
1020 1105 1329 1182 munitis,
1388 1107 1588 1174 morti
1628 1127 1775 1174 sese
1826 1127 1945 1194 pro
1981 1106 2121 1175 illis
2166 1128 2507 1196 exponere
2547 1107 2936 1192 neutiquam

415 1195 829 1264 formidavit.
890 1199 1183 1284 Corpora
1248 1194 1452 1262 etiam
1530 1216 1886 1263 caesorum
1961 1195 2119 1283 pius
2187 1209 2419 1283 pastor
2465 1195 2650 1263 inter
2715 1217 2943 1263 manus

414 1285 716 1353 hostium
767 1283 997 1354 adbuc
1041 1281 1444 1372 palpitantia
1503 1283 1834 1371 rapiebat,
1880 1297 1944 1352 et
1993 1282 2177 1352 velut
2223 1283 2396 1352 alter
2457 1284 2740 1363 TobiaS,
2783 1283 2960 1352 festi·

416 1375 625 1443 nabat
674 1373 1096 1442 Christianae
1151 1371 1414 1440 tradere
1468 1372 1888 1460 sepulturae.
1944 1372 2011 1440 Si
2060 1394 2233 1458 quos
2281 1386 2514 1441 autem
2571 1386 2728 1459 post
2792 1385 2940 1442 stra·

415 1484 567 1552 gem
632 1460 891 1529 invenit
953 1461 1377 1550 superstiteS,
1412 1461 1668 1546 quibus
1719 1473 1979 1548 poterat
2026 1461 2059 1528 f
2187 1460 2494 1540 ltatibuS,
2540 1461 2627 1530 iis
2666 1482 2938 1530 succur-

416 1552 628 1619 rebat.
670 1550 900 1637 Majori
957 1562 1181 1617 tamen
1222 1549 1469 1617 affectu
1508 1548 1905 1618 movebatur
1938 1549 2004 1617 in
2044 1548 2089 1618 il
2206 1604 2221 1629 ‚
2252 1571 2426 1636 quos
2462 1550 2657 1638 prius
2696 1549 2934 1618 viderat

416 1640 733 1708 felicitate
781 1638 1082 1708 uberiori
1134 1638 1395 1716 florere,
1435 1649 1499 1706 et
1548 1638 1775 1707 subito
1807 1638 2115 1724 quidem,
2160 1638 2277 1706 sed
2332 1652 2556 1707 tamen
2592 1639 2796 1726 justo
2845 1637 2934 1704 Dei

406 1728 697 1817 judicio,
739 1728 802 1794 in
856 1748 1202 1796 summam
1259 1727 1608 1800 miseriam
1648 1726 1994 1812 conjectos
2026 1748 2196 1795 esse.
2239 1732 2420 1796 Inter
2451 1728 2691 1795 omnia
2728 1740 2929 1796 autem

417 1815 753 1884 malorum
809 1837 1115 1904 genera‚-
1153 1836 1505 1883 summum
1558 1815 1625 1882 in
1681 1816 1982 1884 miseriis·
2045 1814 2464 1886 infelicitatis
2538 1839 2769 1906 genus
2825 1829 2928 1890 est,

414 1906 627 1974 fuisse
660 1904 949 1972 felicem.
985 1904 1275 1972 Clericos
1308 1916 1676 1991 praeterea,
1703 1916 1936 1972 contra
1971 1903 2305 1993 impetum
2337 1906 2559 1994 gentis
2589 1904 2924 1993 superbae,

410 2016 589 2080 quae
641 1993 981 2062 civitatem
1053 1993 1484 2073 obtinuerat,
1542 1993 1610 2059 in
1662 1993 1809 2062 suis
1859 1992 2026 2060 locis
2088 2016 2488 2082 permanere
2555 2016 2781 2082 posse,
2820 2012 2924 2060 non

415 2083 564 2151 sine
613 2083 883 2170 magnis
936 2080 1259 2170 periculis
1322 2081 1754 2169 impetravit:
1807 2082 2063 2167 quibus
2110 2083 2314 2150 etiam
2369 2082 2584 2151 libros
2645 2095 2710 2151 et
2759 2102 2922 2151 orna·

414 2184 641 2240 menta
683 2170 1007 2239 ecclesiae
1058 2171 1201 2258 ipse
1231 2225 1245 2246 ,
1312 2169 1516 2256 cujus
1566 2169 1765 2239 bonis
1815 2171 2309 2258 temporalibus
2355 2183 2420 2239 et
2467 2168 2920 2241 ecclesiasticis

414 2281 549 2328 non
603 2272 992 2348 pepercerat
1039 2257 1308 2327 hostilis
1371 2258 1748 2344 iniquitas,
1795 2259 2006 2327 immo
2059 2261 2285 2347 potius
2332 2260 2659 2329 universa
2709 2278 2920 2350 rapue-

414 2362 538 2429 rat,
588 2349 688 2417 vel
727 2360 1120 2430 vastaverat,
1163 2346 1535 2436 prudenter
1566 2360 1630 2415 et
1661 2360 1936 2416 strenue
1969 2348 2382 2418 restituenda
2417 2350 2711 2417 curavit.

501 2441 536 2524 ἓ
584 2443 733 2509 19.
788 2438 1097 2520 Quodam
1150 2450 1452 2524 tempore
1502 2438 1603 2505 vir
1645 2439 1882 2506 beatus
1933 2459 2053 2524 pro
2087 2437 2425 2506 Ecclesiae
2460 2461 2628 2507 suae
2664 2434 2918 2529 negotiis

413 2528 479 2593 in
531 2527 838 2617 Angliam
894 2525 1257 2615 profectus,
1297 2525 1382 2593 ad
1435 2530 1683 2612 Regem
1741 2526 2110 2594 Henricum
2148 2526 2329 2594 venit
2376 2528 2814 2596 Cantuariam
2856 2524 2912 2587 *1

413 2615 668 2700 ibique,
708 2628 782 2683 ut
821 2615 1071 2695 decuit,
1112 2625 1475 2700 susceptus
1529 2615 1595 2682 in
1644 2613 1932 2683 ecclesia
1989 2628 2262 2683 sanctae
2319 2615 2675 2684 Trinitatis
2721 2639 2760 2683 a
2802 2634 2916 2682 mo·

414 2703 703 2781 nachi5‚
772 2702 857 2772 ob
931 2703 1361 2792 impetranda
1432 2703 1761 2791 suffragia
1826 2707 1891 2770 S.
1953 2704 2250 2772 Thomae
2298 2703 2580 2792 gloriosi
2638 2698 2914 2790 martyris

411 2791 647 2859 devote
697 2804 1129 2879 pernoctans,
1186 2793 1251 2860 in
1312 2793 1611 2860 crastino
1664 2791 2160 2860 monachorum
2215 2792 2536 2881 precibus
2590 2794 2912 2864 Missarum

413 2879 745 2948 solemnia
779 2880 1120 2949 celebrare
1160 2880 1524 2968 disposuit.
1564 2885 1869 2965 Cumque
1909 2880 2419 2968 pontificalibus
2457 2882 2761 2951 vestibus
2794 2898 2911 2969 pm-

413 2968 726 3036 cessisset
774 2981 1079 3045 ornatus,
1116 2968 1395 3055 quidam
1452 2968 1680 3035 fatuus
1729 2969 2021 3036 audiens
2052 2991 2206 3036 eum
2250 2970 2468 3039 virum
2524 2984 2829 3039 sanctum
2869 2976 2912 3059 et

412 3055 809 3144 religiosum
846 3080 1015 3137 esse,
1061 3057 1361 3145 simplici
1421 3057 1530 3124 sui
1591 3058 1897 3125 fatuitate
1941 3056 2036 3125 vel
2085 3057 2276 3126 fatua
2326 3058 2772 3147 simplicitate
2813 3054 2908 3125 sibl

415 3147 776 3233 persuasit,
817 3168 887 3214 se
940 3159 1113 3215 recte
1153 3160 1215 3214 et
1260 3147 1364 3234 pie
1399 3144 1768 3224 facturum,
1808 3160 1872 3214 et
1925 3147 2226 3234 praemia
2271 3168 2465 3235 posse
2508 3148 2744 3215 divina
2796 3164 2910 3240 pm-

415 3235 708 3314 mereri,
771 3236 824 3303 si
881 3249 1013 3303 tam
1070 3236 1340 3303 beatum
1406 3235 1626 3301 virum
1680 3248 1916 3302 sancto
1978 3234 2272 3303 Thomae
2337 3235 2576 3304 reddat
2630 3248 2909 3322 martyrio

413 3345 671 3423 parem.
711 3330 858 3392 Mox
909 3325 1118 3411 igitur
1164 3324 1380 3391 animi
1421 3323 1530 3391 sui
1578 3335 1988 3411 conceptum
2042 3323 2272 3392 volens
2309 3324 2659 3411 perficere,
2705 3323 2904 3392 susten]

413 3425 756 3501 ingentem
808 3413 1121 3501 arripuit,
1176 3424 1239 3479 et
1290 3433 1408 3500 per
1462 3411 1767 3480 medium
1829 3412 2098 3481 irruens
2166 3412 2497 3501 populum
2553 3413 2623 3481 in
2675 3413 2902 3481 beatum

410 3501 808 3579 antistitem,
866 3502 1020 3569 totis
1071 3500 1332 3568 viribus
1379 3522 1538 3568 eum
1592 3500 1659 3567 in
1719 3500 1942 3588 capite
2000 3501 2357 3588 percussit,
2424 3499 2547 3569 Ille
2597 3523 2750 3570 vero
2794 3517 2902 3588 per·

404 3611 660 3658 cussus
690 3643 704 3665 ,
756 3590 980 3657 statim
1033 3589 1292 3657 corruit
1347 3587 1430 3657 ad
1474 3611 1694 3658 cornu
1744 3589 2003 3667 altaris,
2059 3590 2353 3678 graviter
2400 3590 2811 3658 vulneratus.
2848 3579 2897 3650 ld

410 3676 715 3745 videntes
760 3678 1101 3755 monachi,
1155 3692 1218 3746 et
1271 3699 1511 3746 omnes
1571 3677 1688 3763 qui
1745 3677 2052 3754 aderant,
2113 3699 2272 3746 cum
2338 3678 2553 3747 multo
2601 3678 2816 3746 dolore
2853 3680 2896 3737 el

412 3765 736 3855 lacrymis
788 3767 854 3834 in
908 3767 1147 3836 faciem
1201 3789 1272 3835 se
1323 3777 1858 3854 prostraverunt,
1897 3765 2250 3835 credentes
2293 3767 2682 3854 pontificem
2731 3761 2894 3832 letha·

414 3854 565 3923 liter
598 3855 1051 3923 vulneratum.
1111 3859 1185 3923 At
1234 3855 1333 3923 vir
1367 3867 1646 3923 sanctus
1688 3867 1839 3944 post
1880 3855 2146 3924 brevem
2202 3853 2542 3924 morulam
2595 3855 2788 3923 levato
2815 3869 2891 3916 ca·

414 3944 571 4032 pite,
610 3944 775 4012 dare
823 3944 955 4012 sibi
990 3965 1236 4031 aquam
1277 3944 1342 4011 in
1387 3943 1663 4012 vasculo
1716 3942 2118 4033 postulavit;
2171 3956 2235 4011 et
2269 3966 2477 4034 super
2515 3966 2660 4013 eam
2705 3941 2890 4032 dicens

408 4034 786 4101 orationem
841 4034 1289 4111 Dominicam‚
1338 4054 1627 4119 eamque
1686 4031 2097 4101 benedicens
2146 4033 2345 4121 signo
2394 4045 2662 4102 sanctae
2706 4034 2886 4119 Crucis

411 4122 757 4210 imposito,
816 4121 1026 4190 lavari
1070 4144 1147 4191 ea
1200 4121 1450 4189 vulnus
1499 4121 1745 4210 capitis
1795 4121 2177 4209 imperavit.
2217 4128 2362 4202 Quo
2410 4121 2604 4199 laem,
2653 4120 2878 4187 cessavit
2951 4120 2952 4169 i

410 4210 639 4278 ssuxus
687 4211 1072 4298 sanguinis,
1127 4223 1191 4278 et
1243 4211 1553 4299 protinus
1603 4209 1855 4279 vulnus
1905 4223 2223 4278 sanatum
2267 4222 2408 4279 est:
2448 4211 2670 4295 sicque
2714 4217 2874 4300 sanus

408 4298 711 4376 effectus,
762 4298 1073 4367 inchoata
1110 4299 1471 4367 Missarum
1511 4298 1844 4367 solemnia
1890 4298 2278 4367 celebravit.
2336 4298 2524 4381 Quod
2577 4295 2683 4383 qui
2727 4287 2863 4359 vidit,

463 4418 488 4444 ’⁸
518 4419 801 4469 Canterbmw.
