<?xml version="1.0" encoding="UTF-8"?>
<!DOCTYPE html PUBLIC "-//W3C//DTD XHTML 1.0 Transitional//EN"
    "http://www.w3.org/TR/xhtml1/DTD/xhtml1-transitional.dtd">
<html xmlns="http://www.w3.org/1999/xhtml" xml:lang="en" lang="en">
 <head>
  <title>
</title>
<meta http-equiv="Content-Type" content="text/html;charset=utf-8" />
  <meta name='ocr-system' content='tesseract 3.04.00' />
  <meta name='ocr-capabilities' content='ocr_page ocr_carea ocr_par ocr_line ocrx_word'/>
</head>
<body>
  <div class='ocr_page' id='page_1' title='image "./historiaeseuvit05lippgoog_0629.png"; bbox 0 0 2993 4837; ppageno 0'>
   <div class='ocr_carea' id='block_1_1' title="bbox 29 334 2431 408">
    <p class='ocr_par' dir='ltr' id='par_1_1' title="bbox 29 334 2431 408">
     <span class='ocr_line' id='line_1_1' title="bbox 29 334 2431 408; baseline -0.001 -9"><span class='ocrx_word' id='word_1_1' title='bbox 29 334 162 399; x_wconf 68' lang='lat' dir='ltr'>lOV.</span> <span class='ocrx_word' id='word_1_2' title='bbox 215 334 299 397; x_wconf 73' lang='lat'>⁴9</span> <span class='ocrx_word' id='word_1_3' title='bbox 507 350 585 396; x_wconf 72' lang='lat' dir='ltr'>nn</span> <span class='ocrx_word' id='word_1_4' title='bbox 634 350 689 396; x_wconf 91' lang='lat' dir='ltr'>s.</span> <span class='ocrx_word' id='word_1_5' title='bbox 744 349 1111 408; x_wconf 71' lang='lat' dir='ltr'>nusAna‘m,</span> <span class='ocrx_word' id='word_1_6' title='bbox 1167 348 1346 397; x_wconf 72' lang='lat' dir='ltr'>nasas</span> <span class='ocrx_word' id='word_1_7' title='bbox 1393 348 1761 396; x_wconf 64' lang='lat' dir='ltr'>mmmmm</span> <span class='ocrx_word' id='word_1_8' title='bbox 1808 349 1978 395; x_wconf 59' lang='lat' dir='ltr'>mma</span> <span class='ocrx_word' id='word_1_9' title='bbox 2305 334 2431 398; x_wconf 82' lang='lat'>589</span> 
     </span>
    </p>
   </div>
   <div class='ocr_carea' id='block_1_2' title="bbox 29 433 2619 4521">
    <p class='ocr_par' dir='ltr' id='par_1_2' title="bbox 29 433 2525 1925">
     <span class='ocr_line' id='line_1_2' title="bbox 29 433 2522 524; baseline -0 -19"><span class='ocrx_word' id='word_1_10' title='bbox 29 436 300 505; x_wconf 79' lang='lat' dir='ltr'>lormire.</span> <span class='ocrx_word' id='word_1_11' title='bbox 361 440 447 503; x_wconf 88' lang='lat' dir='ltr'>De</span> <span class='ocrx_word' id='word_1_12' title='bbox 486 456 623 520; x_wconf 86' lang='lat' dir='ltr'>quo</span> <span class='ocrx_word' id='word_1_13' title='bbox 671 434 759 503; x_wconf 90' lang='lat' dir='ltr'>ab</span> <span class='ocrx_word' id='word_1_14' title='bbox 799 433 1071 503; x_wconf 77' lang='lat' dir='ltr'>ancillis</span> <span class='ocrx_word' id='word_1_15' title='bbox 1121 434 1572 524; x_wconf 90' lang='lat' dir='ltr'>reprehensa,</span> <span class='ocrx_word' id='word_1_16' title='bbox 1601 434 2018 503; x_wconf 67' lang='lat' dir='ltr'>‘verentibus</span> <span class='ocrx_word' id='word_1_17' title='bbox 2057 455 2205 503; x_wconf 88' lang='lat' dir='ltr'>eam</span> <span class='ocrx_word' id='word_1_18' title='bbox 2266 435 2522 523; x_wconf 89' lang='lat' dir='ltr'>asperi-</span> 
     </span>
     <span class='ocr_line' id='line_1_3' title="bbox 29 523 2525 613; baseline 0 -20"><span class='ocrx_word' id='word_1_19' title='bbox 29 537 178 594; x_wconf 62' lang='lat' dir='ltr'>tatem</span> <span class='ocrx_word' id='word_1_20' title='bbox 222 524 400 592; x_wconf 91' lang='lat' dir='ltr'>male</span> <span class='ocrx_word' id='word_1_21' title='bbox 433 523 806 610; x_wconf 89' lang='lat' dir='ltr'>aliquando</span> <span class='ocrx_word' id='word_1_22' title='bbox 850 544 1228 602; x_wconf 74' lang='lat' dir='ltr'>cessuram,</span> <span class='ocrx_word' id='word_1_23' title='bbox 1277 523 1626 613; x_wconf 78' lang='lat' dir='ltr'>respondit</span> <span class='ocrx_word' id='word_1_24' title='bbox 1664 523 1918 613; x_wconf 84' lang='lat' dir='ltr'>duplex</span> <span class='ocrx_word' id='word_1_25' title='bbox 1958 546 2036 592; x_wconf 91' lang='lat' dir='ltr'>ea</span> <span class='ocrx_word' id='word_1_26' title='bbox 2075 523 2525 613; x_wconf 75' lang='lat' dir='ltr'>castigatione</span> 
     </span>
     <span class='ocr_line' id='line_1_4' title="bbox 30 612 2517 702; baseline 0.002 -27"><span class='ocrx_word' id='word_1_27' title='bbox 30 616 245 682; x_wconf 81' lang='lat' dir='ltr'>lucrum</span> <span class='ocrx_word' id='word_1_28' title='bbox 284 613 418 683; x_wconf 83' lang='lat' dir='ltr'><strong>sibi</strong></span> <span class='ocrx_word' id='word_1_29' title='bbox 470 612 847 702; x_wconf 86' lang='lat' dir='ltr'>provenire,</span> <span class='ocrx_word' id='word_1_30' title='bbox 887 612 1068 698; x_wconf 91' lang='lat' dir='ltr'>quod</span> <span class='ocrx_word' id='word_1_31' title='bbox 1108 612 1261 682; x_wconf 92' lang='lat' dir='ltr'>lecti</span> <span class='ocrx_word' id='word_1_32' title='bbox 1305 612 1661 681; x_wconf 89' lang='lat' dir='ltr'>mollitiem</span> <span class='ocrx_word' id='word_1_33' title='bbox 1702 612 2157 701; x_wconf 80' lang='lat' dir='ltr'>posthaberet,</span> <span class='ocrx_word' id='word_1_34' title='bbox 2197 612 2380 698; x_wconf 92' lang='lat' dir='ltr'>quod</span> <span class='ocrx_word' id='word_1_35' title='bbox 2417 613 2517 680; x_wconf 90' lang='lat' dir='ltr'>vi-</span> 
     </span>
     <span class='ocr_line' id='line_1_5' title="bbox 29 700 2517 771; baseline 0.001 -4"><span class='ocrx_word' id='word_1_36' title='bbox 29 703 99 771; x_wconf 58' lang='lat' dir='ltr'>eili</span> <span class='ocrx_word' id='word_1_37' title='bbox 128 713 439 771; x_wconf 89' lang='lat' dir='ltr'>contactu</span> <span class='ocrx_word' id='word_1_38' title='bbox 472 702 883 770; x_wconf 78' lang='lat' dir='ltr'><strong>abstineret:</strong></span> <span class='ocrx_word' id='word_1_39' title='bbox 921 702 1013 770; x_wconf 91' lang='lat' dir='ltr'>ita</span> <span class='ocrx_word' id='word_1_40' title='bbox 1043 702 1223 769; x_wconf 86' lang='lat' dir='ltr'>enim</span> <span class='ocrx_word' id='word_1_41' title='bbox 1268 723 1553 770; x_wconf 83' lang='lat' dir='ltr'>vacuam</span> <span class='ocrx_word' id='word_1_42' title='bbox 1595 700 1992 770; x_wconf 88' lang='lat' dir='ltr'>carnalibus</span> <span class='ocrx_word' id='word_1_43' title='bbox 2027 702 2294 770; x_wconf 90' lang='lat' dir='ltr'>deliciis</span> <span class='ocrx_word' id='word_1_44' title='bbox 2326 723 2517 769; x_wconf 88' lang='lat' dir='ltr'>men-</span> 
     </span>
     <span class='ocr_line' id='line_1_6' title="bbox 29 789 2514 882; baseline 0 -24"><span class='ocrx_word' id='word_1_45' title='bbox 29 812 140 871; x_wconf 73' lang='lat' dir='ltr'>2em,</span> <span class='ocrx_word' id='word_1_46' title='bbox 190 790 598 862; x_wconf 88' lang='lat' dir='ltr'>coelestibus</span> <span class='ocrx_word' id='word_1_47' title='bbox 646 790 921 859; x_wconf 82' lang='lat' dir='ltr'>facilius</span> <span class='ocrx_word' id='word_1_48' title='bbox 969 790 1213 880; x_wconf 89' lang='lat' dir='ltr'>aptari.</span> <span class='ocrx_word' id='word_1_49' title='bbox 1282 790 1710 872; x_wconf 76' lang='lat' dir='ltr'>Querebatur</span> <span class='ocrx_word' id='word_1_50' title='bbox 1758 789 2102 859; x_wconf 89' lang='lat' dir='ltr'>interdum</span> <span class='ocrx_word' id='word_1_51' title='bbox 2167 790 2514 882; x_wconf 83' lang='lat' dir='ltr'>indignio-</span> 
     </span>
     <span class='ocr_line' id='line_1_7' title="bbox 29 878 2509 968; baseline -0.001 -22"><span class='ocrx_word' id='word_1_52' title='bbox 29 901 124 947; x_wconf 85' lang='lat' dir='ltr'>·em</span> <span class='ocrx_word' id='word_1_53' title='bbox 172 902 311 948; x_wconf 90' lang='lat' dir='ltr'>sese</span> <span class='ocrx_word' id='word_1_54' title='bbox 365 879 580 948; x_wconf 78' lang='lat' dir='ltr'>fuisse</span> <span class='ocrx_word' id='word_1_55' title='bbox 612 934 626 958; x_wconf 94' lang='lat'>,</span> <span class='ocrx_word' id='word_1_56' title='bbox 684 901 891 966; x_wconf 88' lang='lat' dir='ltr'>quarn</span> <span class='ocrx_word' id='word_1_57' title='bbox 945 892 1020 949; x_wconf 91' lang='lat' dir='ltr'>ut</span> <span class='ocrx_word' id='word_1_58' title='bbox 1068 901 1265 948; x_wconf 87' lang='lat' dir='ltr'>suam</span> <span class='ocrx_word' id='word_1_59' title='bbox 1320 880 1583 948; x_wconf 88' lang='lat' dir='ltr'>Christo</span> <span class='ocrx_word' id='word_1_60' title='bbox 1632 879 2085 968; x_wconf 87' lang='lat' dir='ltr'>virginitatem</span> <span class='ocrx_word' id='word_1_61' title='bbox 2139 878 2509 949; x_wconf 76' lang='lat' dir='ltr'>dedicaret.</span> 
     </span>
     <span class='ocr_line' id='line_1_8' title="bbox 29 966 2521 1057; baseline 0 -22"><span class='ocrx_word' id='word_1_62' title='bbox 29 973 117 1036; x_wconf 65' lang='lat' dir='ltr'>lec</span> <span class='ocrx_word' id='word_1_63' title='bbox 159 980 373 1037; x_wconf 88' lang='lat' dir='ltr'>tamen</span> <span class='ocrx_word' id='word_1_64' title='bbox 418 970 506 1037; x_wconf 94' lang='lat' dir='ltr'>ob</span> <span class='ocrx_word' id='word_1_65' title='bbox 556 969 686 1037; x_wconf 93' lang='lat' dir='ltr'>hoc</span> <span class='ocrx_word' id='word_1_66' title='bbox 729 969 1043 1056; x_wconf 83' lang='lat' dir='ltr'>segniore</span> <span class='ocrx_word' id='word_1_67' title='bbox 1091 968 1413 1035; x_wconf 89' lang='lat' dir='ltr'>maritum</span> <span class='ocrx_word' id='word_1_68' title='bbox 1458 966 1825 1035; x_wconf 81' lang='lat' dir='ltr'>dilectione</span> <span class='ocrx_word' id='word_1_69' title='bbox 1875 980 2234 1057; x_wconf 88' lang='lat' dir='ltr'>prosecuta</span> <span class='ocrx_word' id='word_1_70' title='bbox 2281 982 2426 1037; x_wconf 90' lang='lat' dir='ltr'>est:</span> <span class='ocrx_word' id='word_1_71' title='bbox 2481 991 2521 1036; x_wconf 88' lang='lat' dir='ltr'>a</span> 
     </span>
     <span class='ocr_line' id='line_1_9' title="bbox 30 1055 2513 1147; baseline 0.001 -24"><span class='ocrx_word' id='word_1_72' title='bbox 30 1078 124 1142; x_wconf 72' lang='lat' dir='ltr'>{uo</span> <span class='ocrx_word' id='word_1_73' title='bbox 177 1058 370 1126; x_wconf 88' lang='lat' dir='ltr'>etiam</span> <span class='ocrx_word' id='word_1_74' title='bbox 442 1057 677 1144; x_wconf 89' lang='lat' dir='ltr'>aliquo</span> <span class='ocrx_word' id='word_1_75' title='bbox 745 1057 1267 1146; x_wconf 84' lang='lat' dir='ltr'>proficiscente,</span> <span class='ocrx_word' id='word_1_76' title='bbox 1336 1078 1471 1124; x_wconf 92' lang='lat' dir='ltr'>non</span> <span class='ocrx_word' id='word_1_77' title='bbox 1535 1055 1734 1125; x_wconf 90' lang='lat' dir='ltr'>facile</span> <span class='ocrx_word' id='word_1_78' title='bbox 1787 1057 2024 1126; x_wconf 89' lang='lat' dir='ltr'>abesse</span> <span class='ocrx_word' id='word_1_79' title='bbox 2080 1057 2513 1147; x_wconf 90' lang='lat' dir='ltr'>patiebatur,</span> 
     </span>
     <span class='ocr_line' id='line_1_10' title="bbox 30 1145 2520 1247; baseline 0 -34"><span class='ocrx_word' id='word_1_80' title='bbox 30 1146 285 1230; x_wconf 64' lang='lat' dir='ltr'>luamvis</span> <span class='ocrx_word' id='word_1_81' title='bbox 328 1145 539 1214; x_wconf 81' lang='lat' dir='ltr'>tellus</span> <span class='ocrx_word' id='word_1_82' title='bbox 588 1158 705 1214; x_wconf 86' lang='lat' dir='ltr'>aut</span> <span class='ocrx_word' id='word_1_83' title='bbox 753 1146 913 1236; x_wconf 83' lang='lat' dir='ltr'>gelu</span> <span class='ocrx_word' id='word_1_84' title='bbox 962 1145 1485 1226; x_wconf 75' lang='lat' dir='ltr'>inhorresceret,</span> <span class='ocrx_word' id='word_1_85' title='bbox 1532 1157 1650 1214; x_wconf 89' lang='lat' dir='ltr'>aut</span> <span class='ocrx_word' id='word_1_86' title='bbox 1690 1145 1966 1214; x_wconf 89' lang='lat' dir='ltr'>nivibus</span> <span class='ocrx_word' id='word_1_87' title='bbox 2004 1159 2360 1247; x_wconf 78' lang='lat' dir='ltr'>tegeretur,</span> <span class='ocrx_word' id='word_1_88' title='bbox 2401 1156 2520 1214; x_wconf 89' lang='lat' dir='ltr'>aut</span> 
     </span>
     <span class='ocr_line' id='line_1_11' title="bbox 34 1234 2522 1325; baseline 0.002 -28"><span class='ocrx_word' id='word_1_89' title='bbox 34 1234 362 1304; x_wconf 16' lang='lat' dir='ltr'>immodicis</span> <span class='ocrx_word' id='word_1_90' title='bbox 396 1234 746 1304; x_wconf 89' lang='lat' dir='ltr'>caloribus</span> <span class='ocrx_word' id='word_1_91' title='bbox 780 1234 1140 1313; x_wconf 83' lang='lat' dir='ltr'>fatisceret,</span> <span class='ocrx_word' id='word_1_92' title='bbox 1192 1247 1312 1303; x_wconf 92' lang='lat' dir='ltr'>aut</span> <span class='ocrx_word' id='word_1_93' title='bbox 1360 1234 1690 1303; x_wconf 91' lang='lat' dir='ltr'>imbrium</span> <span class='ocrx_word' id='word_1_94' title='bbox 1731 1234 2089 1325; x_wconf 81' lang='lat' dir='ltr'>praecipiu</span> <span class='ocrx_word' id='word_1_95' title='bbox 2126 1234 2325 1323; x_wconf 91' lang='lat' dir='ltr'>lapsu</span> <span class='ocrx_word' id='word_1_96' title='bbox 2377 1256 2522 1302; x_wconf 85' lang='lat' dir='ltr'>ma-</span> 
     </span>
     <span class='ocr_line' id='line_1_12' title="bbox 34 1319 2516 1414; baseline 0.001 -27"><span class='ocrx_word' id='word_1_97' title='bbox 34 1319 192 1389; x_wconf 72' lang='lat' dir='ltr'>ieret.</span> <span class='ocrx_word' id='word_1_98' title='bbox 238 1324 575 1393; x_wconf 86' lang='lat' dir='ltr'>Nimirum</span> <span class='ocrx_word' id='word_1_99' title='bbox 627 1323 1003 1405; x_wconf 90' lang='lat' dir='ltr'>didicerat,</span> <span class='ocrx_word' id='word_1_100' title='bbox 1058 1323 1177 1391; x_wconf 91' lang='lat' dir='ltr'>illo</span> <span class='ocrx_word' id='word_1_101' title='bbox 1231 1336 1582 1411; x_wconf 83' lang='lat' dir='ltr'>praesente</span> <span class='ocrx_word' id='word_1_102' title='bbox 1632 1335 1768 1393; x_wconf 89' lang='lat' dir='ltr'>tam</span> <span class='ocrx_word' id='word_1_103' title='bbox 1823 1324 1891 1391; x_wconf 92' lang='lat' dir='ltr'>in</span> <span class='ocrx_word' id='word_1_104' title='bbox 1944 1323 2246 1414; x_wconf 86' lang='lat' dir='ltr'>vigiliis,</span> <span class='ocrx_word' id='word_1_105' title='bbox 2310 1343 2516 1408; x_wconf 88' lang='lat' dir='ltr'>quarn</span> 
     </span>
     <span class='ocr_line' id='line_1_13' title="bbox 37 1410 2523 1497; baseline 0.002 -23"><span class='ocrx_word' id='word_1_106' title='bbox 37 1410 81 1475; x_wconf 76' lang='lat' dir='ltr'>in</span> <span class='ocrx_word' id='word_1_107' title='bbox 124 1414 437 1497; x_wconf 82' lang='lat' dir='ltr'>precibuS‚</span> <span class='ocrx_word' id='word_1_108' title='bbox 496 1412 667 1480; x_wconf 87' lang='lat' dir='ltr'>nihil</span> <span class='ocrx_word' id='word_1_109' title='bbox 719 1434 789 1481; x_wconf 88' lang='lat' dir='ltr'>se</span> <span class='ocrx_word' id='word_1_110' title='bbox 841 1412 1081 1479; x_wconf 83' lang='lat' dir='ltr'>damni</span> <span class='ocrx_word' id='word_1_111' title='bbox 1122 1411 1365 1481; x_wconf 87' lang='lat' dir='ltr'>facere.</span> <span class='ocrx_word' id='word_1_112' title='bbox 1411 1413 1695 1481; x_wconf 82' lang='lat' dir='ltr'>Arctiori</span> <span class='ocrx_word' id='word_1_113' title='bbox 1735 1411 1982 1480; x_wconf 91' lang='lat' dir='ltr'>deinde</span> <span class='ocrx_word' id='word_1_114' title='bbox 2032 1424 2243 1482; x_wconf 89' lang='lat' dir='ltr'>semet</span> <span class='ocrx_word' id='word_1_115' title='bbox 2290 1411 2523 1480; x_wconf 91' lang='lat' dir='ltr'>obser-</span> 
     </span>
     <span class='ocr_line' id='line_1_14' title="bbox 39 1499 2519 1594; baseline 0.002 -32"><span class='ocrx_word' id='word_1_116' title='bbox 39 1500 227 1567; x_wconf 75' lang='lat' dir='ltr'>rationi</span> <span class='ocrx_word' id='word_1_117' title='bbox 260 1500 541 1582; x_wconf 79' lang='lat' dir='ltr'>dedenS,</span> <span class='ocrx_word' id='word_1_118' title='bbox 582 1512 1070 1594; x_wconf 57' lang='lat' dir='ltr'>sexto-quoque</span> <span class='ocrx_word' id='word_1_119' title='bbox 1103 1499 1554 1570; x_wconf 85' lang='lat' dir='ltr'>hebdomadis</span> <span class='ocrx_word' id='word_1_120' title='bbox 1588 1501 1698 1570; x_wconf 92' lang='lat' dir='ltr'>die</span> <span class='ocrx_word' id='word_1_121' title='bbox 1734 1502 2082 1590; x_wconf 80' lang='lat' dir='ltr'>virgarum</span> <span class='ocrx_word' id='word_1_122' title='bbox 2118 1501 2414 1591; x_wconf 84' lang='lat' dir='ltr'>flagellis</span> <span class='ocrx_word' id='word_1_123' title='bbox 2449 1500 2519 1568; x_wconf 91' lang='lat' dir='ltr'>in</span> 
     </span>
     <span class='ocr_line' id='line_1_15' title="bbox 43 1588 2522 1679; baseline 0.001 -26"><span class='ocrx_word' id='word_1_124' title='bbox 43 1606 282 1656; x_wconf 82' lang='lat' dir='ltr'>enerurn</span> <span class='ocrx_word' id='word_1_125' title='bbox 331 1611 587 1679; x_wconf 87' lang='lat' dir='ltr'>corpus</span> <span class='ocrx_word' id='word_1_126' title='bbox 626 1589 1231 1658; x_wconf 86' lang='lat' dir='ltr'>animadvertebat.</span> <span class='ocrx_word' id='word_1_127' title='bbox 1287 1590 1526 1658; x_wconf 92' lang='lat' dir='ltr'>Itidem</span> <span class='ocrx_word' id='word_1_128' title='bbox 1582 1590 1647 1657; x_wconf 93' lang='lat' dir='ltr'>in</span> <span class='ocrx_word' id='word_1_129' title='bbox 1685 1588 2252 1679; x_wconf 84' lang='lat' dir='ltr'>Quadragesima‚</span> <span class='ocrx_word' id='word_1_130' title='bbox 2301 1612 2380 1657; x_wconf 93' lang='lat' dir='ltr'>ac</span> <span class='ocrx_word' id='word_1_131' title='bbox 2417 1589 2522 1656; x_wconf 91' lang='lat' dir='ltr'>in-</span> 
     </span>
     <span class='ocr_line' id='line_1_16' title="bbox 48 1676 2522 1768; baseline 0.002 -28"><span class='ocrx_word' id='word_1_132' title='bbox 48 1676 245 1744; x_wconf 88' lang='lat' dir='ltr'>erdum</span> <span class='ocrx_word' id='word_1_133' title='bbox 296 1692 500 1748; x_wconf 88' lang='lat' dir='ltr'>noctu</span> <span class='ocrx_word' id='word_1_134' title='bbox 533 1732 549 1758; x_wconf 90' lang='lat'>,</span> <span class='ocrx_word' id='word_1_135' title='bbox 594 1701 752 1748; x_wconf 92' lang='lat' dir='ltr'>cum</span> <span class='ocrx_word' id='word_1_136' title='bbox 813 1679 894 1746; x_wconf 90' lang='lat' dir='ltr'>ad</span> <span class='ocrx_word' id='word_1_137' title='bbox 943 1677 1361 1768; x_wconf 88' lang='lat' dir='ltr'>precandum</span> <span class='ocrx_word' id='word_1_138' title='bbox 1405 1678 1810 1747; x_wconf 86' lang='lat' dir='ltr'>surrexisset</span> <span class='ocrx_word' id='word_1_139' title='bbox 1840 1734 1854 1759; x_wconf 92' lang='lat'>‚</span> <span class='ocrx_word' id='word_1_140' title='bbox 1909 1678 2320 1749; x_wconf 88' lang='lat' dir='ltr'>ancillarum</span> <span class='ocrx_word' id='word_1_141' title='bbox 2364 1701 2398 1746; x_wconf 91' lang='lat' dir='ltr'>a</span> <span class='ocrx_word' id='word_1_142' title='bbox 2456 1699 2522 1745; x_wconf 93' lang='lat' dir='ltr'>e-</span> 
     </span>
     <span class='ocr_line' id='line_1_17' title="bbox 46 1766 2523 1855; baseline 0.002 -25"><span class='ocrx_word' id='word_1_143' title='bbox 46 1776 192 1833; x_wconf 76' lang='lat' dir='ltr'>)atur</span> <span class='ocrx_word' id='word_1_144' title='bbox 215 1767 607 1845; x_wconf 88' lang='lat' dir='ltr'>ministerio,</span> <span class='ocrx_word' id='word_1_145' title='bbox 647 1789 806 1835; x_wconf 89' lang='lat' dir='ltr'>cum</span> <span class='ocrx_word' id='word_1_146' title='bbox 838 1769 1090 1836; x_wconf 88' lang='lat' dir='ltr'>interea</span> <span class='ocrx_word' id='word_1_147' title='bbox 1117 1767 1420 1837; x_wconf 91' lang='lat' dir='ltr'>dolorem</span> <span class='ocrx_word' id='word_1_148' title='bbox 1458 1768 1608 1855; x_wconf 88' lang='lat' dir='ltr'>ipsa</span> <span class='ocrx_word' id='word_1_149' title='bbox 1639 1766 1849 1836; x_wconf 87' lang='lat' dir='ltr'>veluti</span> <span class='ocrx_word' id='word_1_150' title='bbox 1884 1790 2017 1837; x_wconf 92' lang='lat' dir='ltr'>non</span> <span class='ocrx_word' id='word_1_151' title='bbox 2053 1768 2355 1836; x_wconf 88' lang='lat' dir='ltr'>sentiens</span> <span class='ocrx_word' id='word_1_152' title='bbox 2382 1789 2416 1834; x_wconf 91' lang='lat' dir='ltr'>a</span> <span class='ocrx_word' id='word_1_153' title='bbox 2453 1788 2523 1834; x_wconf 88' lang='lat' dir='ltr'>a·</span> 
     </span>
     <span class='ocr_line' id='line_1_18' title="bbox 44 1853 1082 1925; baseline 0.007 -8"><span class='ocrx_word' id='word_1_154' title='bbox 44 1853 221 1921; x_wconf 82' lang='lat' dir='ltr'>:ritate</span> <span class='ocrx_word' id='word_1_155' title='bbox 254 1856 549 1925; x_wconf 90' lang='lat' dir='ltr'>mirabili</span> <span class='ocrx_word' id='word_1_156' title='bbox 591 1855 1082 1925; x_wconf 88' lang='lat' dir='ltr'>dissimularet.</span> 
     </span>
    </p>

    <p class='ocr_par' dir='ltr' id='par_1_3' title="bbox 44 1942 2619 4521">
     <span class='ocr_line' id='line_1_19' title="bbox 99 1942 2523 2034; baseline -0.001 -21"><span class='ocrx_word' id='word_1_157' title='bbox 99 1942 248 2026; x_wconf 69' lang='grc' dir='ltr'>ἓθ.</span> <span class='ocrx_word' id='word_1_158' title='bbox 298 1951 416 2014; x_wconf 87' lang='lat' dir='ltr'>Per</span> <span class='ocrx_word' id='word_1_159' title='bbox 458 1945 637 2012; x_wconf 89' lang='lat' dir='ltr'>idem</span> <span class='ocrx_word' id='word_1_160' title='bbox 692 1957 964 2034; x_wconf 89' lang='lat' dir='ltr'>tempus</span> <span class='ocrx_word' id='word_1_161' title='bbox 1013 1943 1331 2013; x_wconf 87' lang='lat' dir='ltr'>sacerdos</span> <span class='ocrx_word' id='word_1_162' title='bbox 1381 1944 1625 2013; x_wconf 89' lang='lat' dir='ltr'>Christi</span> <span class='ocrx_word' id='word_1_163' title='bbox 1677 1943 2029 2012; x_wconf 90' lang='lat' dir='ltr'>Conradus</span> <span class='ocrx_word' id='word_1_164' title='bbox 2081 1948 2523 2033; x_wconf 84' lang='lat' dir='ltr'>Marpurgen-</span> 
     </span>
     <span class='ocr_line' id='line_1_20' title="bbox 44 2028 2521 2121; baseline 0.003 -29"><span class='ocrx_word' id='word_1_165' title='bbox 44 2028 127 2108; x_wconf 64' lang='grc' dir='ltr'>εἰς,</span> <span class='ocrx_word' id='word_1_166' title='bbox 171 2031 286 2100; x_wconf 88' lang='lat' dir='ltr'>vita</span> <span class='ocrx_word' id='word_1_167' title='bbox 331 2046 393 2101; x_wconf 90' lang='lat' dir='ltr'>et</span> <span class='ocrx_word' id='word_1_168' title='bbox 438 2033 829 2102; x_wconf 89' lang='lat' dir='ltr'>eruditione</span> <span class='ocrx_word' id='word_1_169' title='bbox 880 2032 1273 2121; x_wconf 88' lang='lat' dir='ltr'>praeclarus</span> <span class='ocrx_word' id='word_1_170' title='bbox 1337 2032 1488 2101; x_wconf 89' lang='lat' dir='ltr'>fuit.</span> <span class='ocrx_word' id='word_1_171' title='bbox 1545 2037 1610 2101; x_wconf 92' lang='lat' dir='ltr'>Is</span> <span class='ocrx_word' id='word_1_172' title='bbox 1675 2031 1851 2101; x_wconf 85' lang='lat' dir='ltr'>facta</span> <span class='ocrx_word' id='word_1_173' title='bbox 1914 2031 2048 2101; x_wconf 87' lang='lat' dir='ltr'>sibi</span> <span class='ocrx_word' id='word_1_174' title='bbox 2109 2054 2148 2100; x_wconf 88' lang='lat' dir='ltr'>a</span> <span class='ocrx_word' id='word_1_175' title='bbox 2198 2033 2521 2102; x_wconf 82' lang='lat' dir='ltr'>Pontifice</span> 
     </span>
     <span class='ocr_line' id='line_1_21' title="bbox 45 2118 2526 2212; baseline 0.003 -30"><span class='ocrx_word' id='word_1_176' title='bbox 45 2118 282 2191; x_wconf 78' lang='lat' dir='ltr'>maximo</span> <span class='ocrx_word' id='word_1_177' title='bbox 327 2133 681 2212; x_wconf 86' lang='lat' dir='ltr'>potestate,</span> <span class='ocrx_word' id='word_1_178' title='bbox 723 2121 1003 2191; x_wconf 89' lang='lat' dir='ltr'>verbum</span> <span class='ocrx_word' id='word_1_179' title='bbox 1050 2122 1161 2189; x_wconf 88' lang='lat' dir='ltr'>Dei</span> <span class='ocrx_word' id='word_1_180' title='bbox 1214 2143 1334 2211; x_wconf 93' lang='lat' dir='ltr'>per</span> <span class='ocrx_word' id='word_1_181' title='bbox 1380 2121 1800 2190; x_wconf 84' lang='lat' dir='ltr'>Alemaniam</span> <span class='ocrx_word' id='word_1_182' title='bbox 1855 2120 2322 2211; x_wconf 88' lang='lat' dir='ltr'>praedicandi,</span> <span class='ocrx_word' id='word_1_183' title='bbox 2357 2120 2526 2189; x_wconf 90' lang='lat' dir='ltr'>adeo</span> 
     </span>
     <span class='ocr_line' id='line_1_22' title="bbox 45 2201 2526 2300; baseline 0.003 -32"><span class='ocrx_word' id='word_1_184' title='bbox 45 2201 367 2279; x_wconf 82' lang='lat' dir='ltr'>dexteritate</span> <span class='ocrx_word' id='word_1_185' title='bbox 416 2212 676 2300; x_wconf 89' lang='lat' dir='ltr'>pariter</span> <span class='ocrx_word' id='word_1_186' title='bbox 704 2223 768 2279; x_wconf 90' lang='lat' dir='ltr'>et</span> <span class='ocrx_word' id='word_1_187' title='bbox 814 2210 1217 2279; x_wconf 89' lang='lat' dir='ltr'>auctoritate</span> <span class='ocrx_word' id='word_1_188' title='bbox 1251 2209 1709 2280; x_wconf 88' lang='lat' dir='ltr'>concionandi</span> <span class='ocrx_word' id='word_1_189' title='bbox 1744 2210 1979 2291; x_wconf 90' lang='lat' dir='ltr'>valuit,</span> <span class='ocrx_word' id='word_1_190' title='bbox 2010 2222 2086 2279; x_wconf 90' lang='lat' dir='ltr'>ut</span> <span class='ocrx_word' id='word_1_191' title='bbox 2122 2231 2251 2278; x_wconf 92' lang='lat' dir='ltr'>non</span> <span class='ocrx_word' id='word_1_192' title='bbox 2293 2210 2526 2277; x_wconf 88' lang='lat' dir='ltr'>minus</span> 
     </span>
     <span class='ocr_line' id='line_1_23' title="bbox 50 2296 2523 2389; baseline 0.004 -35"><span class='ocrx_word' id='word_1_193' title='bbox 50 2296 328 2367; x_wconf 77' lang='lat' dir='ltr'>severitate</span> <span class='ocrx_word' id='word_1_194' title='bbox 361 2299 654 2369; x_wconf 85' lang='lat' dir='ltr'>rebelles</span> <span class='ocrx_word' id='word_1_195' title='bbox 695 2311 1179 2389; x_wconf 86' lang='lat' dir='ltr'>compesceret,</span> <span class='ocrx_word' id='word_1_196' title='bbox 1215 2321 1422 2385; x_wconf 89' lang='lat' dir='ltr'>quam</span> <span class='ocrx_word' id='word_1_197' title='bbox 1459 2299 1675 2368; x_wconf 88' lang='lat' dir='ltr'>bonos</span> <span class='ocrx_word' id='word_1_198' title='bbox 1710 2299 2011 2367; x_wconf 90' lang='lat' dir='ltr'>alliceret</span> <span class='ocrx_word' id='word_1_199' title='bbox 2052 2299 2523 2383; x_wconf 86' lang='lat' dir='ltr'>animaretque</span> 
     </span>
     <span class='ocr_line' id='line_1_24' title="bbox 53 2384 2523 2477; baseline 0.004 -31"><span class='ocrx_word' id='word_1_200' title='bbox 53 2384 319 2477; x_wconf 73' lang='lat' dir='ltr'>comitate.</span> <span class='ocrx_word' id='word_1_201' title='bbox 375 2389 615 2458; x_wconf 89' lang='lat' dir='ltr'>Verbis</span> <span class='ocrx_word' id='word_1_202' title='bbox 668 2388 798 2457; x_wconf 87' lang='lat' dir='ltr'>vita</span> <span class='ocrx_word' id='word_1_203' title='bbox 864 2388 1288 2458; x_wconf 83' lang='lat' dir='ltr'>adamussim</span> <span class='ocrx_word' id='word_1_204' title='bbox 1363 2388 1839 2476; x_wconf 89' lang='lat' dir='ltr'>respondebat.</span> <span class='ocrx_word' id='word_1_205' title='bbox 1911 2393 2066 2457; x_wconf 90' lang='lat' dir='ltr'>Erat</span> <span class='ocrx_word' id='word_1_206' title='bbox 2111 2386 2295 2456; x_wconf 90' lang='lat' dir='ltr'>enim</span> <span class='ocrx_word' id='word_1_207' title='bbox 2347 2385 2523 2455; x_wconf 90' lang='lat' dir='ltr'>divi-</span> 
     </span>
     <span class='ocr_line' id='line_1_25' title="bbox 49 2476 2530 2567; baseline 0.005 -35"><span class='ocrx_word' id='word_1_208' title='bbox 49 2479 240 2544; x_wconf 79' lang='lat' dir='ltr'>uarum</span> <span class='ocrx_word' id='word_1_209' title='bbox 289 2490 350 2546; x_wconf 90' lang='lat' dir='ltr'>et</span> <span class='ocrx_word' id='word_1_210' title='bbox 407 2477 811 2547; x_wconf 89' lang='lat' dir='ltr'>ambitionis</span> <span class='ocrx_word' id='word_1_211' title='bbox 861 2489 1289 2567; x_wconf 89' lang='lat' dir='ltr'>contemptor</span> <span class='ocrx_word' id='word_1_212' title='bbox 1320 2532 1334 2558; x_wconf 89' lang='lat'>,</span> <span class='ocrx_word' id='word_1_213' title='bbox 1390 2477 1744 2566; x_wconf 85' lang='lat' dir='ltr'>religionis</span> <span class='ocrx_word' id='word_1_214' title='bbox 1793 2477 2215 2547; x_wconf 85' lang='lat' dir='ltr'>Christianae</span> <span class='ocrx_word' id='word_1_215' title='bbox 2277 2476 2530 2544; x_wconf 91' lang='lat' dir='ltr'>ardens</span> 
     </span>
     <span class='ocr_line' id='line_1_26' title="bbox 44 2556 2530 2656; baseline 0.003 -32"><span class='ocrx_word' id='word_1_216' title='bbox 44 2556 258 2653; x_wconf 64' lang='lat' dir='ltr'>7elator‚</span> <span class='ocrx_word' id='word_1_217' title='bbox 329 2566 827 2635; x_wconf 87' lang='lat' dir='ltr'>haereticorum</span> <span class='ocrx_word' id='word_1_218' title='bbox 902 2567 1115 2634; x_wconf 88' lang='lat' dir='ltr'>hostis</span> <span class='ocrx_word' id='word_1_219' title='bbox 1168 2588 1247 2634; x_wconf 90' lang='lat' dir='ltr'>ac</span> <span class='ocrx_word' id='word_1_220' title='bbox 1318 2566 1763 2656; x_wconf 85' lang='lat' dir='ltr'>impugnator</span> <span class='ocrx_word' id='word_1_221' title='bbox 1817 2567 2221 2636; x_wconf 78' lang='lat' dir='ltr'>acerrimus,</span> <span class='ocrx_word' id='word_1_222' title='bbox 2304 2563 2530 2633; x_wconf 81' lang='lat' dir='ltr'>Eccle-</span> 
     </span>
     <span class='ocr_line' id='line_1_27' title="bbox 46 2650 2529 2743; baseline 0.005 -34"><span class='ocrx_word' id='word_1_223' title='bbox 46 2650 266 2720; x_wconf 74' lang='lat' dir='ltr'>siastica</span> <span class='ocrx_word' id='word_1_224' title='bbox 296 2654 471 2725; x_wconf 92' lang='lat' dir='ltr'>bona</span> <span class='ocrx_word' id='word_1_225' title='bbox 525 2676 747 2741; x_wconf 89' lang='lat' dir='ltr'>neque</span> <span class='ocrx_word' id='word_1_226' title='bbox 798 2677 915 2743; x_wconf 92' lang='lat' dir='ltr'>per</span> <span class='ocrx_word' id='word_1_227' title='bbox 954 2676 1024 2724; x_wconf 87' lang='lat' dir='ltr'>se</span> <span class='ocrx_word' id='word_1_228' title='bbox 1065 2654 1329 2724; x_wconf 89' lang='lat' dir='ltr'>ambire</span> <span class='ocrx_word' id='word_1_229' title='bbox 1388 2676 1520 2724; x_wconf 93' lang='lat' dir='ltr'>non</span> <span class='ocrx_word' id='word_1_230' title='bbox 1577 2656 1831 2737; x_wconf 87' lang='lat' dir='ltr'>habita,</span> <span class='ocrx_word' id='word_1_231' title='bbox 1900 2677 2121 2742; x_wconf 89' lang='lat' dir='ltr'>neque</span> <span class='ocrx_word' id='word_1_232' title='bbox 2180 2654 2529 2742; x_wconf 88' lang='lat' dir='ltr'>suscipere</span> 
     </span>
     <span class='ocr_line' id='line_1_28' title="bbox 47 2732 2524 2832; baseline 0.004 -34"><span class='ocrx_word' id='word_1_233' title='bbox 47 2732 219 2806; x_wconf 88' lang='lat' dir='ltr'>oblata</span> <span class='ocrx_word' id='word_1_234' title='bbox 260 2763 563 2830; x_wconf 87' lang='lat' dir='ltr'>unquam</span> <span class='ocrx_word' id='word_1_235' title='bbox 612 2756 715 2812; x_wconf 88' lang='lat' dir='ltr'>est</span> <span class='ocrx_word' id='word_1_236' title='bbox 762 2743 1150 2813; x_wconf 88' lang='lat' dir='ltr'>adnotatus.</span> <span class='ocrx_word' id='word_1_237' title='bbox 1206 2743 1419 2812; x_wconf 86' lang='lat' dir='ltr'>Vestis</span> <span class='ocrx_word' id='word_1_238' title='bbox 1453 2743 1551 2811; x_wconf 91' lang='lat' dir='ltr'>illi</span> <span class='ocrx_word' id='word_1_239' title='bbox 1596 2743 1944 2832; x_wconf 85' lang='lat' dir='ltr'>vulgarem</span> <span class='ocrx_word' id='word_1_240' title='bbox 2000 2767 2132 2813; x_wconf 92' lang='lat' dir='ltr'>non</span> <span class='ocrx_word' id='word_1_241' title='bbox 2168 2742 2524 2822; x_wconf 87' lang='lat' dir='ltr'>excedens,</span> 
     </span>
     <span class='ocr_line' id='line_1_29' title="bbox 52 2830 2522 2928; baseline 0.005 -41"><span class='ocrx_word' id='word_1_242' title='bbox 52 2841 240 2928; x_wconf 37' lang='lat' dir='ltr'>mensa·</span> <span class='ocrx_word' id='word_1_243' title='bbox 279 2830 609 2921; x_wconf 79' lang='lat' dir='ltr'>frugaliS,</span> <span class='ocrx_word' id='word_1_244' title='bbox 666 2831 1079 2900; x_wconf 79' lang='lat' dir='ltr'>domesticae</span> <span class='ocrx_word' id='word_1_245' title='bbox 1145 2831 1556 2920; x_wconf 89' lang='lat' dir='ltr'>disciplinae</span> <span class='ocrx_word' id='word_1_246' title='bbox 1631 2831 1813 2901; x_wconf 84' lang='lat' dir='ltr'>sama</span> <span class='ocrx_word' id='word_1_247' title='bbox 1875 2832 2269 2902; x_wconf 90' lang='lat' dir='ltr'>incolumis.</span> <span class='ocrx_word' id='word_1_248' title='bbox 2347 2833 2522 2900; x_wconf 88' lang='lat' dir='ltr'>Huic</span> 
     </span>
     <span class='ocr_line' id='line_1_30' title="bbox 46 2909 2531 3010; baseline 0.003 -31"><span class='ocrx_word' id='word_1_249' title='bbox 46 2909 363 2988; x_wconf 74' lang='lat' dir='ltr'>Ludovmus</span> <span class='ocrx_word' id='word_1_250' title='bbox 409 2920 841 2989; x_wconf 85' lang='lat' dir='ltr'>clarissimus</span> <span class='ocrx_word' id='word_1_251' title='bbox 893 2921 1212 3010; x_wconf 91' lang='lat' dir='ltr'>princeps</span> <span class='ocrx_word' id='word_1_252' title='bbox 1245 2920 1923 3010; x_wconf 66' lang='lat' dir='ltr'>omnestemplorum</span> <span class='ocrx_word' id='word_1_253' title='bbox 1965 2920 2422 3010; x_wconf 88' lang='lat' dir='ltr'>praefecturas</span> <span class='ocrx_word' id='word_1_254' title='bbox 2452 2942 2531 2988; x_wconf 89' lang='lat' dir='ltr'>ac</span> 
     </span>
     <span class='ocr_line' id='line_1_31' title="bbox 51 3004 2619 3097; baseline 0.005 -31"><span class='ocrx_word' id='word_1_255' title='bbox 51 3004 391 3090; x_wconf 81' lang='lat' dir='ltr'>sacerdotia,</span> <span class='ocrx_word' id='word_1_256' title='bbox 433 3031 611 3096; x_wconf 89' lang='lat' dir='ltr'>quae</span> <span class='ocrx_word' id='word_1_257' title='bbox 659 3010 808 3097; x_wconf 89' lang='lat' dir='ltr'>ipse</span> <span class='ocrx_word' id='word_1_258' title='bbox 854 3009 1161 3078; x_wconf 82' lang='lat' dir='ltr'>conferre</span> <span class='ocrx_word' id='word_1_259' title='bbox 1198 3009 1512 3090; x_wconf 90' lang='lat' dir='ltr'>habebat,</span> <span class='ocrx_word' id='word_1_260' title='bbox 1552 3009 1949 3078; x_wconf 84' lang='lat' dir='ltr'>conserendi</span> <span class='ocrx_word' id='word_1_261' title='bbox 1984 3012 2050 3078; x_wconf 92' lang='lat' dir='ltr'>in</span> <span class='ocrx_word' id='word_1_262' title='bbox 2080 3032 2253 3097; x_wconf 90' lang='lat' dir='ltr'>quos</span> <span class='ocrx_word' id='word_1_263' title='bbox 2300 3010 2523 3090; x_wconf 86' lang='lat' dir='ltr'>vellet,</span> <span class='ocrx_word' id='word_1_264' title='bbox 2613 3019 2619 3026; x_wconf 83' lang='lat'><strong><em>‘</em></strong></span> 
     </span>
     <span class='ocr_line' id='line_1_32' title="bbox 50 3097 2524 3184; baseline 0.003 -28"><span class='ocrx_word' id='word_1_265' title='bbox 50 3098 382 3167; x_wconf 77' lang='lat' dir='ltr'>potestatem</span> <span class='ocrx_word' id='word_1_266' title='bbox 433 3099 645 3177; x_wconf 89' lang='lat' dir='ltr'>dedit,</span> <span class='ocrx_word' id='word_1_267' title='bbox 683 3109 895 3184; x_wconf 83' lang='lat' dir='ltr'>utque</span> <span class='ocrx_word' id='word_1_268' title='bbox 928 3099 1015 3167; x_wconf 89' lang='lat' dir='ltr'>ab</span> <span class='ocrx_word' id='word_1_269' title='bbox 1058 3098 1400 3167; x_wconf 88' lang='lat' dir='ltr'>Elisabeth</span> <span class='ocrx_word' id='word_1_270' title='bbox 1450 3097 1838 3167; x_wconf 90' lang='lat' dir='ltr'>obedientia</span> <span class='ocrx_word' id='word_1_271' title='bbox 1890 3097 2328 3167; x_wconf 89' lang='lat' dir='ltr'>matrimonio</span> <span class='ocrx_word' id='word_1_272' title='bbox 2360 3119 2524 3166; x_wconf 85' lang='lat' dir='ltr'>con·</span> 
     </span>
     <span class='ocr_line' id='line_1_33' title="bbox 49 3185 2532 3277; baseline -0.002 -20"><span class='ocrx_word' id='word_1_273' title='bbox 49 3191 253 3274; x_wconf 54' lang='lat' dir='ltr'>sslltens</span> <span class='ocrx_word' id='word_1_274' title='bbox 285 3199 759 3272; x_wconf 90' lang='lat' dir='ltr'>praestaretur,</span> <span class='ocrx_word' id='word_1_275' title='bbox 815 3208 1138 3257; x_wconf 89' lang='lat' dir='ltr'>assensus</span> <span class='ocrx_word' id='word_1_276' title='bbox 1185 3199 1322 3255; x_wconf 88' lang='lat' dir='ltr'>est:</span> <span class='ocrx_word' id='word_1_277' title='bbox 1366 3209 1572 3274; x_wconf 87' lang='lat' dir='ltr'>quam</span> <span class='ocrx_word' id='word_1_278' title='bbox 1614 3187 1730 3254; x_wconf 90' lang='lat' dir='ltr'>illa</span> <span class='ocrx_word' id='word_1_279' title='bbox 1764 3200 1829 3255; x_wconf 92' lang='lat' dir='ltr'>et</span> <span class='ocrx_word' id='word_1_280' title='bbox 1868 3185 2301 3255; x_wconf 85' lang='lat' dir='ltr'>devotissime</span> <span class='ocrx_word' id='word_1_281' title='bbox 2335 3206 2532 3277; x_wconf 89' lang='lat' dir='ltr'>prae-</span> 
     </span>
     <span class='ocr_line' id='line_1_34' title="bbox 50 3274 2528 3361; baseline -0.002 -16"><span class='ocrx_word' id='word_1_282' title='bbox 50 3274 197 3361; x_wconf 61' lang='lat' dir='ltr'>sum,</span> <span class='ocrx_word' id='word_1_283' title='bbox 242 3282 299 3339; x_wconf 86' lang='lat' dir='ltr'>et</span> <span class='ocrx_word' id='word_1_284' title='bbox 361 3275 861 3344; x_wconf 88' lang='lat' dir='ltr'>studiosissime</span> <span class='ocrx_word' id='word_1_285' title='bbox 927 3276 1253 3356; x_wconf 85' lang='lat' dir='ltr'>servavit,</span> <span class='ocrx_word' id='word_1_286' title='bbox 1332 3297 1466 3344; x_wconf 92' lang='lat' dir='ltr'>non</span> <span class='ocrx_word' id='word_1_287' title='bbox 1541 3275 1762 3344; x_wconf 87' lang='lat' dir='ltr'>solum</span> <span class='ocrx_word' id='word_1_288' title='bbox 1816 3288 1951 3345; x_wconf 92' lang='lat' dir='ltr'>toto</span> <span class='ocrx_word' id='word_1_289' title='bbox 1999 3275 2322 3355; x_wconf 92' lang='lat' dir='ltr'>biennio,</span> <span class='ocrx_word' id='word_1_290' title='bbox 2391 3293 2528 3361; x_wconf 91' lang='lat' dir='ltr'>quo</span> 
     </span>
     <span class='ocr_line' id='line_1_35' title="bbox 50 3362 2530 3455; baseline -0.001 -24"><span class='ocrx_word' id='word_1_291' title='bbox 50 3365 314 3455; x_wconf 68' lang='lat' dir='ltr'>l¹f¹ntJeps</span> <span class='ocrx_word' id='word_1_292' title='bbox 376 3377 602 3450; x_wconf 89' lang='lat' dir='ltr'>postea</span> <span class='ocrx_word' id='word_1_293' title='bbox 655 3364 1051 3454; x_wconf 85' lang='lat' dir='ltr'>supervixit,</span> <span class='ocrx_word' id='word_1_294' title='bbox 1124 3387 1357 3433; x_wconf 91' lang='lat' dir='ltr'>verum</span> <span class='ocrx_word' id='word_1_295' title='bbox 1395 3365 1597 3434; x_wconf 86' lang='lat' dir='ltr'>etiam</span> <span class='ocrx_word' id='word_1_296' title='bbox 1686 3376 2082 3451; x_wconf 88' lang='lat' dir='ltr'>osteaquam</span> <span class='ocrx_word' id='word_1_297' title='bbox 2135 3386 2170 3430; x_wconf 91' lang='lat' dir='ltr'>e</span> <span class='ocrx_word' id='word_1_298' title='bbox 2220 3363 2353 3431; x_wconf 85' lang='lat' dir='ltr'>vita</span> <span class='ocrx_word' id='word_1_299' title='bbox 2408 3362 2530 3429; x_wconf 90' lang='lat' dir='ltr'>mi·</span> 
     </span>
     <span class='ocr_line' id='line_1_36' title="bbox 50 3452 2529 3543; baseline -0 -23"><span class='ocrx_word' id='word_1_300' title='bbox 50 3455 242 3536; x_wconf 55' lang='lat' dir='ltr'>mvn,</span> <span class='ocrx_word' id='word_1_301' title='bbox 277 3462 337 3515; x_wconf 88' lang='lat' dir='ltr'>et</span> <span class='ocrx_word' id='word_1_302' title='bbox 373 3452 648 3537; x_wconf 89' lang='lat' dir='ltr'>quidem</span> <span class='ocrx_word' id='word_1_303' title='bbox 688 3453 903 3522; x_wconf 92' lang='lat' dir='ltr'>multo</span> <span class='ocrx_word' id='word_1_304' title='bbox 942 3454 1427 3543; x_wconf 86' lang='lat' dir='ltr'>promptiorem</span> <span class='ocrx_word' id='word_1_305' title='bbox 1465 3454 1632 3522; x_wconf 86' lang='lat' dir='ltr'>abso</span> <span class='ocrx_word' id='word_1_306' title='bbox 1666 3455 2112 3540; x_wconf 88' lang='lat' dir='ltr'>utioremque.</span> <span class='ocrx_word' id='word_1_307' title='bbox 2148 3452 2529 3521; x_wconf 86' lang='lat' dir='ltr'>Habiturus</span> 
     </span>
     <span class='ocr_line' id='line_1_37' title="bbox 53 3521 2526 3632; baseline 0.004 -34"><span class='ocrx_word' id='word_1_308' title='bbox 53 3521 370 3620; x_wconf 71' lang='lat' dir='ltr'>altquando</span> <span class='ocrx_word' id='word_1_309' title='bbox 415 3543 810 3611; x_wconf 90' lang='lat' dir='ltr'>concionem</span> <span class='ocrx_word' id='word_1_310' title='bbox 847 3542 1024 3610; x_wconf 90' lang='lat' dir='ltr'>idem</span> <span class='ocrx_word' id='word_1_311' title='bbox 1080 3543 1405 3632; x_wconf 85' lang='lat' dir='ltr'>magister</span> <span class='ocrx_word' id='word_1_312' title='bbox 1437 3543 1522 3612; x_wconf 91' lang='lat' dir='ltr'>de</span> <span class='ocrx_word' id='word_1_313' title='bbox 1557 3542 1762 3612; x_wconf 91' lang='lat' dir='ltr'>rebus</span> <span class='ocrx_word' id='word_1_314' title='bbox 1799 3543 1907 3632; x_wconf 90' lang='lat' dir='ltr'>(ut</span> <span class='ocrx_word' id='word_1_315' title='bbox 1934 3541 2222 3630; x_wconf 90' lang='lat' dir='ltr'>solebat)</span> <span class='ocrx_word' id='word_1_316' title='bbox 2247 3539 2526 3620; x_wconf 83' lang='lat' dir='ltr'>diviniS‚</span> 
     </span>
     <span class='ocr_line' id='line_1_38' title="bbox 52 3613 2534 3720; baseline 0.001 -28"><span class='ocrx_word' id='word_1_317' title='bbox 52 3613 225 3708; x_wconf 32' lang='lat' dir='ltr'>‘³¹‘de</span> <span class='ocrx_word' id='word_1_318' title='bbox 274 3625 506 3698; x_wconf 87' lang='lat' dir='ltr'>Christi</span> <span class='ocrx_word' id='word_1_319' title='bbox 543 3630 873 3699; x_wconf 85' lang='lat' dir='ltr'>famulam</span> <span class='ocrx_word' id='word_1_320' title='bbox 913 3631 1238 3701; x_wconf 85' lang='lat' dir='ltr'>interesse</span> <span class='ocrx_word' id='word_1_321' title='bbox 1282 3645 1737 3720; x_wconf 89' lang='lat' dir='ltr'>praeceperat.</span> <span class='ocrx_word' id='word_1_322' title='bbox 1779 3631 1968 3714; x_wconf 87' lang='lat' dir='ltr'>Quod</span> <span class='ocrx_word' id='word_1_323' title='bbox 2007 3651 2162 3698; x_wconf 76' lang='lat' dir='ltr'>curn</span> <span class='ocrx_word' id='word_1_324' title='bbox 2201 3629 2344 3711; x_wconf 91' lang='lat' dir='ltr'>illa,</span> <span class='ocrx_word' id='word_1_325' title='bbox 2382 3630 2534 3697; x_wconf 88' lang='lat' dir='ltr'>ino-</span> 
     </span>
     <span class='ocr_line' id='line_1_39' title="bbox 56 3715 2527 3810; baseline 0.005 -37"><span class='ocrx_word' id='word_1_326' title='bbox 56 3715 254 3810; x_wconf 41' lang='lat' dir='ltr'>plnato·</span> <span class='ocrx_word' id='word_1_327' title='bbox 284 3718 524 3786; x_wconf 90' lang='lat' dir='ltr'>sororis</span> <span class='ocrx_word' id='word_1_328' title='bbox 563 3719 689 3788; x_wconf 82' lang='lat' dir='ltr'>viri</span> <span class='ocrx_word' id='word_1_329' title='bbox 741 3719 844 3788; x_wconf 90' lang='lat' dir='ltr'>sui</span> <span class='ocrx_word' id='word_1_330' title='bbox 883 3718 1178 3788; x_wconf 88' lang='lat' dir='ltr'>adventu</span> <span class='ocrx_word' id='word_1_331' title='bbox 1223 3721 1641 3810; x_wconf 89' lang='lat' dir='ltr'>praepedita,</span> <span class='ocrx_word' id='word_1_332' title='bbox 1684 3742 1816 3789; x_wconf 92' lang='lat' dir='ltr'>non</span> <span class='ocrx_word' id='word_1_333' title='bbox 1868 3719 2241 3809; x_wconf 84' lang='lat' dir='ltr'>implesset.</span> <span class='ocrx_word' id='word_1_334' title='bbox 2297 3717 2527 3787; x_wconf 87' lang='lat' dir='ltr'>statim</span> 
     </span>
     <span class='ocr_line' id='line_1_40' title="bbox 57 3789 2536 3899; baseline 0.005 -39"><span class='ocrx_word' id='word_1_335' title='bbox 57 3789 200 3862; x_wconf 81' lang='lat' dir='ltr'>velut</span> <span class='ocrx_word' id='word_1_336' title='bbox 239 3803 638 3876; x_wconf 75' lang='lat' dir='ltr'>inobedienti</span> <span class='ocrx_word' id='word_1_337' title='bbox 689 3808 1045 3877; x_wconf 88' lang='lat' dir='ltr'>remandat</span> <span class='ocrx_word' id='word_1_338' title='bbox 1082 3809 1505 3899; x_wconf 88' lang='lat' dir='ltr'>(incertum,</span> <span class='ocrx_word' id='word_1_339' title='bbox 1563 3809 1762 3890; x_wconf 90' lang='lat' dir='ltr'>seri0,</span> <span class='ocrx_word' id='word_1_340' title='bbox 1817 3831 1901 3877; x_wconf 91' lang='lat' dir='ltr'>an</span> <span class='ocrx_word' id='word_1_341' title='bbox 1957 3807 2260 3876; x_wconf 88' lang='lat' dir='ltr'>tentandi</span> <span class='ocrx_word' id='word_1_342' title='bbox 2321 3805 2536 3894; x_wconf 90' lang='lat' dir='ltr'>astu)</span> 
     </span>
     <span class='ocr_line' id='line_1_41' title="bbox 56 3876 2535 3987; baseline 0.007 -42"><span class='ocrx_word' id='word_1_343' title='bbox 56 3876 199 3949; x_wconf 80' lang='lat' dir='ltr'>nolle</span> <span class='ocrx_word' id='word_1_344' title='bbox 241 3908 305 3955; x_wconf 92' lang='lat' dir='ltr'>se</span> <span class='ocrx_word' id='word_1_345' title='bbox 348 3892 662 3985; x_wconf 89' lang='lat' dir='ltr'>deinceps</span> <span class='ocrx_word' id='word_1_346' title='bbox 709 3897 1080 3983; x_wconf 87' lang='lat' dir='ltr'>quicquam</span> <span class='ocrx_word' id='word_1_347' title='bbox 1120 3898 1252 3987; x_wconf 91' lang='lat' dir='ltr'>ipsi</span> <span class='ocrx_word' id='word_1_348' title='bbox 1295 3897 1565 3985; x_wconf 89' lang='lat' dir='ltr'>jubere,</span> <span class='ocrx_word' id='word_1_349' title='bbox 1609 3919 1786 3984; x_wconf 90' lang='lat' dir='ltr'>quae</span> <span class='ocrx_word' id='word_1_350' title='bbox 1826 3897 2052 3966; x_wconf 90' lang='lat' dir='ltr'>datam</span> <span class='ocrx_word' id='word_1_351' title='bbox 2105 3896 2535 3965; x_wconf 89' lang='lat' dir='ltr'>obedientiae</span> 
     </span>
     <span class='ocr_line' id='line_1_42' title="bbox 56 3958 2535 4079; baseline 0.002 -34"><span class='ocrx_word' id='word_1_352' title='bbox 56 3958 218 4038; x_wconf 83' lang='lat' dir='ltr'>fidem</span> <span class='ocrx_word' id='word_1_353' title='bbox 265 3987 388 4079; x_wconf 82' lang='lat' dir='ltr'>tam</span> <span class='ocrx_word' id='word_1_354' title='bbox 437 3981 630 4053; x_wconf 89' lang='lat' dir='ltr'>facile</span> <span class='ocrx_word' id='word_1_355' title='bbox 678 3985 1016 4074; x_wconf 85' lang='lat' dir='ltr'>rupisset:</span> <span class='ocrx_word' id='word_1_356' title='bbox 1091 3999 1393 4055; x_wconf 91' lang='lat' dir='ltr'>uteretur</span> <span class='ocrx_word' id='word_1_357' title='bbox 1440 3986 1689 4055; x_wconf 91' lang='lat' dir='ltr'>deinde</span> <span class='ocrx_word' id='word_1_358' title='bbox 1738 3986 2047 4056; x_wconf 88' lang='lat' dir='ltr'>libertate</span> <span class='ocrx_word' id='word_1_359' title='bbox 2112 4007 2274 4054; x_wconf 89' lang='lat' dir='ltr'>sua:</span> <span class='ocrx_word' id='word_1_360' title='bbox 2347 3982 2535 4053; x_wconf 91' lang='lat' dir='ltr'>haud</span> 
     </span>
     <span class='ocr_line' id='line_1_43' title="bbox 61 4065 2530 4161; baseline 0.005 -34"><span class='ocrx_word' id='word_1_361' title='bbox 61 4065 182 4123; x_wconf 81' lang='lat' dir='ltr'>eum</span> <span class='ocrx_word' id='word_1_362' title='bbox 219 4082 282 4130; x_wconf 90' lang='lat' dir='ltr'>se</span> <span class='ocrx_word' id='word_1_363' title='bbox 324 4088 535 4140; x_wconf 76' lang='lat' dir='ltr'>virum</span> <span class='ocrx_word' id='word_1_364' title='bbox 576 4096 749 4154; x_wconf 89' lang='lat' dir='ltr'>esse,</span> <span class='ocrx_word' id='word_1_365' title='bbox 788 4075 908 4160; x_wconf 90' lang='lat' dir='ltr'>qui</span> <span class='ocrx_word' id='word_1_366' title='bbox 958 4075 1159 4143; x_wconf 87' lang='lat' dir='ltr'>verba</span> <span class='ocrx_word' id='word_1_367' title='bbox 1203 4076 1334 4144; x_wconf 90' lang='lat' dir='ltr'>sibi</span> <span class='ocrx_word' id='word_1_368' title='bbox 1368 4074 1517 4143; x_wconf 88' lang='lat' dir='ltr'>dari</span> <span class='ocrx_word' id='word_1_369' title='bbox 1561 4096 1777 4161; x_wconf 90' lang='lat' dir='ltr'>aequo</span> <span class='ocrx_word' id='word_1_370' title='bbox 1808 4075 2039 4143; x_wconf 88' lang='lat' dir='ltr'>animo</span> <span class='ocrx_word' id='word_1_371' title='bbox 2084 4084 2305 4161; x_wconf 88' lang='lat' dir='ltr'>posset</span> <span class='ocrx_word' id='word_1_372' title='bbox 2333 4072 2530 4141; x_wconf 85' lang='lat' dir='ltr'>ferre.</span> 
     </span>
     <span class='ocr_line' id='line_1_44' title="bbox 63 4135 2538 4253; baseline 0.003 -31"><span class='ocrx_word' id='word_1_373' title='bbox 63 4135 171 4209; x_wconf 75' lang='lat'><em>1100</em></span> <span class='ocrx_word' id='word_1_374' title='bbox 212 4157 444 4249; x_wconf 67' lang='lat' dir='ltr'>nuncio</span> <span class='ocrx_word' id='word_1_375' title='bbox 484 4161 914 4231; x_wconf 77' lang='lat' dir='ltr'>vehementer</span> <span class='ocrx_word' id='word_1_376' title='bbox 962 4163 1306 4232; x_wconf 89' lang='lat' dir='ltr'>Elisabeth</span> <span class='ocrx_word' id='word_1_377' title='bbox 1356 4163 1695 4252; x_wconf 90' lang='lat' dir='ltr'>perculsa,</span> <span class='ocrx_word' id='word_1_378' title='bbox 1755 4163 2160 4253; x_wconf 85' lang='lat' dir='ltr'>magistrum</span> <span class='ocrx_word' id='word_1_379' title='bbox 2211 4161 2538 4251; x_wconf 88' lang='lat' dir='ltr'>postridie</span> 
     </span>
     <span class='ocr_line' id='line_1_45' title="bbox 64 4240 2532 4341; baseline 0.007 -41"><span class='ocrx_word' id='word_1_380' title='bbox 64 4240 350 4329; x_wconf 67' lang='lat' dir='ltr'>mutunus</span> <span class='ocrx_word' id='word_1_381' title='bbox 391 4248 548 4328; x_wconf 87' lang='lat' dir='ltr'>adit,</span> <span class='ocrx_word' id='word_1_382' title='bbox 585 4250 1000 4340; x_wconf 85' lang='lat' dir='ltr'>dejectisque</span> <span class='ocrx_word' id='word_1_383' title='bbox 1041 4253 1107 4320; x_wconf 91' lang='lat' dir='ltr'>in</span> <span class='ocrx_word' id='word_1_384' title='bbox 1150 4264 1397 4320; x_wconf 89' lang='lat' dir='ltr'>terram</span> <span class='ocrx_word' id='word_1_385' title='bbox 1445 4251 1785 4341; x_wconf 86' lang='lat' dir='ltr'>profundo</span> <span class='ocrx_word' id='word_1_386' title='bbox 1825 4251 2084 4340; x_wconf 92' lang='lat' dir='ltr'>pudore</span> <span class='ocrx_word' id='word_1_387' title='bbox 2118 4250 2532 4332; x_wconf 80' lang='lat' dir='ltr'>luminibuS,</span> 
     </span>
     <span class='ocr_line' id='line_1_46' title="bbox 67 4327 2538 4431; baseline 0.012 -52"><span class='ocrx_word' id='word_1_388' title='bbox 67 4327 281 4393; x_wconf 76' lang='lat' dir='ltr'>ventam</span> <span class='ocrx_word' id='word_1_389' title='bbox 327 4333 449 4403; x_wconf 88' lang='lat' dir='ltr'>sibi</span> <span class='ocrx_word' id='word_1_390' title='bbox 494 4338 665 4408; x_wconf 84' lang='lat' dir='ltr'>dari.</span> <span class='ocrx_word' id='word_1_391' title='bbox 698 4340 1106 4431; x_wconf 90' lang='lat' dir='ltr'>suppliciter</span> <span class='ocrx_word' id='word_1_392' title='bbox 1163 4341 1401 4431; x_wconf 86' lang='lat' dir='ltr'>poscit.</span> <span class='ocrx_word' id='word_1_393' title='bbox 1441 4346 1655 4423; x_wconf 86' lang='lat' dir='ltr'>Quam</span> <span class='ocrx_word' id='word_1_394' title='bbox 1717 4363 1874 4410; x_wconf 91' lang='lat' dir='ltr'>cum</span> <span class='ocrx_word' id='word_1_395' title='bbox 1928 4339 2042 4409; x_wconf 91' lang='lat' dir='ltr'>ille</span> <span class='ocrx_word' id='word_1_396' title='bbox 2098 4338 2302 4408; x_wconf 88' lang='lat' dir='ltr'>veluti</span> <span class='ocrx_word' id='word_1_397' title='bbox 2359 4339 2538 4408; x_wconf 90' lang='lat' dir='ltr'>indi-</span> 
     </span>
     <span class='ocr_line' id='line_1_47' title="bbox 72 4409 2542 4521; baseline 0.009 -48"><span class='ocrx_word' id='word_1_398' title='bbox 72 4409 427 4492; x_wconf 80' lang='lat' dir='ltr'>gnabundus</span> <span class='ocrx_word' id='word_1_399' title='bbox 464 4443 910 4512; x_wconf 87' lang='lat' dir='ltr'>aversaretur,</span> <span class='ocrx_word' id='word_1_400' title='bbox 949 4430 1034 4499; x_wconf 93' lang='lat' dir='ltr'>ad</span> <span class='ocrx_word' id='word_1_401' title='bbox 1088 4429 1293 4521; x_wconf 90' lang='lat' dir='ltr'>pedes</span> <span class='ocrx_word' id='word_1_402' title='bbox 1340 4430 1491 4519; x_wconf 88' lang='lat' dir='ltr'>ejus</span> <span class='ocrx_word' id='word_1_403' title='bbox 1532 4430 1719 4521; x_wconf 86' lang='lat' dir='ltr'>regia</span> <span class='ocrx_word' id='word_1_404' title='bbox 1761 4429 2034 4513; x_wconf 90' lang='lat' dir='ltr'>mulier,</span> <span class='ocrx_word' id='word_1_405' title='bbox 2075 4429 2271 4500; x_wconf 83' lang='lat' dir='ltr'>nulla</span> <span class='ocrx_word' id='word_1_406' title='bbox 2308 4429 2542 4499; x_wconf 83' lang='lat' dir='ltr'>habita</span> 
     </span>
    </p>
   </div>
  </div>
 </body>
</html>
