2993 4837
524 341 653 404 468
1200 356 1278 401 ns
1325 355 1379 401 s.
1434 353 1774 402 nouonono
1822 353 2218 402 conrnssonn
2263 402 2286 411 ,
2652 333 2820 401 NOV.
2869 336 2931 401 13

436 442 720 511 caeteris
768 439 1159 520 divenditiS,
1204 454 1269 507 et
1303 438 1370 506 in
1407 460 1662 529 egenos
1694 439 2015 529 erogatis,
2051 439 2184 508 sibi
2224 438 2782 529 pauperibusque
2821 460 2934 506 ser-

436 543 681 608 vasset,
733 535 950 615 eoque
997 527 1376 599 fossoribus
1424 530 1658 597 vinum
1732 527 2108 614 aliquando
2176 526 2429 608 ferret,
2495 547 2839 605 occurrere
2890 527 2936 595 ei

438 619 739 688 mendici
788 618 1071 704 aliquot,
1114 617 1201 686 ab
1239 638 1317 686 eo
1360 629 1591 705 potum
1625 629 1970 709 petentes:
2005 615 2265 703 quibus
2311 616 2417 684 vir
2465 631 2747 685 sanctus
2790 638 2937 685 sum·

436 730 549 776 ma
599 729 757 777 cum
807 707 1020 775 animi
1087 705 1427 775 hilaritate
1455 719 1521 773 et
1554 704 1797 776 frontis
1830 704 2086 774 laetitia
2124 705 2446 795 porrexit.
2486 704 2617 774 Sed
2668 726 2819 774 cum
2848 725 2938 774 ex·

437 796 666 866 hausti
717 795 855 864 fere
911 808 1138 863 essent
1184 794 1540 873 canthari,
1586 815 1712 863 nec
1763 815 1884 882 pro
1938 808 2038 863 ter
2091 793 2328 863 uxoris
2366 794 2806 862 acerbitatem
2847 815 2938 862 au·

437 885 627 955 deret
674 885 957 953 domum
1009 883 1290 962 reverti,
1352 903 1467 951 eos
1527 903 1707 968 aqua
1764 904 1883 972 rep
1914 884 2049 952 evit
2094 905 2176 951 ac
2223 881 2596 951 benedixit.
2651 881 2942 951 Vinitores

439 988 666 1043 autem
710 996 783 1042 se
818 971 988 1040 nihil
1040 994 1347 1058 unquam
1399 971 1683 1040 suavius
1732 984 2044 1061 gustasse
2092 984 2495 1050 asserentes,
2531 971 2938 1058 quaerebant,

436 1063 624 1131 unde
671 1075 805 1130 tam
864 1061 1118 1130 bonum
1176 1061 1409 1128 vinum
1463 1059 1840 1129 habuisset.
1894 1060 2009 1128 Vir
2065 1060 2214 1139 Dei,
2263 1061 2383 1145 qui
2433 1062 2701 1147 optime
2757 1060 2938 1134 sciret,

436 1150 621 1237 quod
662 1150 953 1229 fecisset,
995 1149 1368 1218 arbitratus
1416 1169 1487 1216 se
1527 1148 1850 1229 derideri,
1891 1149 2065 1217 bibit
2101 1161 2167 1217 et
2215 1149 2365 1237 ipse
2411 1148 2944 1239 incomparabilis

435 1239 761 1309 bonitatis
797 1240 1059 1318 vinum,
1095 1238 1487 1327 gratiasque
1519 1242 1672 1316 De0‚
1712 1237 1919 1306 cu‘us
1952 1250 2130 1307 esset
2163 1236 2337 1306 illud
2387 1259 2596 1327 opuS‚
2655 1238 2944 1306 maximas

434 1328 597 1418 egit3
643 1351 767 1397 nec
817 1342 1068 1408 tamen,
1125 1325 1439 1395 vitandae
1489 1324 1719 1394 inanis
1758 1260 2017 1416 gioriae
2064 1329 2300 1406 causa,
2344 1347 2522 1412 quae
2581 1325 2946 1415 impruden·

437 1418 607 1486 tium
651 1417 1011 1485 hominum
1063 1436 1336 1483 omnem
1389 1426 1568 1483 recte
1615 1413 1952 1484 factorum
1994 1415 2376 1485 mercedem
2415 1414 2664 1484 furtim
2709 1413 2948 1504 praeda·

437 1519 573 1587 tur,
625 1503 804 1592 quod
859 1506 1111 1573 factum
1182 1502 1425 1585 fuerat,
1472 1504 1796 1590 cuiquam
1848 1502 2144 1582 dicebat,
2201 1525 2323 1573 nec
2370 1504 2559 1572 exire
2594 1560 2611 1585 ‚
2666 1520 2860 1592 atque
2897 1503 2944 1571 in

436 1594 690 1683 vulgus
741 1615 1062 1662 emanare
1104 1592 1510 1680 patiebatur.
1572 1593 1698 1662 Sed
1748 1592 1868 1678 qui
1916 1614 2076 1662 eum
2131 1592 2458 1670 viderant,
2505 1592 2687 1661 dum
2739 1611 2944 1679 aquam

437 1684 507 1751 in
562 1704 719 1752 vasa
770 1680 1184 1760 infunderet,
1223 1703 1380 1750 cum
1433 1692 1498 1749 et
1561 1680 1694 1770 ipsi
1760 1680 1998 1750 vinum
2043 1694 2459 1772 gustassent,
2499 1681 2643 1751 hoc
2696 1683 2860 1751 mira

438 1770 584 1841 lum
620 1771 905 1840 caeteris
943 1770 1528 1860 praedicaverunt.

526 1862 562 1947 ἓ
609 1864 768 1932 1⁰.
814 1859 935 1928 His
984 1873 1187 1945 atque
1238 1858 1643 1945 hujusmodi
1679 1857 2220 1946 quamplurimis
2269 1857 2670 1927 illustratus
2710 1856 2942 1944 quidem

439 1948 821 2028 miraculis,
879 1947 994 2016 sed
1045 1946 1260 2016 multo
1295 1947 1515 2036 magis
1565 1968 1837 2015 summa
1889 1947 2062 2015 vitae
2112 1947 2405 2034 puritate
2451 1946 2540 2014 ad
2606 1960 2938 2015 extremum

440 2058 663 2123 usque
720 2037 894 2106 vitae
962 2049 1231 2124 tempus
1285 2035 1663 2122 insignitus
1723 2035 2202 2115 HomobonUS,
2271 2049 2559 2116 tantam,
2620 2057 2758 2103 non
2816 2037 2873 2102 in

438 2125 811 2214 populares
861 2124 1080 2195 solum
1118 2137 1320 2212 atque
1367 2123 1725 2205 finitimos,
1765 2122 1882 2192 sed
1925 2145 2040 2193 eos
2071 2124 2275 2191 etiam
2311 2144 2582 2205 omnes,
2623 2125 2875 2210 acquisi
2911 2121 2920 2131 '

437 2215 670 2295 fidem,
711 2214 793 2282 ad
846 2236 1017 2302 quos
1060 2213 1261 2303 longe
1310 2212 1578 2300 lateque
1617 2213 2064 2282 celeberrima
2116 2211 2304 2281 illius
2343 2212 2527 2280 fama
2571 2233 2904 2303 pervasere

436 2316 515 2372 ut
561 2303 1057 2373 haereticorum
1123 2301 1430 2388 plerique
1494 2300 1578 2369 ad
1631 2302 1991 2370 sanitatem
2046 2300 2392 2381 redirent,
2444 2314 2559 2379 et,
2627 2303 2752 2389 qui
2800 2298 2914 2369 null

439 2392 857 2479 prudentum
911 2390 1223 2467 consilio,
1268 2402 1387 2460 aut
1433 2389 1995 2459 doctissimorum
2033 2390 2409 2460 hominum
2462 2387 2920 2481 disceptation'

437 2482 570 2551 bus
616 2483 801 2562 victi,
849 2482 916 2548 in
968 2480 1337 2568 depravata
1374 2478 1794 2569 jamdudum
1839 2479 1922 2548 de
1971 2479 2106 2548 fide
2152 2493 2217 2548 et
2267 2479 2605 2567 religione
2655 2477 2938 2549 sententie

437 2570 801 2639 obfirmato
849 2569 1083 2638 animo
1130 2569 1625 2648 obduruerant,
1671 2589 1786 2636 eos
1835 2568 2303 2648 Homobonus,
2344 2570 2812 2638 sanctissimis
2840 2585 2942 2633 ner*

437 2659 546 2727 bis
592 2672 655 2728 et
706 2659 1017 2728 moribus
1067 2656 1703 2743 miraculorumque
1762 2655 2167 2744 frequentia,
2220 2658 2308 2727 ab
2356 2658 2550 2725 omni
2602 2654 2938 2727 erroreab-

439 2747 706 2827 ductos,
746 2747 831 2816 ad
869 2746 1040 2815 bene
1075 2748 1403 2832 beateque
1443 2745 2087 2815 vivendi‘rationem
2136 2745 2545 2814 traduceret.

526 2837 563 2921 ἓ
614 2843 741 2908 ΙΙ.
784 2841 947 2904 Cum
1005 2857 1157 2904 vero
1196 2836 1342 2924 jam
1395 2834 1691 2903 venisset
1727 2847 2022 2924 tempus,
2059 2847 2130 2902 ut
2179 2847 2273 2903 tot
2320 2856 2612 2904 suarum
2660 2838 2938 2904 virtutum

438 2936 503 2991 et
558 2940 735 2993 recte
780 2924 1114 2993 sactorum
1166 2924 1506 3012 acciperet
1559 2925 1903 3011 praemia,
1958 2922 2199 2992 Idibus
2265 2924 2673 2994 Novembris
2722 2938 2938 2992 annon

441 3024 641 3102 partu
703 3013 1001 3102 Virginis
1061 3011 1430 3081 millesimo
1502 3011 1877 3081 centesimo
1946 3011 2749 3101 nonagesimoseptimo,
2800 3025 2938 3079 1110oe

439 3123 590 3182 su0,
648 3103 981 3171 matutino
1027 3101 1252 3171 officio
1290 3101 1563 3189 penitus
1601 3100 1968 3169 incolumis
2004 3099 2342 3169 interfuit:
2395 3101 2656 3171 deinde
2689 3096 2938 3171 curvatis

438 3203 596 3259 ante
629 3194 907 3259 Crucem
962 3192 1227 3260 Domini
1281 3189 1600 3278 genibuS,
1641 3188 1709 3256 in
1748 3189 2055 3258 oratione
2084 3211 2304 3275 usque
2337 3188 2418 3258 ad
2460 3190 2709 3259 horam
2745 3190 2937 3258 Missae

438 3280 842 3368 permansit.
882 3284 979 3359 At,
1015 3302 1170 3348 cum
1209 3277 1530 3348 sacerdos
1579 3277 1920 3365 hymnum
1972 3277 2381 3367 Angelorum
2419 3281 2783 3367 coepisset,
2821 3286 2936 3344 ante

439 3372 750 3448 Crucem,
788 3369 1111 3437 manibus
1154 3369 1219 3435 in
1256 3366 1537 3436 modum
1589 3367 1823 3435 Crucis
1873 3368 1940 3435 in
1996 3381 2171 3435 terra
2220 3367 2542 3448 extensiS,
2587 3364 2932 3456 procubuit:

438 3469 583 3526 tum
637 3456 913 3526 nemine
962 3456 1313 3537 sentiente,
1367 3478 1525 3525 cum
1580 3454 1834 3545 gaudio
1891 3455 1974 3524 ad
2029 3461 2266 3533 Deum,
2315 3477 2512 3523 suam
2567 3457 2636 3525 in
2693 3455 2930 3545 patriam

438 3544 824 3625 coelestem,
871 3544 1061 3614 nullo
1110 3558 1465 3633 correptus
1518 3543 1797 3623 morbo,
1857 3544 2197 3634 migravit.
2239 3544 2366 3612 Sed
2416 3566 2576 3613 cum
2636 3556 2932 3614 moresne

438 3634 521 3702 ad
573 3634 998 3704 audiendum
1053 3633 1498 3723 Evangelium
1544 3654 1677 3701 non
1722 3647 2055 3723 surgeret,
2095 3632 2304 3711 fuere,
2344 3634 2465 3718 qui
2501 3632 2700 3701 illum
2737 3644 2928 3719 sopore

441 3745 753 3812 pressum
791 3723 1168 3803 crederent,
1204 3736 1267 3791 et
1300 3722 1602 3791 volentes
1631 3743 1787 3790 eum
1823 3745 1863 3791 a
1902 3743 2143 3791 somno
2172 3723 2488 3802 excitare,
2519 3742 2558 3790 e
2589 3723 2724 3791 vita
2753 3735 2928 3789 exces-

439 3812 611 3882 sisse
659 3825 1142 3903 cognoverunt.

524 3904 561 3988 §
609 3906 755 3973 12.
812 3908 1033 3983 Quare
1107 3900 1332 3969 statim
1412 3913 1746 3986 parantur
1805 3899 2129 3985 exequiae
2186 3911 2250 3967 et
2299 3899 2744 3986 sepulcrum3
2793 3890 2922 3961 volat

438 3991 665 4060 subito
720 4013 837 4079 per
869 3991 1108 4059 urbem
1164 3989 1378 4068 sama3
1432 4003 1860 4057 concurrunt
1909 4009 2245 4077 pauperes
2294 3987 2625 4074 undique,
2685 3998 2922 4073 patrem·

437 4101 571 4165 que
620 4100 824 4147 suum
865 4079 1161 4147 maximo
1209 4100 1365 4146 cum
1418 4075 1653 4145 dolore
1702 4076 2086 4165 deplorant,
2142 4075 2490 4162 funusque
2543 4097 2698 4144 cum
2749 4072 2920 4153 lacry-

439 4167 571 4237 mis
619 4190 698 4235 ac
749 4166 1014 4253 ejulatu
1067 4167 1532 4245 comitantum
1587 4164 1670 4233 ad
1723 4188 1880 4234 eum
1932 4164 2292 4246 accedunt,
2357 4162 2833 4254 amplexantur,
2873 4162 2917 4217 el

444 4276 603 4337 prae
659 4256 918 4343 ingenti
987 4276 1216 4323 amore
1277 4254 1792 4323 deosculantur.
1842 4254 1966 4324 Sed
2026 4276 2183 4322 ecce
2229 4255 2448 4323 virtus
2498 4253 2605 4322 Dei
2654 4253 2718 4320 in
2761 4268 2828 4315 eo
2863 4262 2914 4309 se*

440 4343 663 4428 coepit
708 4343 1108 4411 ostendere:
1165 4365 1319 4410 nam
1373 4342 1606 4411 claudi
1656 4343 2038 4422 ambulant,
2092 4343 2276 4411 caeci
2341 4342 2587 4420 vident,
2647 4336 2800 4407 muti
2841 4330 2912 4397 lo·

440 4440 772 4514 quuntur,
813 4431 1003 4499 surdi
1053 4431 1370 4511 audiunt,
1413 4431 1755 4518 variisque
1805 4432 2260 4521 languoribus
2307 4430 2635 4521 oppressi,
2671 4438 2845 4510 atque
2879 4438 2908 4481 a
