2993 4837
124 317 281 383 NOV.
336 319 376 380 3
860 335 931 378 ne
981 335 1035 378 s.
1090 329 1379 379 ananam
1424 334 1528 398 ar.-
1585 332 1912 380 montaum
2475 320 2560 381 69

194 425 403 507 §1st
456 422 628 510 Ejus
658 431 876 487 autem
902 419 1234 507 migratio
1268 417 1499 487 intulit
1540 440 1842 508 superno
1871 418 2238 487 conventui
2278 419 2638 509 gaudium:

117 512 202 580 eis
237 522 492 586 autem,
556 508 676 594 qui
725 507 871 591 ejus
915 507 1256 576 consortio
1304 520 1587 576 eatenus
1646 506 1835 577 fruiti
1895 506 2188 588 fuerant,
2243 530 2519 597 gravem
2580 523 2646 578 et

118 621 271 687 pene
314 596 900 666 interminabilem
952 596 1235 665 luctum.
1303 601 1594 683 Eratque
1645 596 1870 665 videre
1937 617 2320 686 pauperum
2363 597 2640 667 fletibus

117 710 219 755 ora
250 687 491 776 rigata,
536 699 599 754 et
633 685 918 775 pastoris
943 705 1013 753 se
1058 686 1625 770 conquerentium
1661 685 2023 754 destitutos
2056 686 2286 775 opima
2319 708 2641 775 praesen-

122 779 235 845 tia:
284 774 783 843 monachorum
833 795 1106 860 quoque
1155 794 1417 862 greges,
1471 773 1762 862 jejuniis
1821 774 2079 864 pallida
2126 796 2246 843 ora
2302 788 2639 865 gerenteS‚

125 862 495 949 inculteque
546 863 784 931 habitu
835 862 1231 951 despectum
1292 862 1631 931 mundum
1688 876 2158 953 protestanteS,
2213 864 2296 932 ad
2342 864 2464 932 viri
2531 865 2645 934 Dei

121 951 498 1023 inferiarum
538 951 855 1038 exequias
903 949 1303 1020 deducenda
1374 973 1807 1031 concurrere,
1861 973 2211 1039 quamque
2247 953 2356 1043 pie
2395 965 2458 1023 et
2487 975 2644 1022 san-

114 1055 205 1110 cte
244 1039 588 1129 pontificis
622 1040 730 1109 sui
764 1040 894 1108 vita
929 1039 1328 1116 decurrerit,
1368 1038 1688 1108 sedulum
1729 1039 2030 1111 officium
2083 1064 2320 1111 eorum
2371 1043 2645 1129 altaque

115 1130 357 1199 devotio
392 1130 791 1198 testabatur.
849 1134 1022 1198 Sane
1053 1150 1133 1197 eo
1180 1127 1502 1216 spiritum
1541 1128 1886 1210 reddente,
1924 1130 2357 1220 evangelium
2395 1132 2644 1201 Christi

120 1219 513 1308 perlegitur:
566 1230 629 1287 et
671 1240 749 1287 eo
803 1217 1117 1306 perlecto,
1155 1238 1329 1302 quae
1393 1216 1706 1298 mortuiS,
1771 1218 1920 1306 piae
1973 1218 2196 1287 officia
2252 1220 2647 1310 sepulturae

120 1319 555 1396 praestantur.
611 1306 874 1375 Etenim
913 1328 1165 1395 corpus
1199 1305 1349 1392 ejus
1380 1305 1696 1374 ablutum
1739 1305 1755 1373 l
1792 1307 2066 1396 ’mpbiS,
2105 1319 2307 1395 atque
2341 1309 2645 1378 circum-

120 1396 328 1465 datum
362 1395 613 1485 peplis,
651 1394 876 1464 loculo
926 1407 1427 1483 superponunt,
1467 1406 1670 1482 atque
1716 1329 1969 1466 efatum
2014 1418 2049 1465 e
2099 1396 2245 1466 loco
2293 1397 2446 1484 ejus
2496 1398 2645 1467 obi-

120 1499 233 1564 ιιιε,
282 1485 402 1573 qui
437 1497 721 1553 vocatur
758 1489 953 1562 Fura,
1010 1482 1333 1552 Leodium
1386 1482 1814 1552 transfertur.
1867 1491 2051 1567 Quae
2119 1485 2265 1556 loca
2321 1510 2359 1555 a
2409 1509 2480 1556 se
2518 1485 2646 1555 dif-

122 1573 323 1643 ferunt
355 1573 673 1642 millibus
710 1573 1010 1663 triginta.
1059 1576 1234 1642 Sane
1285 1593 1404 1660 per
1454 1594 1660 1642 omne
1707 1595 1960 1662 corpus
2009 1576 2439 1656 reversioniS,
2496 1577 2646 1666 piae

118 1685 255 1730 oves
297 1662 620 1731 funebria
668 1663 1085 1749 exuviasque
1134 1660 1244 1730 sui
1277 1661 1635 1730 audientes
1669 1662 1915 1731 deferri
1987 1666 2299 1752 pastoriS,
2371 1687 2450 1733 ex
2498 1687 2646 1733 om-

122 1751 305 1821 nibus
333 1751 513 1821 villis
544 1765 610 1822 et
645 1751 813 1819 locis
864 1752 1312 1828 confluentes,
1356 1750 1680 1819 ultimum
1732 1751 1877 1819 vale
1912 1751 2190 1832 dicturi,
2244 1754 2640 1823 adveniunt.

121 1842 333 1909 Omnis
361 1853 579 1920 aetas,
608 1853 899 1929 uterque
926 1861 1149 1919 sexuS,
1188 1860 1442 1910 curvus
1482 1853 1732 1919 arator,
1772 1862 2262 1930 pannosusque
2299 1842 2649 1912 bubulcus

126 1927 395 1999 dolorem
451 1929 788 2019 lacrymis
835 1928 1153 2006 confessi,
1220 1927 1619 1997 accedentes
1668 1941 1871 2017 atque
1917 1930 2191 1999 eminus
2245 1931 2641 2011 salutanteS,

132 2020 349 2109 pugnis
386 2019 599 2088 etiam
622 2030 919 2108 'ectora
961 2016 1411 2097 verberantes,
1453 2015 1992 2105 proclamabant:
2035 2042 2067 2083 «
2101 2023 2246 2086 Heu
2283 2020 2439 2097 beu,
2478 2021 2642 2106 quid

112 2106 294 2177 ‘nobis
331 2108 684 2198 jamnunc
720 2118 925 2176 restat
964 2105 1254 2175 salutis?
1310 2110 1404 2173 En
1446 2105 1890 2176 destituimur
1948 2106 2406 2195 periclitantes
2453 2109 2646 2177 beni-

140 2196 428 2284 gnissimo
470 2195 949 2286 periculorum
991 2208 1376 2263 nostrorum
1417 2193 1916 2284 propulsatore,
1955 2196 2073 2282 qui
2121 2195 2475 2265 doloribus
2527 2219 2646 2263 no-

144 2284 266 2353 stris
294 2285 693 2356 consolator
742 2284 996 2360 aderat,
1057 2283 1461 2372 inopiaeque
1496 2283 1874 2363 miserator,
1926 2284 2394 2372 orphanorum
2446 2286 2640 2365 altor,

138 2371 403 2446 defensor
453 2374 861 2453 viduarum,
917 2372 1404 2458 doctrinaeque
1434 2372 1745 2442 coelestis
1783 2374 2081 2443 eximius
2129 2372 2385 2442 doctor.
2429 2375 2649 2461 Hujus

135 2465 475 2549 praesentia
530 2462 908 2552 fugabatur
953 2460 1211 2530 diaboli
1261 2462 1583 2541 saevitia,
1641 2463 1855 2531 seculi
1914 2462 2309 2532 calcabatur
2369 2485 2645 2553 pompa,

129 2563 180 2618 et
219 2551 276 2618 in
323 2574 455 2621 uno
508 2553 650 2621 isto
698 2552 928 2619 omnia
989 2551 1189 2621 nobis
1236 2565 1429 2620 erant
1487 2551 1838 2620 doctrinae
1872 2565 2074 2638 atque
2124 2551 2350 2640 operis
2414 2565 2648 2621 sancta

127 2640 660 2711 emolumenta.»
711 2640 908 2710 Hisce
959 2641 1239 2709 vocibus
1291 2640 1818 2728 planctibusque
1867 2640 2128 2709 similes
2170 2640 2649 2730 jungebantur

129 2729 614 2880 guerimoniaffi
668 2750 1027 2815 quousque
1095 2730 1564 2817 suprascripto
1628 2750 1908 2799 emenso
1958 2729 2219 2819 spati0,
2279 2730 2341 2796 in
2418 2729 2643 2799 locum

166 2818 508 2888 estinatum
565 2818 781 2886 sancti
818 2839 972 2885 ossa
1021 2816 1347 2885 advexere
1398 2817 1760 2906 praesulis,
1967 2839 1976 2848 ·

203 2907 390 2991 511.
445 2913 625 2977 Cum
697 2917 923 2974 autem
990 2927 1200 2996 prope
1259 2906 1552 2974 eundem
1611 2906 1833 2974 locum
1901 2905 2368 2987 adventarent,
2426 2908 2648 2997 plebis

145 2992 460 3065 multitudo
502 2994 909 3085 gradusque
957 2995 1183 3063 omnis
1219 2995 1758 3074 Ecclesiasticus,
1799 3017 1957 3064 cum
1998 2995 2363 3065 reverendo
2408 2997 2648 3066 babitu

141 3076 353 3153 obviarn
407 3084 679 3155 sanctis
715 3104 1101 3172 processere
1133 3083 1459 3170 exequiis,
1501 3084 1788 3152 ferentes
1828 3084 2062 3153 Crucis
2113 3084 2352 3153 vexilla
2390 3086 2444 3165 *,
2487 3108 2642 3154 san-

133 3181 495 3261 ctorumque
557 3172 965 3272 patrocinia,
1019 3193 1277 3240 necnon
1329 3172 1744 3241 candelabra
1800 3171 2064 3241 lumine
2115 3173 2475 3253 radiantia,
2523 3174 2637 3243 sed

129 3271 179 3326 et
216 3277 506 3331 aromata
554 3283 621 3327 in
676 3259 1244 3349 thymiamateriis
1297 3260 1692 3339 redolentia,
1743 3260 2143 3351 psallenteS,
2196 3283 2372 3347 quae
2434 3263 2645 3330 moris

131 3361 214 3416 est
238 3350 476 3422 talibus
523 3348 772 3419 officiis
812 3349 1181 3424 decantari,
1222 3350 1556 3418 carmina.
1607 3354 1771 3418 Dum
1818 3362 2044 3418 autem
2079 3348 2321 3418 feretro
2374 3351 2497 3417 viri
2534 3353 2646 3419 Dei

56 3460 59 3533 J
130 3437 619 3524 sejunxerunt,
675 3436 870 3506 dolor
920 3436 1367 3507 intolerabilis
1423 3438 1769 3506 canticum
1830 3438 2098 3507 cunctis
2164 3437 2532 3517 interdixit,
2584 3454 2648 3507 et

56 3538 57 3563 ¹
131 3521 359 3594 luctum
426 3527 706 3607 indixit,
762 3526 848 3594 ita
902 3540 973 3595 ut
1014 3549 1049 3594 a
1102 3526 1265 3595 fletu
1331 3548 1530 3595 nemo
1581 3538 1805 3616 posset
1853 3539 2265 3616 temperare:
2321 3526 2436 3596 sed
2488 3549 2648 3596 con-

56 3614 57 3625 ’
124 3616 564 3696 querebantur
604 3616 689 3684 de
738 3615 846 3684 sui
899 3616 1214 3705 pastoriS,
1268 3615 1500 3684 dolore
1553 3637 1658 3682 ma
1717 3615 1878 3685 istro
1933 3615 2253 3695 dictante,
2311 3617 2647 3705 intempe-

129 3701 270 3770 stiva
320 3706 896 3775 subtractione...
953 3705 1074 3773 His
1138 3716 1203 3772 et
1251 3702 1601 3773 similibus
1688 3703 1860 3773 olori
1918 3703 2435 3783 satisfacienteS,
2492 3727 2648 3774 san-

128 3791 403 3862 ctissima
457 3795 769 3864 membra
804 3794 870 3861 in
908 3798 974 3861 B.
1027 3792 1197 3861 Petri
1227 3792 1584 3862 basilicam
1618 3793 1931 3872 intulere,
1962 3817 2168 3881 quam
2225 3795 2368 3883 ipsc
2411 3793 2647 3864 beatus

131 3878 215 3946 vir
256 3904 372 3951 sua
419 3883 802 3953 construxit
854 3882 1363 3951 munificentia:
1422 3882 1653 3969 ibique
1721 3882 1986 3952 facibus
2041 3884 2370 3963 accensis,
2429 3885 2648 3972 pervi-

130 3966 305 4051 gilem
359 3984 625 4041 noctem
686 3970 1053 4051 ducentes,
1123 3970 1600 4058 Davidicisque
1671 3972 1958 4040 canticis
2012 3992 2288 4060 operam
2358 3972 2644 4051 dantes,

133 4075 459 4145 usquequo
509 4059 610 4129 sol
644 4058 894 4148 jubare
928 4081 1052 4128 suo
1104 4060 1240 4149 poli
1277 4071 1630 4147 terraeque
1682 4059 1918 4129 faciem
1974 4057 2432 4147 perfunderet,
2503 4083 2650 4150 per·

132 4162 489 4219 severavere
541 4147 933 4239 psallentes.
988 4154 1142 4218 Post
1193 4148 1358 4217 baec
1409 4163 1636 4217 autem
1692 4150 1988 4218 induunt
2036 4169 2217 4225 eum,
2276 4163 2472 4237 prout
2506 4163 2651 4217 erat

56 4250 59 4297 r

134 4342 233 4385 ‘pud
260 4343 522 4386 Bruxeuas:
550 4356 646 4396 quo
678 4355 813 4389 anno,
846 4342 1085 4386 incertum.
1116 4347 1257 4384 'route
1285 4345 1538 4396 sigeberto.
1568 4357 1689 4385 anno
1718 4347 1793 4385 ⁷35
1822 4356 1846 4384 e
1873 4345 1970 4383 zita
1993 4346 2192 4383 excessit
2210 4356 2219 4388 ;
2239 4346 2297 4384 ad
2321 4344 2538 4393 ‚aegidiae
2561 4342 2647 4378 Bu-

134 4391 303 4434 ·herms.
320 4401 392 4437 cui
412 4400 567 4439 Feller
586 4399 765 4447 alitque
786 4398 946 4446 plures
966 4400 1289 4443 consentiunt,
1312 4398 1439 4446 ponit
1464 4410 1637 4438 annum
1661 4400 1750 4437 727.

180 4449 198 4469 ¹
228 4450 325 4489 Vtile
345 4455 581 4502 antiquam
604 4452 980 4492 Christianorum
1004 4452 1318 4492 devotionem.
