2993 4837
30 313 197 377 NOV.
252 313 329 377 19
535 331 615 377 ns
663 329 718 376 s.
771 330 1138 390 susanam,
1192 331 1371 379 sams
1420 330 1787 380 annanias
1835 333 2006 379 rima
2329 319 2459 383 595

29 415 325 484 deterreri
355 413 596 504 potuit,
622 414 930 501 quotidie
959 429 1182 484 tamen
1212 416 1493 504 saepius
1517 417 1874 487 invisebat.
1904 422 2074 486 Tum
2105 417 2204 486 illi
2229 440 2378 489 mos
2406 432 2553 490 erat

30 503 338 573 sciscitari
367 525 407 573 a
441 503 765 594 singulis,
808 526 1111 591 quonam
1175 504 1379 574 modo
1417 526 1566 574 sese
1611 505 1966 586 haberent,
2022 493 2307 596 cujusve
2354 529 2551 578 escae

29 592 344 661 desiderio
401 604 835 662 tenerentur:
909 606 1398 683 compertoque
1452 594 1636 681 quod
1701 595 2127 685 vestigabat,
2191 616 2310 676 ea,
2375 617 2554 683 quae

29 703 238 750 secum
292 680 632 761 attulerat,
690 692 876 750 tanta
923 682 1241 751 comitate
1296 682 1534 783 partiri
1585 705 1705 773 per
1742 684 2078 774 singulos,
2134 695 2211 753 ut
2259 698 2547 754 matrem

29 770 317 840 crederes
353 770 744 862 ministrare
776 770 964 852 filiis,
1005 792 1139 840 non
1181 792 1489 862 reginam
1543 773 1987 861 pauperibus.
2044 777 2203 863 Ipsa
2251 772 2550 845 defectos

29 859 273 927 viribus
320 879 436 948 per
470 880 543 927 se
593 881 893 949 pascere,
938 882 974 928 e
1006 870 1225 931 stratu
1282 860 1541 942 tollere,
1603 871 1870 950 gestare
1926 862 2254 945 brachiis,
2308 883 2549 934 eorum

29 946 216 1017 lectos
254 959 586 1027 excutere,
619 960 684 1016 et
717 948 893 1018 inter
923 949 1094 1017 haec
1123 949 1360 1018 omnia
1406 949 1730 1018 foetorem
1768 950 2197 1019 teterrimum
2248 961 2313 1019 et
2359 951 2551 1020 virus

29 1035 468 1126 singulorum,
528 1036 736 1105 etiam
777 1037 908 1107 sub
956 1037 1212 1107 aestivo
1258 1052 1595 1119 caumate,
1694 1060 1784 1108 uo
1818 1039 2115 1129 graviter
2161 1039 2546 1108 discrucia-

29 1126 256 1194 bantur
283 1124 599 1205 ancillae,
644 1147 883 1196 sereno
918 1121 1125 1196 vultu*
1150 1126 1469 1215 perferre,
1504 1060 1828 1214 quodque
1867 1127 2023 1197 aliis
2073 1127 2225 1197 visu
2271 1148 2548 1215 quoque

29 1214 465 1283 abominabile
504 1212 656 1296 fuit,
688 1213 1100 1284 defluentem
1129 1237 1243 1285 ore
1277 1214 1589 1296 salivam,
1627 1238 1706 1285 ac
1737 1215 2236 1306 propendentes
2267 1218 2542 1286 narium

29 1324 243 1372 mucos
290 1300 628 1371 calantica
664 1317 922 1392 tergere
956 1326 1104 1372 sua.
1158 1309 1342 1373 lnter
1392 1304 1513 1373 hos
1558 1305 1790 1393 pusilli
1839 1327 2114 1392 quoque
2155 1326 2542 1394 pauperum

29 1390 201 1460 liberi
240 1403 456 1471 erant,
501 1413 675 1478 quos
727 1404 1034 1461 materno
1082 1414 1353 1481 semper
1399 1394 1645 1461 affectu
1695 1394 1787 1463 ita
1820 1394 2084 1462 curavit
2115 1393 2537 1475 educandOS‚

29 1492 173 1549 utet
214 1491 499 1549 matrem
558 1480 819 1570 singuli
874 1481 1331 1561 nominarent,
1375 1494 1441 1550 et
1493 1482 1878 1571 ingressam
1934 1483 2140 1552 veluti
2199 1482 2538 1569 quaedam

29 1568 316 1637 examina
353 1568 661 1637 certatim
713 1590 952 1639 omnes
1008 1569 1360 1639 vallarent.
1416 1574 1508 1639 Ex
1554 1592 1852 1657 quorum
1897 1592 2185 1640 numero
2231 1592 2348 1639 eos
2394 1593 2541 1640 am-

29 1657 217 1745 pliore
249 1657 703 1727 humanitatis
734 1658 1064 1745 obsequio
1094 1658 1367 1748 dignari
1407 1658 1728 1728 adnotata
1774 1671 1898 1740 est,
1934 1681 2108 1747 quos
2139 1659 2237 1728 vel
2267 1660 2547 1746 squalor

29 1748 274 1816 nativus
321 1744 684 1827 deformeS,
740 1746 838 1815 vel
885 1746 1178 1836 languor
1223 1746 1508 1829 debiles,
1563 1747 1665 1815 vel
1715 1749 1981 1818 scabies
2042 1748 2542 1818 abominationi

30 1834 329 1904 obnoxios
379 1833 806 1904 reddiderat:
863 1857 996 1905 non
1032 1835 1406 1925 dedignata
1467 1835 1726 1906 sanctis
1767 1838 2165 1926 contingere
2214 1837 2542 1908 manibus

29 1936 202 2009 atque
233 1925 304 1991 in
342 1924 604 2011 gremio
637 1923 983 1993 declinare
1021 1947 1170 2005 su0,
1221 1946 1397 2011 quos
1454 1925 1867 2014 pedisequae
1915 1947 2079 2016 prae
2127 1926 2407 1995 horrore
2459 1948 2544 1994 ne

29 2012 228 2081 videre
266 2011 548 2099 quidem
586 2034 806 2100 aequo
835 2014 1067 2082 animo
1099 2012 1435 2084 valebant.
2582 2018 2594 2031 '

95 2104 128 2187 ξ
170 2107 303 2174 11.
355 2101 533 2170 Huic
567 2101 943 2188 aliquando
997 2100 1227 2172 dedita
1276 2103 1491 2192 operi,
1550 2123 1709 2172 cum
1768 2101 2172 2191 fragmentis
2221 2103 2534 2173 ciborum

29 2187 438 2271 distributis,
495 2201 697 2279 potus
759 2212 1034 2278 quoque
1100 2192 1455 2261 residuum
1522 2212 1850 2280 perquam
1917 2191 2172 2260 modici
2240 2192 2542 2283 singulis

31 2275 507 2365 impertivisset,
583 2279 801 2347 nihilo
848 2279 1061 2348 ferme
1105 2292 1331 2368 postea
1390 2279 1624 2349 minus
1688 2280 1756 2347 in
1825 2279 2070 2369 poculo
2127 2281 2543 2350 remansisse

34 2368 353 2456 comperit.
402 2367 915 2460 Duodetriginta
979 2391 1312 2459 pauperes
1341 2368 1432 2439 ita
1482 2369 1551 2438 in
1593 2368 2018 2439 xenodochio
2057 2368 2539 2460 disposuerat,

30 2466 91 2522 ut
129 2457 445 2545 quopiam
498 2478 535 2525 e
575 2457 743 2526 vivis
773 2457 1180 2538 excedente,
1239 2480 1390 2528 mox
1440 2459 1620 2527 alius
1670 2470 2185 2549 suggereretur,
2239 2457 2546 2528 defuncti

29 2539 172 2613 lecto
245 2537 591 2615 otiturus.‘
616 2545 738 2615 Ubi
763 2547 965 2615 etiam
1013 2569 1134 2636 pro
1171 2547 1472 2633 quodam
1525 2546 1775 2616 debitis
1821 2547 2122 2648 obligato
2174 2547 2537 2637 pecuniam

29 2630 147 2720 ipsa
177 2568 513 2704 dissolvit.
568 2636 898 2723 Nongeuti
948 2635 1252 2720 quotidie
1311 2635 1609 2704 mendici
1656 2639 1789 2706 sub
1822 2636 2041 2705 oculis
2072 2636 2225 2725 ejus
2262 2634 2545 2704 aleban-

29 2733 132 2801 tur,
163 2723 465 2810 exceptis
500 2743 674 2808 quos
718 2744 835 2812 per
867 2723 1273 2793 latissimam
1305 2723 1587 2794 ditionis
1617 2746 1783 2794 suae
1835 2724 2255 2813 provinciam
2304 2745 2540 2812 pasce-

29 2808 114 2878 bat
146 2813 439 2881 absens:
491 2811 675 2900 apud
726 2833 899 2898 quos
946 2834 1187 2881 omnes
1244 2824 1431 2881 tanta
1484 2813 1817 2883 beneficia
1848 2812 2232 2882 indefessae
2285 2812 2535 2882 huma-

29 2898 223 2970 nitatis
284 2898 532 2989 posuit,
606 2913 681 2969 ut
741 2900 1047 2969 redditus
1099 2899 1469 2990 frugesque
1531 2900 2053 2989 locupletissimi
2106 2903 2542 2992 principatus

29 2986 431 3058 vehementer
466 2988 932 3069 exantlaverit,
989 2988 1339 3059 distractis
1398 3009 1897 3075 nonnunquam
1956 3003 2020 3059 et
2066 2992 2376 3079 corporis
2426 2991 2537 3061 sui

29 3078 446 3155 ornamentiS,
499 3089 704 3163 atque
752 3077 821 3145 in
894 3078 1111 3167 pretia
1162 3076 1490 3157 collectiS,
1551 3098 1635 3145 ne
1683 3078 1934 3165 Christi,
1993 3081 2301 3149 membra
2366 3078 2546 3148 fame

29 3164 441 3235 tabescerent.
484 3169 747 3234 Horum
808 3169 1041 3245 causa,
1103 3187 1278 3252 quae
1320 3165 1625 3235 mundus
1672 3165 2148 3254 amplectitur,
2212 3166 2545 3236 detestata

29 3266 129 3338 est;
181 3276 364 3341 quae
401 3253 702 3323 mundus
763 3254 1161 3334 detestatur,
1217 3254 1572 3343 amplexa:
1628 3267 1703 3324 ut
1739 3254 1943 3322 etiam
1988 3255 2263 3323 cuidam
2314 3276 2542 3344 egeno

29 3337 108 3409 lac
139 3342 480 3433 expetenti
518 3364 775 3412 morem
812 3354 1114 3444 gestura,
1160 3343 1342 3412 intra
1383 3364 1708 3433 praesepe
1740 3342 2002 3412 olidum
2036 3365 2168 3412 non
2220 3342 2548 3431 refugerit

30 3431 392 3521 :mulgendi
431 3430 627 3501 lactis
668 3444 910 3520 gratia,
973 3445 1248 3521 sumpto
1289 3433 1357 3500 in
1397 3454 1646 3501 manus
1694 3431 2065 3512 mulctrali,
2119 3431 2204 3500 ad
2257 3430 2544 3521 pecudis

29 3538 215 3605 usque
250 3519 544 3610 papillas
587 3522 823 3609 regina
858 3521 1155 3590 curvari.
1209 3526 1532 3609 Acceptos
1568 3522 1695 3591 hoc
1728 3520 1931 3589 modo
1962 3541 2296 3611 pauperes
2322 3541 2545 3606 usque

29 3605 89 3673 id
137 3631 451 3688 messem,
498 3630 538 3677 a
568 3630 640 3680 se
690 3608 962 3678 tandem
1016 3608 1316 3679 dimisit:
1376 3611 1568 3698 prius
1610 3622 1833 3678 tamen
1873 3609 2151 3698 vegetiS,
2190 3623 2394 3695 atque
2452 3607 2537 3676 ad

29 3692 301 3767 laborem
360 3697 627 3767 idoneis
700 3696 1081 3768 subuculas
1115 3752 1129 3779 ,
1182 3698 1447 3768 calceos
1509 3711 1574 3768 et
1631 3698 1989 3769 falciculas
2051 3697 2337 3778 coemit;
2393 3696 2543 3765 lan-

29 3786 232 3868 guidis
278 3808 434 3856 vero
491 3786 625 3854 alia
682 3786 1023 3873 quaedam
1088 3787 1517 3867 indumenta,
1576 3786 1842 3877 largitis
1897 3788 2186 3877 insuper
2234 3785 2547 3854 nummis

29 3872 442 3962 singulatim:
495 3875 751 3960 quibus
808 3876 1314 3955 deficientibUS,
1378 3876 1446 3943 in
1502 3875 1957 3965 pauperculas
2020 3874 2369 3944 foemellas
2419 3895 2546 3963 pro

29 3964 287 4034 xeniolis
315 3963 690 4033 calanticas
728 3986 807 4033 ac
841 3965 1094 4034 sericos
1147 3963 1555 4053 panniculos
1579 3964 1954 4046 distribuit,
1995 3965 2422 4054 praecipiens
2459 3983 2545 4032 ne

29 4048 254 4120 talibus
312 4065 687 4132 uterentur,
755 4052 872 4121 sed
939 4053 1233 4122 venditis
1294 4068 1495 4140 atque
1538 4054 1605 4122 in
1667 4074 1990 4123 nummos
2050 4052 2341 4121 redactis
2378 4107 2395 4133 ,
2448 4052 2546 4121 ita

29 4134 278 4208 demum
338 4140 725 4210 necessitati
777 4163 942 4211 suae
989 4142 1449 4221 consulerent,
1508 4164 1979 4228 manuumque
2037 4141 2277 4222 labori,
2331 4162 2545 4228 quae-

29 4244 298 4314 cumque
344 4230 655 4319 ipsarum
702 4229 1012 4317 possent,
1079 4244 1631 4300 consuescerent.
1697 4236 2001 4313 Quarum
2059 4253 2199 4299 una
2244 4230 2542 4320 pretium

30 4318 262 4405 accepti
304 4317 611 4387 muneris
660 4339 891 4387 secum
948 4333 1295 4409 reputanS,
1349 4342 1509 4388 cum
1563 4342 1725 4410 prae
1765 4318 2018 4410 gaudio
2064 4318 2533 4398 exclamasset,

31 4419 89 4467 se
122 4425 253 4474 una
291 4406 358 4475 in
410 4406 732 4475 universo
780 4409 943 4478 orbe
977 4408 1322 4477 laetiorem
1362 4429 1511 4477 esse
1552 4410 1922 4489 neminem,
1964 4408 2171 4479 veluti
2202 4408 2542 4478 exanimis
2573 4493 2590 4504 ,.
