2993 4837
459 332 542 393 68
1111 347 1187 391 nu
1236 347 1293 392 s.
1348 309 1638 394 ausano
1686 347 1787 392 Er.
1841 344 2166 393 montaum
2644 328 2800 391 Nox:
2843 330 2873 391 3

372 430 620 500 faceret
645 429 1006 499 humilius.
1041 435 1205 499 Cum
1248 430 1459 521 igitur
1487 431 1688 500 solito
1717 430 2000 500 verbum
2040 430 2304 519 Domjni
2337 423 2703 498 seminator
2729 452 2876 519 egre-

369 519 527 618 gius
563 519 630 587 in
667 541 831 609 agro
865 518 1093 588 cordis
1124 519 1410 587 humani
1438 519 1720 607 jaceret,
1755 518 2130 587 intonando
2165 518 2535 588 salubriter
2566 544 2579 583 :
2619 542 2652 583 «
2678 519 2739 587 Si
2768 541 2874 595 me,

371 608 617 694 inquit,
657 608 940 697 superni
983 607 1242 696 judicis
1285 630 1687 698 praeconem
1738 619 1990 677 attenta
2036 607 2267 676 cordis
2319 630 2486 676 aure
2533 608 2875 677 audieritis.

366 708 431 765 et
478 718 556 765 ea
592 718 765 783 quae
805 697 1021 771 vobis,
1070 710 1347 766 auctore
1382 702 1537 778 Deo,
1589 718 2029 786 supernaque
2068 697 2286 786 gratia
2339 696 2877 765 administrante.

366 785 626 866 dixero,
662 799 1052 855 sanctorum
1084 808 1371 876 operum
1401 785 1797 856 executione
1824 785 2353 871 compleveritis,
2389 784 2565 854 nulli
2596 784 2880 857 dubium.

366 875 535 960 quin
572 888 886 943 aeternae
923 875 1178 964 patriae
1228 875 1715 955 haereditatem
1768 888 1947 943 sorte
1994 873 2393 943 felicissima
2439 895 2704 943 mecum
2751 873 2885 942 ade-

369 964 552 1051 pturi
593 963 787 1042 sitis;
825 986 860 1029 »
899 975 1173 1053 repente
1212 963 1492 1033 invidus
1526 962 1642 1032 ille
1673 964 1857 1032 verbi
1897 964 2007 1031 Dei
2046 963 2397 1044 inimicuS,
2436 964 2554 1048 qui
2594 961 2758 1030 illud
2791 976 2888 1031 aut

367 1051 680 1121 funditus
720 1051 1074 1122 volucrum
1122 1074 1308 1121 more
1340 1074 1602 1142 rapere,
1648 1065 1768 1121 aut
1806 1066 1984 1121 certe
2023 1052 2086 1120 ei
2125 1052 2384 1120 zizania
2415 1052 2585 1122 solet
2638 1052 2888 1120 interse-

369 1162 537 1214 rere.
582 1154 918 1227 quantum
959 1140 1090 1212 sibi
1128 1164 1207 1209 ea
1245 1163 1422 1227 quae
1471 1164 1511 1209 a
1561 1163 1753 1210 servo
1804 1141 1915 1209 Dei
1955 1140 2391 1230 gerebantur,
2431 1140 2884 1230 displicerent,

366 1241 644 1298 coactus
691 1243 815 1309 est,
871 1229 1129 1298 invidia
1163 1242 1467 1320 cogente,
1520 1241 1922 1299 monstrare.
1964 1235 2127 1299 Nam
2174 1228 2402 1298 subito
2434 1252 2552 1298 vas
2585 1227 2745 1296 olim
2782 1228 2891 1296 sibi

368 1317 759 1419 appetibile,
817 1318 1174 1388 mulierem
1220 1317 1500 1397 scilicet,
1560 1341 1678 1408 per
1715 1318 2359 1408 praevaricationem
2400 1320 2696 1408 primam
2736 1316 2887 1385 ami-

369 1408 746 1485 cissimam,
791 1406 1169 1497 ingressuS,
1206 1408 1474 1498 magnis
1514 1407 2019 1493 inconditisqne
2052 1407 2336 1476 vocibus
2367 1408 2589 1496 coepit
2629 1418 2892 1495 perstre-

368 1517 550 1585 pere,
605 1510 670 1565 et
704 1495 1079 1575 silentium,
1124 1517 1261 1582 quo
1305 1497 1584 1565 verbum
1625 1496 1736 1565 Dei
1778 1496 2212 1577 audiebatur,
2259 1495 2366 1564 sui
2403 1495 2893 1584 importunitate

364 1584 690 1653 clamoris
725 1583 1147 1674 perturbare.
1203 1589 1341 1653 Hac
1381 1585 1612 1671 itaque
1647 1585 2123 1655 vociferatione
2174 1585 2430 1665 tetrica,
2469 1584 2583 1652 Vir
2622 1585 2758 1663 Dei,
2793 1606 2895 1652 au-

368 1672 508 1742 dita
557 1688 620 1743 et
653 1673 948 1762 cognita,
995 1673 1075 1741 ad
1116 1696 1187 1742 se
1217 1673 1495 1761 quidem
1540 1675 1922 1743 accurrenti
1964 1675 2186 1764 primo
2216 1674 2491 1762 signum
2532 1674 2770 1742 Crucis
2801 1673 2896 1741 ob-

356 1763 568 1850 jecit:
623 1762 869 1830 deinde
910 1760 1180 1851 alapam
1222 1761 1442 1830 eidem
1489 1762 1856 1851 impressit,
1904 1776 2108 1849 atque
2156 1761 2507 1831 silentium
2559 1762 2894 1851 imposuit.

370 1850 748 1937 Statimque
779 1851 1027 1920 mulier
1053 1853 1120 1919 in
1153 1863 1397 1919 terram
1431 1852 1712 1932 corruit,
1746 1852 1833 1919 ita
1870 1864 1944 1919 ut
1973 1850 2366 1920 crederetur
2389 1850 2755 1919 exanimis.
2791 1854 2860 1918 Se

367 1961 526 2008 cum
569 1939 835 2009 diutius
870 1941 1151 2029 jaceret,
1211 1940 1296 2008 ab
1336 1962 1450 2009 ore
1502 1941 1653 2026 ejus
1709 1940 2045 2027 quaedam
2104 1939 2332 2009 sanies
2372 1939 2495 2008 diu
2537 1939 2893 2029 profluxit.

366 2041 569 2114 atque
605 2042 754 2116 post
788 2028 953 2097 baec
986 2028 1319 2097 daemone
1349 2030 1655 2097 caruit...

456 2120 491 2204 ξ
540 2122 633 2186 9.
713 2117 930 2206 Igitur
985 2139 1141 2186 cum
1195 2118 1397 2187 sciret
1467 2118 1830 2186 imminere
1892 2130 2212 2207 tempus,
2267 2138 2404 2205 quo
2462 2116 2703 2185 anima
2774 2117 2902 2204 ejus

365 2205 712 2295 ergastulo
770 2206 1078 2297 corporis
1126 2205 1540 2275 absolvenda
1593 2206 1798 2287 foret,
1866 2205 2264 2277 discurrens
2327 2228 2445 2295 per
2515 2205 2897 2274 memoriam

368 2307 786 2373 sanctorum,
825 2308 888 2363 et
939 2293 1086 2363 loca
1134 2295 1550 2373 orationum,
1590 2317 1708 2385 per
1755 2318 1991 2365 eorum
2030 2295 2591 2365 intercessionem
2637 2294 2900 2363 Domino

366 2382 895 2453 commendabat
944 2404 1139 2452 suam
1192 2383 1704 2453 resolutionem.
1761 2389 1925 2453 Nam
1981 2385 2257 2454 veniens
2310 2397 2465 2453 ante
2516 2383 2896 2472 sepulcrum

367 2473 544 2542 beati
580 2472 920 2541 Lamberti
970 2473 1036 2539 in
1076 2471 1458 2553 basilicam,
1520 2496 1726 2561 quam
1781 2475 1926 2564 ipse
1964 2473 2400 2554 condiderat,
2466 2488 2531 2544 et
2596 2474 2713 2561 pia
2770 2493 2900 2540 ossa

368 2561 542 2630 inibi
595 2574 809 2629 terrae
861 2560 1327 2641 mandaverat,
1387 2563 1676 2631 orationi
1730 2562 2119 2632 diutissime
2170 2562 2524 2640 incubuit,
2584 2561 2902 2646 solitoque

367 2650 548 2718 fonte
598 2649 1063 2738 lacrymarum
1118 2672 1330 2738 genas
1381 2650 1647 2741 rigavit,
1684 2649 1905 2720 oculis
1942 2649 2269 2739 lacrymis
2367 2649 2647 2728 erfusis,
2694 2671 2900 2720 aram-

365 2760 502 2826 que
535 2737 970 2818 deosculans,
1009 2738 1336 2808 fratribus
1395 2740 2010 2809 circumstantibus
2060 2752 2273 2808 semet
2375 2738 2684 2807 umiliter
2747 2759 2904 2806 com·

367 2826 738 2895 mendavit.
795 2825 1382 2916 Progrediensque
1418 2828 1599 2910 inde,
1642 2827 2024 2904 basilicam,
2061 2850 2270 2915 quam
2312 2829 2458 2917 ipse
2490 2828 2624 2896 sub
2668 2828 2904 2896 honore

368 2915 544 2985 beati
573 2915 744 2984 Petri
779 2915 1111 3006 principis
1142 2916 1614 3006 Apostolorum
1656 2918 1940 2986 Domino
1967 2917 2331 2995 dicaverat,
2365 2929 2693 2985 oraturus
2729 2915 2902 2984 adiit.

368 3004 535 3072 Inde
583 3005 784 3074 etiam
836 3017 993 3073 ante
1039 3003 1286 3087 altare,
1341 3005 1523 3093 quod
1581 3006 1650 3073 in
1715 3006 1970 3075 bonore
2029 3005 2203 3074 beati
2261 3005 2483 3076 Albini
2549 3006 2618 3072 in
2685 3004 2902 3072 eadem

369 3092 660 3162 basilica·
685 3094 974 3162 Domino
1012 3107 1551 3175 consecraverat,
1585 3094 1848 3164 diutius
1880 3094 2182 3164 curvatis
2216 3094 2510 3184 genibus
2540 3094 2903 3162 orationem

370 3181 716 3272 profudit:
776 3203 1062 3270 moxque
1089 3184 1175 3252 ab
1206 3184 1512 3252 oratione
1546 3204 1861 3274 surgens,
1907 3182 2138 3252 dixitz'
2167 3188 2247 3251 In
2285 3185 2610 3252 memoria
2646 3194 2904 3277 aeterna

365 3273 493 3340 erit
530 3272 783 3361 justu-3,
815 3284 943 3340 etc.
997 3276 1131 3354 (Pa.
1167 3273 1345 3360 lll);
1391 3294 1902 3358 conversusque
1941 3272 2025 3341 ad
2085 3272 2435 3362 parietem,
2467 3285 2531 3340 et
2583 3285 2909 3359 protensis

369 3382 490 3447 per
518 3383 678 3429 eum
730 3360 1056 3442 brachiis,
1102 3360 1328 3429 locum
1382 3361 1685 3451 sepulcri
1738 3362 1846 3430 sui
1891 3382 2320 3450 permensuS,
2382 3361 2511 3429 ait:
2559 3383 2594 3424 «
2631 3362 2759 3429 Hic
2807 3358 2909 3425 de·

368 3448 545 3520 fossa
582 3449 798 3518 humo
850 3449 1041 3519 locus
1094 3471 1280 3518 meae
1315 3450 1713 3539 sepulturae
1767 3463 2149 3539 pareturae.
2204 3455 2368 3519 Nam
2424 3448 2604 3516 istud
2672 3465 2910 3537 corpus

368 3538 837 3608 miserrimum
888 3537 1044 3607 istic
1082 3537 1402 3607 collocari
1463 3538 1802 3628 disposui,
1860 3560 2235 3628 precorque
2285 3551 2361 3608 ut
2418 3559 2606 3606 meae
2667 3538 2910 3625 migra-

369 3627 536 3696 tioni
580 3627 818 3697 vestris
869 3626 1191 3716 precibus
1252 3626 1878 3696 adminiculemini.
1937 3632 2151 3698 Instat
2189 3627 2374 3695 enim
2427 3640 2727 3713 tempu5‚
2788 3642 2910 3710 quo

368 3714 536 3783 haec
568 3716 905 3806 torpentia
941 3717 1250 3784 membra
1299 3716 1587 3805 spiritus
1626 3716 1989 3802 relinquat,
2037 3716 2393 3803 judicique
2444 3737 2569 3783 suo
2608 3734 2912 3800 praesen-

370 3804 621 3874 tandus
669 3809 1238 3874 occurrat.»Non
1296 3804 1590 3875 multum
1645 3805 1856 3895 igitur
1906 3805 2232 3894 temporis
2283 3803 2685 3874 interfluxit.
2734 3803 2912 3891 juxta

367 3892 547 3977 quod
604 3893 706 3961 vir
754 3894 865 3962 Dei
927 3915 1136 3983 super
1191 3894 1588 3982 sepulturae
1663 3917 1827 3962 suae
1897 3892 2355 3964 celebratione
2408 3914 2522 3961 ore
2595 3911 2911 3980 praesago

368 3981 799 4050 actitandum
827 3982 997 4052 forte
1046 3981 1503 4071 disposuerat,
1561 4004 1684 4053 nos
1736 3982 2126 4052 fidelissimi
2176 4006 2253 4052 ac
2305 3981 2729 4050 devotissimi
2778 3979 2911 4067 ejus

369 4070 611 4137 famuli
673 4071 990 4140 flebiliter
1027 4071 1288 4140 executi
1340 4094 1630 4141 sumus:
1676 4072 2000 4158 quoniam
2047 4072 2323 4171 triginta
2381 4071 2652 4138 dierum
2708 4066 2910 4158 spatio

367 4158 658 4239 evolutO,
699 4160 947 4247 spiritu
980 4162 1132 4247 ejus
1169 4161 1233 4229 in
1287 4173 1468 4230 astra
1502 4159 1787 4229 feliciter
1819 4161 1905 4230 ab
1939 4161 2213 4250 Angelis
2263 4174 2488 4229 evecto
2535 4158 2589 4236 ⁸,
2648 4175 2905 4226 sacrum
2963 4199 2964 4238 3

368 4269 620 4337 corpus
651 4248 802 4334 ejus
854 4249 937 4317 ad
989 4249 1282 4319 eundem
1342 4249 1831 4319 tumulandum
1872 4249 2272 4318 adveximus
2326 4249 2545 4318 locum
2563 4299 2697 4313 .....
2963 4251 2964 4260 ’

420 4443 447 4470 *
484 4442 613 4483 Diem
658 4452 931 4492 supremum
973 4442 1084 4483 obiit
1120 4446 1445 4484 sanctim-imus
1486 4445 1693 4483 Antiates
1736 4444 1973 4483 Habes-tus
2013 4444 2125 4482 loco,
2167 4444 2247 4491 qui
2287 4455 2407 4482 :tunc
2442 4446 2713 4484 'serviren—n
2743 4444 2911 4480 dicitur.
2963 4431 2964 4440 ¹
