2993 4837
24 314 138 399 ΙΟΥ.
188 315 264 379 43
824 334 898 378 na
948 334 1004 379 s.
1060 330 1288 378 moseo
1334 333 1630 380 conrssss.
2281 318 2409 381 445

25 414 253 499 hristus
277 429 445 497 erat,
493 429 562 486 et
593 417 764 484 mori
809 416 1110 498 lucrum,
1145 417 1366 505 coepit
1414 417 1726 505 martyrii
1757 417 2097 486 desiderio
2138 417 2498 486 vehemen-

107 506 405 596 flagrare.
463 511 629 575 Erat
663 506 731 573 in
782 527 883 586 eo,
919 527 1051 574 non
1096 505 1322 574 solum
1378 505 1738 575 columbae
1792 506 2224 595 simplicitas.
2278 506 2393 575 sed
2435 518 2502 575 et

117 596 283 664 entis
333 595 734 685 prudentia;
785 616 999 681 quare
1035 593 1250 663 multa
1288 616 1443 662 cum
1512 594 1865 683 vigilantia
1910 608 1975 663 et
2025 594 2359 685 regularis
2393 594 2499 663 di-

55 682 279 772 'plinae
324 684 768 754 observantia
816 684 919 751 vir
953 683 1064 753 Dei
1103 684 1170 751 in
1224 705 1345 751 sua
1396 683 1706 752 custodia
1757 684 2138 754 excubabat
2191 685 2258 752 in
2310 683 2503 752 omni

51 773 301 841 nctitate
346 786 410 841 et
440 772 745 863 justitia,
799 772 1018 841 forma
1051 772 1270 840 sactus
1321 771 1554 861 pusilli
1609 772 1838 862 gregis
1876 773 2010 853 sui,
2072 785 2136 841 et
2188 772 2500 841 fidelium

24 859 461 939 isulanorum,
519 861 781 947 quibus
840 862 1064 930 bonus
1112 860 1280 928 odor
1347 860 1593 929 Christi
1650 872 1795 930 erat
1843 861 1926 928 ad
1997 862 2226 941 vitam,
2286 862 2375 929 ita
2425 872 2503 929 ut

24 948 329 1034 iequentes
361 972 526 1020 eum
574 949 865 1028 adirent,
910 972 989 1017 ex
1018 948 1309 1036 ejusque
1340 948 1822 1038 spiritualibus
1855 949 2218 1038 colloquiis
2254 950 2498 1019 miram

25 1051 267 1126 aperent
303 1038 850 1110 consolationem
902 1052 967 1106 et
998 1037 1438 1125 voluptatem.

62 1128 90 1211 ἓ
129 1131 195 1196 ἵ.
247 1133 570 1218 Magnam
619 1148 772 1195 vero
809 1126 1224 1195 exercendae
1258 1126 1614 1197 charitatis
1647 1129 1938 1218 segetem
1978 1129 2046 1196 in
2083 1126 2333 1198 insulis
2367 1126 2503 1195 illis

24 1227 217 1296 tactus,
258 1216 618 1302 simulque
656 1214 1120 1301 consequendi
1172 1216 1482 1304 martyrii
1534 1238 1654 1306 spe
1711 1218 2068 1298 incitatuS,
2126 1216 2378 1286 multos
2423 1238 2505 1284 ex

24 1304 480 1375 Lanariensibus
517 1303 838 1375 infideles
874 1315 938 1372 et
987 1303 1282 1392 impuris
1329 1304 1558 1374 adbuc
1607 1304 1947 1376 idolorum
2000 1305 2503 1394 superstitioni-

24 1410 104 1469 ms
133 1393 450 1474 addictos,
495 1394 728 1468 verbo,
780 1392 1130 1481 exempIO,
1183 1393 1612 1462 orationibus
1661 1394 1743 1462 ad
1797 1395 2041 1465 Christi
2102 1394 2301 1463 fidem
2355 1414 2505 1483 per-

24 1474 177 1558 luxit,
208 1504 338 1568 quo
371 1483 442 1551 in
477 1503 791 1564 munere,
835 1481 1002 1551 dum
1038 1493 1314 1551 strenue
1351 1493 1759 1565 versaretur,
1801 1485 2016 1554 multa
2052 1482 2151 1552 illi
2196 1483 2503 1572 pericula

25 1572 490 1657 peaCanaria,
547 1593 727 1659 quae
775 1592 1020 1659 magna
1081 1570 1494 1660 appellatur,
1542 1571 1800 1641 diaboli
1850 1572 2107 1642 invidia
2154 1571 2498 1652 conflavit,

24 1674 164 1744 nepe
207 1659 272 1728 in
322 1660 577 1750 capitis
633 1673 698 1728 et
738 1660 910 1729 vitae
968 1658 1340 1729 discrimen
1397 1660 1602 1740 venit,
1669 1674 1749 1729 ut
1805 1684 1951 1732 sese
1998 1663 2137 1749 jam
2192 1660 2500 1750 martyrii

25 1744 191 1819 ulma
235 1750 618 1837 potiturum
671 1758 1012 1836 speraret;
1065 1748 1179 1817 sed
1237 1753 1368 1817 Deo
1416 1748 1612 1819 aliter
1661 1749 2089 1839 disponente,
2149 1771 2281 1818 non
2327 1772 2506 1818 mar-

63 1835 143 1902 rio
170 1839 436 1907 animus
485 1850 553 1907 et
603 1834 941 1917 voluntas,
974 1836 1090 1905 sed
1135 1836 1468 1907 voluntati
1503 1839 1910 1927 martyrium
1955 1839 2193 1919 defuit3
2231 1850 2295 1907 et
2327 1851 2505 1908 certe

26 1852 181 2011 geria
225 1947 352 1996 non
404 1926 652 2004 defuit,
705 1948 862 1996 cum
901 1925 1249 2014 praeclare
1288 1947 1328 1993 a
1375 1926 1572 1995 beato
1623 1940 1918 2016 martyre
1968 1927 2305 2028 Cypriano
2340 1927 2507 1996 scri-

27 2020 160 2079 )tum
205 2014 308 2095 sit,
344 2015 428 2084 ad
488 2036 817 2085 coronam
860 2014 971 2083 Dei
1021 2015 1544 2104 promerendam
1598 2016 1820 2104 ipsius
1882 2016 2346 2085 testimonium
2396 2038 2505 2085 so-

26 2116 121 2166 um
163 2103 492 2184 sufficere,
547 2103 670 2189 qui
697 2103 1138 2190 judicaturus
1185 2115 1308 2184 est,
1363 2105 1481 2190 qui
1535 2127 1787 2174 arcana
1840 2127 2068 2174 rerum
2126 2117 2496 2184 scrutatur,

25 2189 275 2259 ttcordis
315 2192 631 2262 intuetur
676 2192 965 2262 occulta.
1012 2197 1187 2282 Ergo
1233 2204 1296 2261 et
1341 2215 1760 2281 purpuream
1816 2194 1901 2263 de
1950 2193 2270 2282 passione
2318 2213 2508 2261 coro-

26 2290 136 2344 nam
177 2278 398 2367 aliquo
442 2280 654 2350 modo
687 2281 967 2370 accepit,
1020 2293 1084 2349 et
1136 2281 1389 2352 multas
1434 2281 1521 2350 de
1560 2282 1759 2351 bonis
1815 2282 2140 2372 operibus
2174 2280 2507 2350 candidas

25 2371 348 2452 reportavit,
405 2381 793 2441 reservatus
832 2392 868 2438 a
915 2374 1044 2439 Deo
1093 2380 1169 2438 ut
1209 2370 1463 2442 multos
1512 2371 1776 2441 Christo
1826 2370 2254 2442 lucrifaceret
2291 2369 2347 2439 ⁴⁸.

62 2455 111 2608 Ξ
146 2459 214 2528 S.
262 2465 409 2529 Jam
490 2460 677 2528 enim
720 2458 788 2527 in
842 2460 1160 2528 universa
1210 2460 1542 2548 Hispania
1599 2461 2064 2530 clarissimum
2134 2473 2279 2529 erat
2329 2458 2505 2528 beati

27 2537 74 2606 ui
102 2545 201 2640 'aci
231 2570 507 2627 nomen,
545 2568 1004 2638 magnamque
1037 2547 1220 2636 apud
1256 2569 1495 2618 omnes
1542 2560 1606 2618 et
1635 2550 2132 2620 venerationem
2184 2562 2247 2617 et
2281 2547 2507 2617 admi-

27 2641 290 2703 rationem
324 2637 650 2717 habebat‚
688 2648 754 2705 et
788 2649 1134 2722 tamquam
1185 2636 1519 2725 Angelum
1554 2639 1924 2724 quemdam
1959 2639 2025 2707 in
2071 2639 2267 2707 terris
2302 2658 2509 2728 agen-

27 2721 119 2806 tem
163 2723 247 2792 sic
277 2747 432 2794 eum
483 2725 800 2795 homines
857 2724 1327 2805 intuebantur;
1382 2725 1556 2794 nibil
1620 2727 1736 2797 illo
1785 2728 2033 2799 lenius,
2096 2727 2265 2796 nihil
2312 2748 2507 2794 man-

27 2808 249 2889 metius.
303 2813 402 2883 lac
442 2827 513 2883 et
564 2814 693 2882 mel
744 2813 873 2882 sub
905 2813 1144 2902 lingua
1190 2814 1365 2903 ejus,
1411 2826 1476 2883 et
1508 2836 1625 2884 cor
1660 2816 1813 2903 ejus
1866 2815 2205 2885 mundum
2242 2828 2307 2884 et
2343 2816 2507 2884 sim-

28 2889 137 2994 ΡΙθξ
176 2900 543 2973 christiana
592 2901 959 2972 dulcedine
1011 2901 1481 2984 redundabat;
1535 2907 1764 2974 omnia
1814 2905 1881 2972 in
1951 2906 2198 2975 bonam
2291 2916 2506 2973 artem

29 2997 298 3074 accipere,
350 2991 434 3061 de
501 2993 775 3060 nemine
839 2990 1012 3060 male
1050 2991 1404 3080 judicare,
1469 2991 1739 3061 nullum
1814 2994 2143 3063 adversus
2204 2995 2504 3080 aiquem

31 3070 252 3146 verbum
301 3080 622 3150 acerbius
672 3079 1059 3149 immittere.
1124 3080 1192 3150 Si
1244 3102 1445 3167 quem
1502 3103 1658 3150 vero
1718 3094 1955 3151 contra
2004 3082 2217 3172 legem
2286 3084 2398 3151 Dei
2447 3094 2510 3151 et

29 3162 347 3247 regularem
414 3168 589 3239 disci
649 3168 859 3237 linam
913 3181 1304 3258 peccantem
1370 3169 1961 3250 animadverteret,
2030 3172 2173 3241 zelo
2245 3172 2356 3239 Dei
2409 3171 2512 3239 in-

30 3263 246 3346 census,
296 3256 507 3328 libere
554 3281 592 3326 o
639 3256 986 3347 jurgabat,
1037 3257 1230 3326 nulla
1266 3271 1486 3327 tamen
1526 3259 1593 3326 in
1656 3281 1725 3328 re
1769 3259 2059 3350 gloriam
2111 3280 2336 3339 suam,
2392 3259 2507 3327 sed

32 3333 114 3432 Dei
144 3340 445 3416 honorem
491 3357 556 3415 et
603 3347 969 3415 fraternam
1023 3346 1384 3417 utilitatem
1422 3349 1815 3434 quaerebat.
1870 3349 2100 3437 Signis
2147 3347 2349 3416 etiam
2379 3402 2393 3426 ‚
2447 3359 2512 3415 et

33 3432 328 3501 miraculis
374 3436 710 3504 viventem
748 3458 1016 3505 servum
1062 3458 1268 3505 suum
1319 3435 1685 3506 illustravit
1720 3442 1919 3516 DeuS,
1972 3438 2260 3538 ejusque
2293 3434 2512 3505 excel·

33 3504 229 3587 lentem
271 3522 468 3592 fidem
522 3524 730 3593 rebus
777 3524 1214 3594 mirabilibus
1246 3523 1627 3594 alliciendis
1666 3525 2138 3616 multipliciter
2173 3523 2506 3614 patefecit.

35 3598 299 3678 Elucebat
342 3612 408 3681 in
460 3634 542 3681 eo
588 3613 964 3703 singularis
1064 3614 1234 3682 ratia
1280 3615 1744 3696 curationum,
1802 3616 1893 3684 ita
1946 3627 2024 3684 ut
2068 3614 2377 3700 undique
2425 3610 2508 3680 ad

37 3703 155 3758 eum
196 3697 333 3786 ejus
381 3702 476 3770 rei
513 3722 722 3771 causa
748 3724 953 3788 quam
1013 3636 1248 3770 izorimi
1298 3703 1749 3782 confluerent;
1791 3703 1901 3773 ille
1952 3725 2109 3772 vero
2143 3703 2298 3782 side,
2334 3723 2512 3787 quae

43 3792 143 3878 μετ’
171 3783 269 3853 Dei
306 3789 734 3860 dilectionem
781 3790 933 3860 miri
968 3813 1070 3860 ica
1105 3803 1449 3880 operatur,
1492 3793 1556 3860 in
1600 3794 1884 3862 Domino
1926 3795 2306 3871 roboratuS,
2351 3812 2511 3859 cum

41 3859 275 3961 digitum
309 3877 374 3947 in
411 3878 826 3968 lampadem,
858 3902 1035 3966 quac
1064 3892 1219 3949 ante
1252 3901 1514 3950 sacram
1548 3882 1985 3951 Beatissimae
2011 3880 2309 3970 Virginis
2337 3879 2515 3947 ima-

44 3968 221 4054 §mem
265 3966 660 4047 collucebat,
707 3967 1117 4050 demisisset,
1157 3991 1238 4037 ex
1284 3969 1435 4057 ejus
1480 3970 1629 4039 oleo
1677 3983 1985 4058 aegrotos
2035 3970 2231 4059 signo
2280 3968 2516 4058 Crucis

45 4036 372 4138 Obstgnatos
419 4057 865 4157 perungebat,
907 4056 1277 4126 multorum
1334 4081 1419 4127 ue
1469 4059 1689 4129 varios
1731 4058 2099 4148 languores
2128 4069 2191 4125 et
2242 4057 2516 4126 morbos

48 4136 299 4211 eiusdem
332 4146 563 4215 Crucis
612 4156 880 4226 virtute,
922 4146 988 4214 in
1041 4168 1176 4233 qua
1229 4168 1302 4215 so
1335 4169 1371 4214 a
1420 4146 1866 4247 gloriabatur,
1937 4144 2343 4214 mirabiliter
2404 4167 2515 4214 sa-

51 4217 226 4294 nabat.
272 4233 517 4304 Accidit
563 4233 937 4322 aliquando
978 4249 1113 4305 ute
1160 4236 1512 4316 coenobio,
1554 4236 1621 4303 in
1660 4257 1796 4322 quo
1833 4247 1998 4315 erat,
2047 4233 2131 4303 ad
2178 4232 2510 4322 oppidum

53 4302 97 4369 S·
137 4312 322 4389 Lucae
354 4322 435 4392 de
466 4322 838 4393 Barameda
875 4324 1446 4412 proficisceretur,
1481 4324 1686 4393 fratre
1716 4346 1856 4394 uno
1884 4323 2153 4403 comite;
2188 4342 2509 4407 cumque,

91 4427 107 4453 ⁸
128 4431 161 4472 ⁸·
184 4438 360 4488 Didaeun
379 4449 426 4490 in
447 4449 721 4499 Hispaniam
740 4458 962 4492 ret-ersus
983 4450 1055 4492 cst
1079 4458 1200 4490 anno
1221 4449 1345 4490 114¹:
1369 4458 1420 4488 ac
1445 4458 1566 4491 tuno
1587 4452 1690 4490 1450
1708 4450 1906 4490 Romam
1927 4449 2054 4490 venit
2073 4445 2279 4490 subit-ei
2297 4446 2449 4487 causi.
