2993 4837
542 275 664 338 ⁴56
1293 291 1367 336 ns
1417 293 1471 336 s.
1527 289 1765 337 canoto
1815 290 2145 338 nonnousso
2694 274 2848 340 Nov.
2889 277 2918 342 l

449 374 807 455 salutares,
855 388 1050 464 turpe
1081 374 1217 444 fere
1266 375 1393 444 sibi
1431 375 1864 445 existimabat
1897 376 2170 444 inanem
2213 376 2453 445 redire.
2486 381 2636 464 lpse
2675 377 2812 446 item
2842 378 2920 445 di·

450 463 627 533 vinis
661 466 907 554 opibus
932 464 1404 545 confirmatuS,
1441 464 1866 553 Episcopalis
1908 465 2081 534 vitae
2119 486 2400 534 cursum
2440 470 2648 535 Roma
2681 464 2922 550 rediens,

449 553 670 622 acrior
712 575 1001 642 semper,
1046 551 1416 639 fortiorque
1459 552 1844 635 repetebat,
1898 566 1962 622 et
2005 554 2070 619 in
2116 553 2287 621 vitae
2336 555 2684 623 sanctitate
2718 553 2926 624 solebat

452 642 813 730 insigniter
866 640 1177 730 progredi
1212 696 1226 721 ‚
1285 642 1438 710 licet
1485 641 1640 710 aliis
1691 663 2184 730 saepenumero
2225 664 2423 711 secus
2453 643 2729 722 eveniat;
2770 641 2928 711 nimi-

449 752 598 799 rum
633 730 796 799 haec
831 729 1022 799 valde
1049 729 1327 808 distant,
1368 735 1620 799 Romae
1652 731 1963 817 pietatem
2009 752 2088 798 ac
2131 731 2583 811 sanctitatem,
2618 731 2708 800 vel
2743 730 2928 820 splen·

450 820 735 898 dorem,
791 841 869 886 ac
919 819 1212 907 speciem
1270 818 1560 898 intueri;
1619 820 1761 906 ipse
1808 832 1986 887 certe
2047 817 2108 886 id
2161 817 2427 888 fructus
2485 841 2560 888 cx
2611 819 2932 909 Apostolicn

448 906 657 986 Sede,
720 906 1022 994 locisque
1071 907 1532 976 sanctissimis
1583 907 2010 976 referendum
2063 907 2511 985 ostendebat,
2564 930 2732 995 quae
2771 906 2848 976 de
2881 929 2930 976 se

446 995 691 1064 durius·
724 996 1056 1076 statuerit,
1095 996 1423 1084 deinceps
1454 996 1910 1085 apparebunt.
1953 996 2276 1066 Familiae
2327 1018 2599 1078 nomen,
2643 1009 2942 1070 annuentni

446 1085 797 1162 Pontifice,
847 1106 1009 1153 tunc
1050 1083 1132 1153 ad
1186 1084 1649 1153 humanarum
1696 1106 1921 1152 rerum
1965 1084 2510 1172 despicientiam,
2553 1097 2942 1170 veterumque¹

448 1173 927 1252 imitationem,
969 1172 1280 1253 dimisit;
1334 1187 1398 1242 et
1442 1171 1754 1258 ejusdem
1809 1172 2200 1263 insignibus
2232 1195 2268 1241 e
2316 1173 2724 1263 scriptorum
2769 1169 2934 1241 eccle·

448 1260 878 1330 siasticorum
934 1261 1152 1351 signis
1201 1261 1541 1340 sublatis,
1605 1282 1839 1329 eorum
1895 1260 2088 1341 loco,
2148 1262 2500 1331 Pontificia
2563 1261 2927 1340 auctoritate,

449 1365 889 1437 veterumque
923 1349 1603 1438 Arcbiepiscoporum
1658 1349 2057 1428 imitatione,
2096 1351 2489 1420 coelestium
2544 1364 2942 1440 patronorum¹

447 1438 742 1508 Gervasii
800 1451 864 1507 et
910 1438 1193 1508 Protasii
1248 1451 1627 1527 martyrum
1666 1493 1680 1518 ,
1736 1437 2214 1525 Praesulisque
2264 1440 2598 1510 Ambrosii
2655 1440 2817 1508 inter
2850 1451 2942 1508 eos:

450 1525 655 1595 medii
707 1528 1043 1616 imagines
1104 1527 1503 1606 substituit,
1558 1526 1891 1615 appositis
1948 1548 2027 1595 ex
2095 1528 2431 1597 Ambrosii
2507 1529 2773 1617 ipsiuS,
2834 1527 2942 1596 non}

449 1615 669 1684 solum
723 1615 1019 1705 scriptis,
1082 1615 1194 1684 sed
1249 1637 1456 1685 sensu
1506 1627 1709 1702 atque
1757 1616 2011 1692 animo,
2073 1616 2182 1683 his
2231 1618 2454 1686 verbis
2520 1621 2709 1686 Tales
2769 1614 2934 1684 ambit

447 1705 840 1792 defensores,
896 1703 1205 1773 Calculos
1252 1704 1332 1773 ad
1391 1704 1809 1805 precandum
1863 1704 2210 1773 Pontificis
2258 1706 2662 1775 auctoritate
2710 1715 2930 1784 sacros,

448 1791 517 1859 id
569 1792 750 1878 quod
792 1813 912 1881 pro
962 1791 1178 1862 salute
1218 1814 1445 1882 gregis
1476 1813 1748 1882 semper
1795 1791 2075 1873 solebat,
2129 1792 2355 1863 attulit
2397 1791 2930 1863 innumerabiles*

448 1901 871 1969 quamquam
944 1881 1142 1968 pauci
1196 1903 1315 1970 pro
1375 1880 1983 1950 mediolanensium
2060 1881 2302 1970 pietate
2360 1883 2480 1952 visi
2532 1896 2722 1952 sunt.
2786 1886 2931 1966 Saca-

450 1981 706 2057 septem
750 1968 1125 2059 insignium
1175 1970 1622 2039 ecclesiarum
1669 1969 1866 2040 Urbis
1899 1969 2368 2058 indulgentiae
2397 1971 2673 2040 divinae
2710 1991 2905 2039 mun·-

450 2058 771 2127 obtinuit.
811 2059 879 2126 in
924 2057 1197 2128 totidem
1238 2057 1602 2127 Mediolani
1634 2057 1944 2127 ecclesiis
1994 2057 2413 2138 collocanda,
2451 2082 2634 2146 quae
2675 2080 2775 2128 res
2805 2058 2925 2126 f-„iz

448 2159 522 2215 ut
578 2168 755 2233 quae
814 2161 1065 2217 veteres
1111 2146 1481 2226 ecclesiae,
1538 2146 1728 2226 locis,
1781 2159 1847 2215 et
1895 2147 2098 2216 rebus
2147 2146 2505 2216 Mediolani
2554 2162 2754 2217 erant
2795 2169 2852 2214 c

446 2233 921 2323 dignissimae,
981 2235 1395 2324 negligentia
1449 2256 1604 2305 vero
1653 2236 2082 2304 sacerdotum
2134 2249 2200 2304 et
2246 2236 2538 2305 aliorum
2586 2259 2755 2324 pene
2795 2235 2866 2303 de
2919 2299 2930 2310 ,

447 2323 669 2404 lictae,
696 2345 937 2393 rursus
974 2325 1122 2414 piae
1166 2323 1629 2393 multitudinis
1672 2323 2073 2409 frequentia,
2112 2325 2443 2414 cultuque
2482 2327 2841 2414 praecipuo

451 2410 926 2493 lcbrarentur,
993 2410 1108 2481 sed
1168 2411 1317 2499 ejus
1376 2413 1466 2482 rei
1524 2412 2142 2503 promulgationem
2193 2412 2458 2483 distulit
2519 2413 2591 2482 in
2651 2428 2824 2503 poste
2928 2449 2931 2452 ·

450 2523 710 2571 annum
737 2554 756 2580 ,
819 2512 1165 2590 propterea
1194 2502 1375 2586 quod
1416 2501 1700 2571 Romani
1735 2502 1991 2572 Jubilei
2030 2501 2286 2571 donum
2333 2503 2834 2574 sanctissimum
2866 2519 2927 2566 ιε’

450 2588 601 2658 dem
656 2612 694 2658 a
744 2590 1064 2658 Pontilice
1098 2590 1723 2660 Mediolanensibus
1758 2590 1903 2658 suis
1942 2613 2099 2659 cum
2140 2592 2596 2681 impetrasset,
2641 2612 2823 2661 sacra
2853 2586 2886 2657 il
2930 2617 2935 2626 ·

449 2678 779 2746 beneficia
824 2677 1132 2768 disjungi
1167 2678 1381 2747 satius
1413 2678 1649 2757 duxit;
1688 2700 1825 2766 quo
1862 2678 2235 2748 illustriore
2268 2680 2511 2770 gratia,
2551 2677 2863 2750 uberiori
2890 2705 2897 2732 ι

448 2764 677 2834 fructu
708 2766 1107 2855 singillatim
1142 2767 1652 2856 exciperentur,
1691 2768 2114 2856 praesertim,
2154 2769 2333 2854 quod
2366 2782 2744 2855 utrumque
2774 2766 2824 2834 vi
2868 2791 2903 2824 ··ι

446 2852 688 2922 darum
741 2854 1182 2924 ecclesiarum
1216 2877 1492 2944 operam
1525 2857 1934 2942 requirebat.
1969 2861 2161 2925 Anno
2205 2857 2414 2947 igitur
2450 2879 2720 2927 uncxxw
2754 2869 2822 2925 ut
2847 2853 2935 2922 hc·

447 2942 643 3028 quasi
684 2944 1185 3031 praecurrendo
1222 2966 1516 3024 narrem,
1549 2966 1706 3013 cum
1735 2945 2033 3013 edictum
2070 2946 2290 3033 primo
2323 2967 2443 3034 pro
2497 2946 2812 3021 osuisset‚
2838 2963 2905 3028 q

446 3031 659 3100 multa
710 3032 923 3101 sacris
973 3031 1138 3102 locis
1187 3032 1506 3102 indecora
1558 3033 2000 3110 vetabantur,
2061 3035 2264 3103 veluti
2314 3033 2398 3104 de
2473 3034 2647 3103 aicis
2687 3056 2726 3103 a
2770 3033 2880 3101 cho
2912 3075 2935 3096 -,

446 3120 850 3189 clericorum
902 3121 1263 3202 arcendis;
1319 3120 1575 3191 litteras
1610 3143 1884 3207 quoque
1929 3121 2292 3202 edidisset,
2346 3123 2673 3210 antiquae
2725 3121 2913 3211 pieta·

448 3207 926 3298 plenissimas,
979 3224 1055 3279 ut
1104 3210 1338 3279 fideles
1385 3211 1695 3288 doceret,
1749 3233 1884 3296 qua
1938 3212 2195 3279 ratione
2245 3212 2310 3279 in
2363 3211 2676 3280 ecclesiis
2734 3228 2934 3278 versa

447 3296 791 3373 deberent,
830 3311 895 3367 et
934 3298 1015 3367 ad
1054 3321 1401 3368 sacrarum
1458 3320 1683 3367 rerum
1739 3300 2181 3368 reverentiam
2237 3299 2678 3380 incenderet,
2730 3309 2933 3386 septe

446 3387 864 3456 nominavit:
912 3387 1254 3475 Majorem,
1304 3388 1518 3456 sancti
1558 3387 1916 3465 Ambrosii,
1963 3388 2182 3456 sancti
2234 3389 2518 3467 Nazarii,
2558 3389 2772 3457 sancti
2809 3390 2873 3453 La

447 3476 689 3555 rentii,
748 3476 963 3546 sancti
1007 3476 1354 3565 Stephani,
1418 3476 1637 3544 sancti
1693 3476 2146 3565 Simpliciani,
2201 3477 2418 3545 sancti
2454 3477 2755 3545 Victoris.
2806 3479 2915 3541 Tu

447 3563 774 3653 postridie
806 3563 1078 3633 Calend.
1116 3564 1308 3643 Julii,
1348 3565 1465 3651 qui
1510 3564 1655 3632 dies
1690 3565 1950 3653 Virgini
2000 3564 2269 3633 dicatus
2316 3579 2439 3645 est,
2498 3565 2744 3634 celebri
2779 3560 2872 3630 toti
2930 3583 2932 3592 ·

445 3651 605 3722 cleri
643 3654 1073 3740 civitatisque
1113 3652 1640 3742 supplicatione,
1679 3652 1987 3740 laetoque
2028 3667 2387 3743 apparatu,
2432 3655 2614 3742 ipsas
2666 3647 2931 3722 ecclesi

450 3741 556 3829 pie
597 3742 788 3821 adiit,
835 3761 1123 3830 eamque
1155 3740 1730 3830 supplicationem
1768 3740 2169 3821 solemnem,
2212 3742 2930 3826 anniversariamquet

449 3844 850 3918 perpetuum
895 3830 1270 3909 constituit;
1315 3831 1455 3919 ipse
1508 3851 1683 3908 vero,
1726 3829 1908 3919 quod
1959 3829 2476 3900 assuefaciendo
2521 3830 2765 3921 populo
2801 3847 2860 3894 cs

444 3918 1037 3988 accommodatum
1068 3973 1082 3998 ,
1142 3940 1324 3987 nunc
1364 3919 1677 4007 privatim
1729 3940 1888 3987 cum
1935 3917 2218 4001 familia,
2267 3941 2448 3989 nunc
2503 3919 2769 4008 publice
2809 3928 2930 4010 cum

444 4008 797 4077 canonicis
837 4007 1123 4077 eandem
1168 4008 1372 4087 obiit,
1439 4008 1750 4096 idemque
1807 4009 2296 4077 canonicorum
2359 4008 2665 4109 collegia,
2711 4003 2930 4094 religit&

446 4117 678 4164 sorum
722 4096 1075 4166 bominum
1121 4096 1397 4166 ordines
1436 4118 1720 4176 omneS,
1780 4096 2067 4165 vicinias
2100 4118 2256 4165 cum
2298 4097 2611 4186 parochis
2647 4094 2801 4168 suis,
2848 4102 2926 4175 pta

446 4184 784 4263 sodalitia,
832 4186 1346 4273 societatesque,
1424 4184 1644 4254 facere
1721 4186 2086 4273 separatim
2151 4185 2395 4273 jussit,
2473 4184 2651 4275 quod
2700 4175 2922 4269 quidem

449 4272 845 4360 religiosum
926 4274 1313 4342 institutum
1389 4272 1998 4342 Mediolanensium
2045 4273 2345 4354 animis,
2412 4288 2477 4343 et
2550 4271 2774 4341 merito
2812 4281 2928 4365 §1⁰¹7

447 4358 627 4439 dem,
686 4359 854 4428 adeo
904 4360 1177 4441 insedit,
1234 4375 1308 4430 ut
1357 4361 1423 4429 in
1473 4383 1552 4431 eo
1603 4360 1991 4448 frequenter
2042 4384 2290 4442 mares,
2329 4361 2646 4439 feminae,
2687 4354 2928 4439 nobilesn
