2993 4837
71 307 230 373 NOV.
288 308 327 372 7
689 327 767 373 oz
814 326 871 373 s.
924 325 1356 374 WILLIBRORDO
1404 327 1502 373 ΕΡ.
1555 327 1962 375 mammas&
2069 372 2076 377 ,
2374 313 2489 378 3111

143 412 177 496 ξ
220 412 301 481 S.
353 414 646 499 Accepta
697 431 856 500 ergo
915 410 1338 499 Apostolicae
1384 412 1811 482 auctoritatis
1859 412 2367 494 benedictione,
2426 437 2583 484 cum

71 499 289 587 majori
338 498 603 569 fiducia
649 497 930 569 devotus
964 499 1151 569 verbi
1183 500 1297 568 Dei
1331 500 1782 590 praedicator,
1831 502 1915 569 ad
1961 501 2338 591 praefatum
2381 508 2587 572 Fran-

70 608 285 655 corum
327 593 587 657 Ducem
630 609 982 678 regressus
1012 600 1136 657 est.
1192 588 1321 670 Qui
1369 609 1529 658 eum
1564 611 1722 658 oum
1782 611 2057 660 summa
2113 591 2394 661 honoris
2443 614 2590 661 ma-

70 675 445 763 gnificentia
482 690 856 765 receptum,
905 698 1063 745 cum
1099 698 1264 745 suae
1314 678 1663 766 potestatis
1703 678 2014 764 jussione
2053 680 2120 747 in
2165 701 2341 769 opus
2374 685 2591 749 Evan-

68 764 210 853 gelii
255 764 528 845 direxit,
588 767 881 834 maxime
914 778 1139 834 tamen
1179 766 1246 833 in
1284 766 1679 837 borealibus
1715 768 1903 856 regni
1937 767 2044 836 sui
2083 769 2416 857 partibuS,
2455 792 2592 855 quo

68 866 330 923 eatenus
378 855 469 922 ob
518 854 863 923 raritatem
916 853 1297 933 doctorum,
1352 853 1451 922 vel
1494 854 1821 923 duritiam
1875 856 2377 937 habitatorum,
2431 857 2590 926 fidei

67 942 329 1010 flamma
364 943 602 1012 minus
653 942 1016 1011 relucebat.
1061 948 1154 1011 Eo
1194 942 1295 1010 vir
1334 943 1446 1012 Dei
1485 943 1859 1012 instantius
1900 944 2038 1012 illis
2073 946 2151 1013 in‘
2194 946 2594 1035 regionibus

70 1031 311 1099 semina
359 1033 542 1100 vitae
608 1044 998 1120 sparserat,
1051 1052 1189 1118 quo
1248 1029 1406 1120 plus
1456 1033 1920 1102 necessarium
1981 1034 2332 1121 antiquam
2402 1038 2592 1124 igno-

71 1120 309 1188 rantiae
355 1119 608 1188 famem
661 1119 1000 1208 depellere
1035 1132 1488 1208 perspexerat.
1527 1120 1837 1203 Qualem,
1876 1122 2109 1190 divina
2142 1123 2359 1212 gratia
2394 1124 2593 1209 adju·

73 1219 268 1288 vante,
324 1207 466 1277 illis
517 1208 759 1278 incolis
807 1208 1106 1278 fructum
1157 1208 1449 1288 fecisset,
1508 1221 1706 1279 testes
1745 1223 1906 1278 sunt
1955 1233 2173 1297 usque
2222 1212 2423 1296 hodie
2480 1235 2592 1302 po-

74 1295 200 1383 puli
234 1319 354 1387 per
399 1297 732 1376 civitates,
787 1297 970 1368 vicos
1000 1310 1066 1366 et
1110 1295 1413 1375 castella,
1469 1319 1642 1384 quos
1671 1297 1756 1366 ad
1794 1299 2093 1368 veritatis
2140 1301 2585 1390 agnitionem,

74 1397 128 1451 et
167 1385 243 1453 ad
292 1388 511 1455 unius
558 1386 1047 1475 omnipotentis
1098 1388 1209 1454 Dei
1258 1386 1521 1455 cultum
1579 1387 1688 1474 pia
1737 1385 2202 1457 admonitione
2262 1389 2594 1477 perduxe-

80 1485 181 1540 rat.
232 1480 460 1544 Testes
507 1493 782 1562 quoque
829 1474 1179 1555 ecclesiae,
1223 1496 1398 1561 quas
1439 1497 1558 1576 per
1590 1475 1732 1545 loca
1768 1475 2045 1565 singula
2077 1491 2589 1548 construxerat:

76 1573 249 1717 ¹5³³th
280 1576 346 1663 et
379 1569 509 1632 Deo
539 1563 1023 1633 famulantium
1059 1576 1647 1653 congregationeS,
1680 1586 1855 1650 quas
1882 1564 2232 1651 aliquibus
2266 1567 2595 1636 adunavit

80 1671 135 1715 in
203 1672 366 1721 ocis,

150 1740 181 1823 ἓ
222 1745 312 1810 θ.
354 1739 662 1809 Tentavit
689 1761 964 1825 quoque
1014 1739 1193 1808 idem
1246 1741 1348 1808 vir
1380 1742 1490 1809 Dei
1528 1740 1708 1809 ultra
1743 1746 2156 1812 Francorum
2198 1746 2387 1833 regni
2422 1744 2596 1814 sines

80 1826 363 1897 coelestis
411 1828 1099 1898 doctrinae-flumina
1150 1829 1480 1897 derivare.
1535 1835 1698 1898 Nam
1755 1843 1917 1899 tunc
1970 1832 2293 1920 temporis
2345 1838 2594 1920 Regem

85 1915 410 1985 frisonum
465 1916 868 1986 Radbodum
920 1938 1080 1985 cum
1132 1930 1329 2007 gente
1370 1940 1512 1987 sua¹
1548 1939 1893 2018 paganum
1945 1941 2077 1987 non
2116 1920 2343 1990 timuit
2380 1921 2593 2001 adire,

83 2016 135 2070 et
164 2026 596 2092 quocumque
652 2018 1056 2094 perrexerat,
1117 2006 1396 2075 verbum
1452 2012 1568 2075 Dei
1615 2028 1772 2075 cum
1825 2007 2016 2074 omni
2058 2006 2311 2077 fiducia
2362 2009 2598 2096 loque-

88 2089 279 2162 batur.
335 2094 462 2163 Sed
518 2095 861 2183 praesatus
912 2095 1267 2164 Frisonum
1322 2101 1458 2164 Rex
1519 2095 1674 2163 licet
1737 2095 1955 2162 virum
2019 2096 2130 2163 Dei
2189 2096 2599 2167 humilitatis

91 2184 272 2267 gratia
328 2184 627 2272 benigne
673 2184 1100 2271 susciperet,
1169 2182 1383 2253 nullis
1434 2198 1656 2253 tamen
1710 2183 1883 2253 vitae
1944 2182 2262 2253 fomentis
2318 2208 2594 2256 saxeum

89 2271 209 2352 eJus
233 2294 352 2340 cor
388 2271 680 2341 emolliri
720 2273 959 2359 potuit.
1016 2278 1179 2341 Cum
1230 2293 1392 2361 ergo
1439 2272 1624 2361 apud
1676 2294 1833 2341 eum
1888 2272 1987 2339 vir
2023 2273 2133 2341 Dei
2185 2272 2597 2344 fructificare

92 2375 147 2425 se
180 2380 302 2429 non
344 2382 541 2448 posse
589 2361 889 2442 sentiret,
922 2359 1007 2430 ad
1041 2360 1500 2431 ferocissimos
1540 2367 1879 2432 Danorum
1921 2360 2210 2451 populos
2247 2363 2371 2431 iter
2398 2385 2599 2434 evan-

91 2446 396 2532 gelizandi
431 2451 783 2519 convertit.
838 2451 940 2518 Ibi
982 2464 1152 2529 tuin,
1192 2463 1264 2518 ut
1302 2450 1538 2529 fertur,
1582 2450 1907 2552 regnabat
1956 2451 2353 2541 Ongendus,
2395 2453 2599 2522 homo

90 2538 251 2605 omni
298 2538 437 2606 fera
487 2537 854 2616 crudelior,
909 2551 974 2606 et
1019 2539 1208 2607 omni
1244 2537 1471 2626 lapide
1519 2539 1796 2608 durior:
1849 2541 1968 2626 qui
2019 2554 2269 2620 tamen,
2316 2542 2600 2630 jubente

94 2624 222 2705 Deo,
274 2628 573 2695 veritatis
625 2648 1026 2715 praeconem
1079 2626 1452 2696 honorifice
1496 2629 1844 2697 tractabat.
1898 2633 2110 2711 Quem
2160 2629 2326 2698 dum
2381 2629 2601 2700 obdu-

96 2725 281 2783 ratum
339 2716 670 2796 moribuS,
715 2727 778 2783 et
811 2715 1233 2784 idololatriae
1280 2715 1616 2795 deditum,
1667 2729 1733 2784 et
1784 2716 2043 2786 nullam
2100 2720 2398 2789 melioris
2429 2721 2602 2789 vitae

99 2819 254 2886 spem
307 2804 667 2873 habentem
721 2804 1027 2884 offendit,
1081 2805 1379 2892 acceptis
1430 2817 1593 2873 tunc
1643 2806 1920 2895 triginta
1976 2805 2285 2894 ejusdem
2346 2810 2602 2897 patriae

104 2892 320 2974 pueris,
366 2892 450 2961 ad
502 2892 751 2962 electos
799 2914 839 2960 a
889 2897 1019 2961 Deo
1069 2892 1360 2981 populos
1410 2894 1601 2982 regni
1651 2898 2063 2964 Francorum
2130 2899 2366 2966 reverti
2418 2898 2602 2968 festi-

105 2980 275 3049 navit.
328 2981 453 3050 Sed
508 2982 575 3049 in
636 3002 716 3051 eo
782 2980 935 3070 ipso
988 2981 1229 3050 itinere
1283 2981 1731 3051 catechizatos
1788 2981 2061 3053 eosdem
2123 3005 2369 3073 pueros
2431 2988 2603 3056 vitae

111 3059 252 3136 sonte
291 3069 534 3149 abluit,
593 3091 675 3138 ne
722 3068 1000 3155 aliquod
1054 3083 1329 3159 propter
1379 3070 1683 3159 pericula
1718 3070 2104 3170 longissimi
2149 3075 2442 3162 navigii,
2501 3077 2597 3144 vel

107 3170 167 3221 ex
205 3157 467 3227 insidiis
532 3158 1110 3228 ferocissimorum
1182 3172 1398 3227 terrae
1460 3157 1650 3228 illius
1708 3158 2215 3238 habitatorum,
2267 3162 2598 3232 damnum

105 3255 411 3342 pateretur
442 3247 510 3314 in
548 3247 708 3325 illis,
763 3245 995 3316 volens
1028 3247 1294 3333 antiqui
1342 3247 1558 3317 hostis
1597 3246 1994 3348 praevenire
2028 3250 2337 3328 astutiaS,
2384 3263 2446 3318 et
2487 3255 2605 3319 Do-

105 3335 245 3401 mini
290 3336 739 3404 sacramentis
787 3336 1057 3405 animas
1099 3337 1372 3405 munire
1410 3336 1806 3423 acquisitas,

106 3504 115 3514 ‚
170 3422 201 3506 ἕξ
244 3428 395 3495 1⁰.
449 3428 528 3493 Et
573 3423 739 3493 dum
776 3423 950 3513 -pius
979 3423 1165 3493 verbi
1206 3425 1317 3493 Dei
1351 3424 1780 3513 praedicator
1828 3424 1954 3493 iter
1991 3423 2257 3514 agebat,
2305 3428 2605 3514 pervenit

100 3525 154 3573 ln
185 3512 471 3582 confinio
522 3513 879 3581 Frisonum
929 3524 995 3581 et
1054 3517 1395 3582 Danorum
1440 3513 1526 3582 ad
1568 3512 1913 3600 quandam
1975 3513 2300 3592 insulam,
2346 3535 2520 3598 quae
2569 3539 2602 3584 a

101 3599 363 3679 quodam
396 3602 523 3669 deo
557 3621 683 3671 suo
719 3600 958 3677 Fosite,
994 3602 1083 3669 ab
1114 3602 1367 3672 accolis
1418 3614 1634 3671 terrae
1685 3601 2103 3671 Fositesland
2137 3601 2169 3629 ⁸
2204 3601 2601 3671 dicebatur:

16 3735 17 3776 5
99 3687 234 3780 quia
261 3690 327 3756 in
368 3710 446 3758 ea
481 3687 787 3777 ejusdem
826 3688 937 3758 dei
976 3688 1136 3759 fana
1163 3690 1351 3762 fuere
1397 3703 1812 3760 constructa.
1860 3691 1988 3772 Qui
2025 3689 2218 3760 locus
2250 3713 2284 3758 a
2320 3693 2609 3779 Paganis

102 3791 155 3839 ln
193 3788 363 3845 tanta
416 3779 849 3847 veneratione
881 3778 1287 3860 habebatur,
1344 3793 1419 3848 ut
1460 3778 1632 3848 nihil
1679 3779 1743 3846 in
1794 3800 1873 3847 ea
1927 3779 2025 3848 vel
2069 3778 2476 3847 animalium
2514 3779 2604 3849 ibi

103 3866 524 3946 pascentium,
580 3866 679 3936 vel
723 3866 1015 3936 aliarum
1051 3867 1521 3954 quarumlibet
1556 3889 1809 3944 rerum,
1848 3868 2213 3954 quisquam
2248 3865 2607 3957 gentilium

102 3959 346 4041 tangere
392 3954 722 4035 auderet,
778 3960 903 4024 ne'c
949 3955 1153 4024 etiam
1205 3979 1245 4026 a
1291 3956 1474 4025 fonte
1505 4010 1524 4036 ,
1581 3956 1702 4042 qui
1752 3955 1845 4024 ibi
1893 3955 2304 4032 ebulliebat,
2358 3976 2610 4041 aquam

105 4033 385 4135 haurire,
440 4043 575 4112 nisi
625 4057 901 4123 tacens,
957 4057 1445 4144 praesumeret.
1499 4049 1646 4126 Quo
1692 4067 1849 4113 cum
1903 4044 2005 4111 vir
2055 4044 2164 4111 Dei
2219 4055 2612 4130 tempestate

102 4143 362 4207 Jactatus
408 4144 532 4213 est,
587 4133 841 4200 mansit
889 4131 1145 4201 ibidem
1179 4133 1439 4220 aliquot
1473 4132 1644 4212 dies,
1686 4152 2044 4221 quousque
2094 4131 2407 4219 sepositis
2443 4145 2611 4199 tem-

14 4299 17 4312 ·
108 4220 474 4299 pestatibus.
526 4233 992 4310 opportunum
1046 4222 1414 4312 navigandi
1466 4232 1737 4310 tempus
1787 4219 2157 4290 adveniret.
2218 4218 2343 4288 Sed
2395 4222 2608 4307 parvi-

14 4327 15 4368 ;
109 4307 381 4390 pendens
439 4309 716 4409 stultam
771 4308 903 4378 loci
952 4307 1140 4380 illius
1186 4311 1635 4400 religionem,
1697 4310 1797 4378 vel
1858 4306 2357 4376 ferocissimum
2413 4310 2618 4397 Regis

146 4430 165 4457 ⁸
189 4433 372 4474 Probab.
395 4435 568 4481 insula,
588 4444 707 4483 quae
730 4435 972 4483 Helgfoland
992 4435 1179 4475 dicitnr.
