2993 4837
522 307 650 370 206
1283 326 1361 371 na
1401 326 1452 371 s.
1511 324 1751 371 canoto
1802 325 2137 372 nonnoni-:o
2681 305 2844 372 Nov.
2885 262 2914 324 4

433 408 606 476 valle
669 409 752 477 ad
789 408 1101 478 Carolum
1157 424 1524 489 venerant,
1571 409 2020 500 judicemque
2071 411 2425 499 petierant,
2471 410 2584 498 qui
2620 409 2789 509 apud
2831 431 2922 479 eos

437 497 827 575 maleficas,
896 499 1277 589 strigesque
1327 500 1744 586 inquireret;
1798 498 1978 585 quod
2039 499 2317 586 quidem
2355 500 2443 568 ab
2493 512 2684 567 veteri
2721 519 2916 567 eorum

435 607 641 665 more,
686 585 771 654 ad
808 587 1409 677 „archiepiscopum
1466 587 2035 656 Mediolanensem
2080 588 2342 656 similes
2391 589 2476 655 ob
2524 609 2755 657 causas
2795 609 2924 655 con·

431 673 765 764 fugiendi,
814 697 945 744 non
982 675 1413 745 abhorrebat.
1472 681 1560 745 Eo
1598 677 1806 766 igitur
1840 676 2116 745 Carolus
2151 678 2502 764 praemisit
2536 676 2921 745 Franciscum

432 767 782 831 Borsatum
829 770 1270 833 Mantuanum
1309 764 1477 833 clari
1517 766 1816 834 nominis
1840 765 2445 854 jurisconsultum,
2483 766 2598 851 qui
2639 765 2718 833 ad
2764 764 2925 833 cleri·

427 852 642 919 calem
682 852 990 921 ordinem
1048 875 1267 942 nuper
1297 854 1702 922 transierat:
1756 867 1832 923 ut
1880 853 1963 923 de
2006 853 2334 923 maleficis
2374 868 2741 940 quaereret,
2771 853 2928 943 judi·

427 940 752 1027 ciumque
792 940 1028 1021 ferret,
1082 956 1147 1011 et
1203 942 1419 1011 Caroli
1474 942 1718 1011 officiis
1765 942 2278 1029 quodammodo
2331 943 2509 1012 viam
2564 956 2837 1032 pararet.
2882 946 2927 1011 ls

431 1028 796 1117 profectuS,
849 1043 1216 1100 convocato
1270 1032 1477 1101 totius
1530 1031 1722 1100 vallis
1776 1031 2108 1112 consilio,
2163 1033 2261 1100 sic
2318 1046 2635 1121 acceptus
2693 1044 2825 1107 est,
2874 1044 2930 1099 ut

430 1139 717 1207 magnas
751 1140 822 1187 se
855 1119 1111 1197 Carolo,
1152 1121 1423 1209 ipsique
1458 1125 1574 1187 Fra
1590 1122 1818 1190 ncisco
1847 1122 2102 1210 gratias
2137 1120 2387 1190 habere
2432 1120 2519 1189 de
2567 1118 2922 1209 hujusmodi

426 1206 779 1277 charitatis
818 1207 1041 1277 officio
1101 1207 1362 1278 incolae
1405 1210 1919 1297 responderent.
1977 1208 2096 1278 Ille
2146 1210 2356 1299 igitur
2405 1231 2480 1278 ea
2543 1209 2769 1278 omnia
2816 1222 2926 1277 stu-

424 1294 613 1363 diose
648 1297 969 1385 suscepit,
1010 1319 1186 1383 quae
1218 1298 1541 1366 mandata
1573 1313 1767 1366 erant
1797 1353 1812 1377 ‚
1866 1311 1929 1367 et
1965 1312 2168 1367 totam
2206 1298 2444 1366 vallem
2490 1297 2921 1387 perlustravit,

425 1384 640 1452 donec
667 1384 947 1454 Carolus
980 1385 1254 1454 advenit
1290 1388 1456 1475 ipse;
1493 1387 1615 1472 qui
1643 1386 1916 1456 summo
1953 1387 2205 1475 gaudio
2236 1402 2582 1475 exceptus,
2612 1401 2676 1456 et
2715 1386 2926 1473 quibus

474 1474 647 1542 otuit
674 1473 738 1541 in
779 1473 943 1544 locis
974 1473 1424 1555 silvestribus,
1462 1475 1544 1542 ad
1584 1476 1924 1564 ejusmodi
1953 1476 2312 1544 bominum
2346 1497 2616 1565 genere,
2657 1474 2930 1543 maximis

426 1494 708 1631 honoris
744 1562 1371 1663 significationibus
1402 1579 1724 1653 acceptus
1758 1564 1906 1633 fuit.
1954 1570 2326 1651 Antequam
2364 1563 2604 1633 vallem
2653 1562 2920 1653 ingrede-

433 1663 663 1731 retur,
718 1671 865 1721 suts
904 1652 1230 1721 omnibus
1276 1654 1711 1728 convocatis,
1765 1652 2063 1722 ostendit
2100 1665 2424 1740 quantam
2470 1675 2609 1722 rem
2668 1652 2926 1807 susciga-

425 1754 595 1819 rent,
634 1761 842 1826 quam
879 1762 1090 1821 acres,
1131 1753 1393 1809 astutae
1429 1745 1850 1810 Daemonum
1894 1743 2431 1811 concertationes
2477 1754 2831 1832 exspectan
2873 1758 2926 1809 ae

421 1842 694 1908 essent;
750 1828 1035 1917 proinde
1084 1842 1225 1898 tum
1279 1829 1584 1910 assidua,
1640 1847 1703 1899 et
1750 1830 2014 1900 ardenti
2066 1831 2452 1921 precatione
2499 1853 2662 1899 cum
2707 1828 2930 1920 jejunis

424 1916 845 2004 salutarique
899 1917 1189 1987 aliarum
1257 1940 1483 1988 rerum
1538 1919 1862 2009 patientia
1912 1918 2301 2002 conjuncta,
2347 1941 2524 2008 opus
2574 1941 2767 1997 esse,
2819 1931 2920 1986 tum

426 2028 677 2095 magna
724 2028 996 2093 quoque
1041 2008 1397 2088 cautione,
1454 2030 1540 2076 ne
1572 2008 1949 2095 quidquam
2003 2009 2088 2077 ab
2143 2008 2376 2095 aliquo
2417 2008 2655 2087 fieret,
2716 2008 2930 2075 dicere-

423 2107 638 2173 turve,
692 2096 875 2182 quod
928 2118 1006 2164 ex
1051 2118 1128 2165 ea
1181 2109 1379 2185 gente
1432 2098 1800 2183 quisquam
1857 2099 1921 2164 in
1964 2096 2213 2165 malam
2259 2109 2518 2187 partem
2573 2109 2817 2186 posset,
2856 2092 2922 2161 vet

418 2185 504 2251 ob
529 2184 780 2273 judicii
824 2185 1290 2253 infirmitatem
1345 2187 1701 2274 accipere;
1755 2184 1934 2271 quod
1977 2186 2238 2272 ubique
2272 2208 2350 2255 ex
2399 2186 2776 2254 christiana
2823 2186 2926 2272 pie-

425 2286 554 2341 tate
593 2274 973 2353 cavendum
1008 2286 1174 2352 erat,
1231 2272 1295 2341 id
1335 2274 1419 2342 iis
1463 2274 1629 2343 locis
1666 2275 1887 2362 praeci
1948 2297 2035 2343 uo
2067 2274 2293 2344 studio
2343 2274 2777 2374 fugiendum.
2818 2278 2924 2353 Quo

418 2360 529 2430 die
562 2362 970 2432 Roboretum
1005 2363 1306 2452 pervenit
1334 2363 1817 2452 (praecipuum
1849 2363 1891 2432 il
1932 2363 2018 2433 ud
2056 2377 2153 2432 est
2191 2364 2256 2432 in
2295 2363 2488 2433 vallis
2527 2364 2752 2452 prima
2783 2384 2850 2452 pa

416 2450 809 2539 castellum)
844 2473 1094 2551 magno
1129 2451 1498 2521 incolatum
1553 2474 1919 2532 concursu,
1967 2452 2348 2522 Pontificali
2391 2452 2632 2522 habitu
2677 2445 2924 2521 venitacl

414 2538 818 2608 ecclesiam:
874 2539 989 2608 ubi
1029 2553 1304 2629 sumpto
1345 2541 1698 2609 concionis
1733 2554 2140 2632 argumento
2188 2565 2265 2610 ex
2301 2564 2493 2610 sacra
2524 2542 2806 2630 Josephi
2851 2539 2924 2606 hi·

418 2628 650 2707 storia,
687 2649 890 2714 quem
932 2641 1119 2784 pater
1156 2630 1455 2706 miserat,
1496 2642 1572 2699 ut
1612 2629 1851 2698 fratres
1878 2643 2278 2717 quaereret,
2316 2646 2378 2698 et
2417 2631 2769 2716 quomodo
2803 2627 2917 2718 ipsi,

414 2737 789 2805 gregesque
830 2738 901 2784 se
958 2717 1280 2792 taberent,
1342 2718 1513 2807 patri
1570 2718 1887 2797 referret,
1947 2719 2235 2788 missum
2287 2742 2355 2788 se
2395 2720 2564 2788 dixit
2601 2720 2688 2787 ad
2733 2719 2926 2787 fratres

416 2826 578 2873 suos
612 2827 648 2873 a
692 2827 965 2874 summo
1000 2812 1308 2875 Romano
1364 2820 1557 2896 patre
1587 2862 1601 2886 ‚
1660 2808 2010 2876 missionis
2043 2829 2349 2887 causam,
2411 2830 2760 2895 suumque
2803 2823 2922 2893 erga

414 2891 570 2961 illos
619 2915 948 2972 amorem,
1000 2908 1066 2963 et
1108 2896 1411 2984 ipsorum
1457 2896 1949 2975 conditionem,
1992 2909 2384 2983 statumque
2424 2897 2524 2964 sic
2573 2896 2938 2990 explicavit,

415 2995 491 3050 ut
526 2982 635 3070 pie
665 2980 1038 3052 admodum
1078 2983 1449 3054 multitudo
1481 2997 2048 3060 commoveretur,
2094 2997 2157 3052 et
2190 2986 2402 3053 fleret.
2439 2990 2622 3054 Haec
2652 2985 2922 3054 Roborett

413 3070 844 3159 agebantur;
901 3093 1175 3144 summo
1212 3095 1412 3141 mane
1463 3074 1868 3143 Franciscus
1916 3073 2315 3143 Panica‘rola
2349 3095 2532 3142 nunc
2585 3076 2921 3168 Episcopus

413 3161 715 3229 Astensis
751 3215 765 3240 ,
820 3161 1024 3230 verba
1071 3161 1364 3230 iaciebat
1411 3161 1492 3230 ad
1548 3175 1812 3252 gentem
1876 3162 2231 3231 catholicis
2279 3163 2727 3253 dogmatibus
2773 3163 2926 3229 insu·

411 3248 736 3318 tuendam
774 3303 794 3328 ,
851 3249 1412 3328 accommodata;
1480 3251 1760 3320 Carolus
1828 3264 2052 3339 postea
2117 3254 2357 3320 Missae
2423 3273 2701 3320 sacrum
2763 3249 2922 3317 facie·

412 3338 547 3411 bat,
583 3339 910 3407 concione
940 3338 1151 3407 altera
1183 3337 1515 3428 populum
1550 3340 1657 3428 pie
1690 3339 2201 3409 cohortabatur.
2239 3340 2533 3409 Achilles
2568 3337 2919 3408 Galliardus

408 3448 487 3495 ex
524 3427 854 3496 Societate
899 3433 1065 3497 Jesu
1116 3448 1390 3516 vespere
1438 3428 1854 3497 christianae
1903 3428 2062 3498 fidei
2116 3430 2337 3518 prima
2391 3427 2715 3519 dogmata
2754 3447 2918 3521 accu-

409 3529 550 3584 rate
583 3516 909 3594 docebat;
963 3514 1211 3585 deinde
1258 3515 1633 3587 multitudo
1684 3517 1966 3598 litania,
2012 3518 2457 3608 ejusdemque
2507 3517 2694 3587 modi
2744 3532 2916 3611 sacru

406 3604 923 3761 grecationibus
983 3604 1469 3686 exercebatur;
1534 3627 1769 3675 sacrae
1828 3605 2293 3677 confessiones
2352 3605 2662 3692 quotidie
2719 3602 2916 3673 audie-

453 3707 705 3773 antur;
758 3715 895 3781 qua
945 3693 1012 3761 in
1067 3715 1139 3762 re
1188 3715 1439 3782 magna
1487 3707 1631 3764 erat
1691 3717 1730 3763 a
1780 3693 2014 3764 Carolo
2077 3695 2422 3784 impertita
2485 3690 2915 3764 sacerdotibus

407 3781 492 3851 ad
543 3784 813 3851 animas
860 3781 1237 3870 expiandas
1286 3784 1678 3870 auctoritas.
1733 3784 1826 3852 Ad
1863 3783 2251 3863 conciones,
2291 3782 2374 3852 ad
2417 3783 2652 3853 divina
2700 3780 2907 3877 officia,

404 3871 486 3939 ad
517 3884 1021 3941 sacrosanctam
1056 3872 1639 3952 communionem,
1673 3894 1896 3941 mares
1923 3885 1987 3940 et
2015 3872 2330 3953 feminae,
2362 3872 2670 3960 cujusvis
2688 3880 2906 3940 aetatis.

406 3961 734 4050 gregibus
770 3960 1159 4050 pascendiS,
1204 3961 1665 4050 operibusque
1696 3963 1915 4032 victus
1954 3967 2196 4032 caussa
2233 3960 2567 4030 faciendis
2598 3959 2907 4052 addictum

402 4048 694 4138 vulgus,
751 4049 1059 4137 quotidie
1118 4050 1659 4131 conveniebant,
1715 4062 1789 4120 ut
1836 4052 1893 4119 si
1943 4050 2090 4120 dies
2140 4050 2242 4119 illi
2292 4049 2549 4140 singuli
2600 4049 2743 4119 festi
2774 4044 2907 4113 fuis-

403 4151 551 4206 sent
582 4161 596 4204 :
650 4137 858 4225 idque
886 4139 1133 4209 eximio
1163 4138 1461 4225 quodam
1503 4139 1745 4209 salutis
1779 4138 2143 4221 desiderio,
2187 4139 2496 4227 miroque
2529 4141 2597 4206 in
2632 4133 2902 4208 carolum

404 4225 504 4294 uti
557 4239 815 4315 patrem
868 4227 1421 4297 amantissimum
1461 4283 1476 4309 ‚
1545 4250 1777 4316 amore
1846 4242 1910 4297 et
1957 4228 2385 4298 observantia
2443 4227 2805 4296 faciebant,
2847 4229 2904 4286 ut

400 4312 614 4382 ferme
664 4316 1008 4386 nascentis
1055 4315 1380 4386 ecclesiae
1428 4316 1801 4417 imaginem
1838 4317 2212 4404 quamdam
2247 4338 2654 4408 cognoscere
2687 4314 2897 4382 liceret·

405 4401 686 4470 Carolus
738 4403 1008 4471 interim
1060 4402 1460 4491 quotidiano
1501 4407 1768 4495 jejunio
1819 4428 1964 4479 sese
2012 4428 2371 4489 exercens,
2428 4427 2602 4497 pane
2654 4417 2713 4473 et
2754 4413 2895 4483 aqua
