2993 4837
474 298 561 361 538
1237 315 1312 360 nr.
1360 313 1688 360 muninus
1737 314 2078 361 DEFUNCTtS
2647 296 2812 361 NOV.
2859 300 2892 360 2

386 400 685 485 reliquit.
741 398 1067 469 Conditus
1121 412 1348 468 autem
1407 411 1511 467 est
1556 400 1622 467 in
1670 413 1894 467 monle
1944 399 2346 477 chrismato,
2416 399 2525 466 nbi
2584 399 2722 484 ipse
2770 422 2894 466 mo·
2965 452 2966 459 ,

386 489 757 556 nasterium
801 487 934 557 sibi
970 486 1368 557 condiderat
1402 511 1415 553 :
1457 486 1577 556 ubi
1612 508 1735 587 per
1761 488 1914 576 ejus
1951 488 2187 556 merita
2219 486 2558 575 plurimae
2590 487 2899 557 divinitus

383 578 772 645 curationes
826 590 893 644 et
952 576 1281 645 beneficia
1329 597 1551 662 usque
1605 598 1674 644 in
1734 576 2141 646 hodiernum
2208 588 2642 664 praestantur
2687 576 2895 645 diem:

387 664 715 765 largiente
759 665 1041 734 Domino
1071 676 1299 733 nostro
1331 664 1515 741 Jesu,
1555 666 1670 749 qui
1708 689 1865 734 cum
1910 671 2035 734 Deo
2065 670 2255 733 Patre
2287 678 2353 733 et
2387 665 2645 753 Spiritu
2676 669 2899 733 Sancto

385 768 546 821 vivit
592 768 656 823 et
691 768 925 843 regnat
956 775 1081 841 per
1116 768 1362 822 cuncta
1414 757 1646 821 secula
1681 754 2097 832 seculorum,
2143 760 2376 822 Amen.

1018 1056 1092 1135 S.
1156 1056 1580 1143 JOANNIS
1636 1056 2294 1135 DAMASOENI*

382 1271 626 1349 QUOD
680 1272 745 1336 11
797 1272 959 1349 QUI
1011 1273 1191 1337 CUM
1258 1273 1472 1337 FIDE
1539 1274 1646 1337 EX
1716 1273 1888 1337 HAG
1949 1273 2156 1336 VITA
2213 1272 2900 1350 EXCESSERUNT‚

726 1412 1095 1478 VIVORUM
1150 1414 1415 1479 MISSIS
1465 1415 1559 1479 AC
1613 1414 2064 1479 BENEFICIlS
2121 1415 2573 1479 JUVENTUR.

1047 1627 1273 1695 QRATto
1321 1627 1553 1675 JACOBO
1605 1628 1805 1674 antio
1860 1624 2261 1674 imi-:aprima

470 1819 504 1903 ἓ
554 1824 626 1888 1.
684 1818 1022 1887 Suavibus
1055 1830 1118 1886 et
1154 1818 1512 1903 exquisitis
1560 1818 1733 1886 cibis
1788 1817 2190 1907 propositis,
2238 1840 2741 1907 saepenumero
2792 1838 2904 1884 non

384 1905 431 1972 ii
480 1920 740 1974 tantum
778 1908 893 1992 qui
938 1906 1116 1975 fame
1167 1906 1500 1987 laborant,
1557 1907 1640 1975 ad
1683 1907 2024 1976 edendum
2077 1908 2542 1986 attrahuntur,
2590 1906 2708 1974 sed
2761 1927 2910 1973 non·

383 2016 738 2079 nunquam
789 1997 990 2063 etiam
1045 1995 1113 2075 ii,
1167 2018 1340 2081 quos
1361 1998 1507 2084 jam
1541 1997 1815 2065 satietas
1862 1996 2064 2084 cepit,
2102 1994 2641 2064 extimulantur:
2687 2014 2908 2081 quem-

382 2082 753 2151 admodum
786 2086 989 2151 etiam
1024 2083 1286 2172 poculis
1311 2085 1568 2185 ingenti
1605 2085 1937 2153 suavitate
1961 2099 2164 2170 atque
2195 2084 2569 2174 fragrantia
2602 2081 2909 2172 praeditis

386 2194 517 2238 non
588 2171 685 2240 illi
743 2173 1095 2241 dumtaxat
1142 2172 1259 2257 qui
1304 2174 1413 2242 siti
1463 2172 1884 2253 afficiuntur,
1942 2173 2057 2241 sed
2113 2173 2210 2241 illi
2250 2195 2524 2259 quoque
2580 2173 2706 2259 qui
2746 2170 2908 2242 sitim

379 2260 841 2346 expleverunt,
895 2261 977 2328 ad
1022 2261 1393 2329 bibendum
1447 2258 1612 2329 'illici
1664 2262 1904 2330 solent.
1944 2267 2157 2347 Atque
2198 2262 2354 2330 item
2391 2262 2511 2349 qni
2551 2283 2766 2350 opum
2802 2280 2907 2327 cu-

386 2349 664 2436 piditate
714 2351 1055 2440 flagrant,
1112 2372 1267 2417 cum
1322 2350 1791 2440 amplissimas
1855 2350 2128 2420 divitias
2196 2350 2423 2439 adepti
2488 2363 2674 2431 sunt,
2738 2368 2911 2417 amor

383 2451 602 2505 tamen
654 2460 768 2506 eos
805 2439 938 2507 huc
972 2439 1209 2527 adigit,
1266 2452 1333 2507 ut
1372 2441 1767 2509 occasiones
1810 2439 2294 2527 undecumque
2327 2453 2624 2528 captent,
2665 2439 2907 2525 quibus

379 2527 686 2612 quotidie
738 2527 1089 2595 facultates
1138 2549 1300 2595 suas
1348 2541 1667 2615 augeant.
1722 2529 1812 2596 Ad
1866 2528 2161 2597 eundem
2229 2530 2440 2618 igitur
2500 2528 2831 2603 modum,
2879 2550 2908 2589 υ

383 2616 967 2704 praestantissima
1016 2629 1080 2684 et
1128 2615 1372 2684 selecta
1432 2616 1770 2686 Ecclesiae
1831 2619 1944 2686 Dei
2010 2618 2363 2696 membra,
2426 2617 2816 2686 sacerdotes
2858 2626 2910 2679 et

382 2717 643 2782 patres,
693 2704 970 2780 fratres,
1021 2717 1269 2773 matres
1317 2727 1397 2773 ac
1446 2705 1567 2773 filii
1621 2706 2006 2782 carissimi,
2067 2728 2186 2774 nec
2238 2705 2633 2774 divinorum
2687 2724 2914 2773 oracu-

380 2794 603 2860 lorum
641 2792 877 2870 lame5‚
919 2814 1041 2860 nec
1072 2815 1425 2861 sacrarum
1456 2793 1987 2883 disciplinarum
2019 2795 2190 2872 sitis,
2227 2816 2348 2862 nec
2374 2815 2615 2863 rursus
2653 2793 2912 2887 divinae

382 2881 705 2948 scientiae
758 2881 1065 2968 penuria,
1121 2895 1196 2950 ut
1241 2882 1323 2950 ad
1367 2905 1508 2962 eaS,
1563 2906 1736 2970 quas
1789 2905 1974 2953 nunc
2029 2883 2525 2972 proponimus,
2580 2899 2912 2951 sermonis

378 2967 618 3068 epulas
666 2970 1091 3040 accumbatis
1146 2971 1382 3050 efficit,
1440 2993 1674 3040 verum
1725 2971 2069 3061 cupiditas
2123 2993 2272 3040 vere
2319 2971 2555 3040 divino
2595 2968 2913 3040 beneficio

382 3071 609 3127 insuta.
656 3079 832 3143 quae
866 3059 950 3127 de
985 3061 1228 3129 virtute
1268 3061 1335 3126 in
1384 3060 1727 3138 virtutem,
1781 3074 1845 3129 et
1885 3059 1968 3128 de
2002 3061 2220 3150 gratia
2263 3061 2330 3128 in
2375 3060 2696 3147 gratiam,
2742 3072 2805 3126 et
2842 3055 2915 3122 de
2965 3145 2966 3148 Ἴ

384 3147 714 3215 memoria
759 3147 825 3215 in
880 3149 1599 3217 commemorationem
1657 3170 1781 3218 nos
1822 3150 2154 3237 provehit.
2215 3148 2624 3235 Plerumque
2672 3144 2912 3216 etenim
2965 3163 2966 3238 j

379 3257 512 3303 usu
556 3237 757 3314 venit,
813 3250 888 3304 ut
932 3237 1109 3322 quod
1166 3237 1478 3306 homines
1518 3237 1751 3307 adulta
1804 3251 2017 3306 aetate
2065 3238 2280 3325 sugit,
2334 3239 2461 3305 hoc
2523 3259 2692 3325 puer
2741 3237 2913 3304 inve·

379 3325 563 3398 niat;
616 3338 679 3393 et
727 3325 905 3410 quod
959 3324 1263 3392 eruditos
1317 3325 1683 3412 praeteriit,
1744 3325 2036 3395 indoctis
2089 3327 2153 3394 in
2202 3339 2495 3394 mentem
2545 3327 2809 3402 veniat;
2858 3331 2916 3387 et

377 3415 558 3498 quod
628 3413 987 3501 magistros
1039 3412 1312 3491 fefellit,
1366 3412 1736 3501 discipulis
1782 3428 2120 3484 occurrat.
2175 3419 2607 3500 Quamquam
2666 3436 2749 3482 ne
2797 3412 2911 3480 hac
2965 3429 2966 3434 ¹

377 3500 652 3586 quidem
707 3501 1011 3569 oratione
1063 3502 1231 3569 mihi
1266 3502 1347 3570 ad
1390 3524 1505 3570 vos
1544 3503 1636 3571 uti
1692 3502 1870 3572 licet.
1924 3504 2103 3585 Quin
2149 3503 2409 3592 potius,
2457 3519 2530 3572 ut
2578 3505 2698 3589 qui
2744 3520 2915 3568 race-
2965 3529 2966 3568 2

381 3590 642 3657 mulum
688 3590 985 3675 aliquem
1027 3601 1177 3677 post
1228 3591 1642 3660 vindemiam
1705 3591 2012 3661 relictum
2048 3645 2066 3671 ,
2125 3604 2243 3661 aut
2291 3593 2552 3680 spicam
2611 3602 2759 3679 post
2805 3588 2913 3655 de·

380 3699 637 3747 messas
709 3692 969 3766 segetes
1040 3679 1127 3746 ob
1194 3679 1538 3766 ingentem
1610 3679 1888 3770 frugum
1956 3682 2224 3770 copiam
2305 3680 2731 3770 neglectam,
2808 3686 2966 3744 aut¹

377 3765 673 3850 denique
725 3788 923 3854 poma
974 3765 1274 3852 aliquot,
1335 3781 1482 3856 post
1531 3769 1850 3838 collectos
1897 3771 2220 3838 arborum
2276 3768 2541 3837 fructus
2583 3765 2912 3836 oblivione

379 3857 780 3923 transmissa
829 3869 1367 3943 congesserunt:
1412 3857 1499 3924 ita
1538 3878 1683 3936 ιιοε,
1740 3858 2003 3927 Christo
2057 3863 2185 3926 Deo
2231 3880 2383 3925 vero
2417 3858 2806 3946 adjuvante,
2841 3873 2910 3919 ac

376 3964 758 4042 sermonem
816 3966 934 4033 per
982 3966 1193 4033 opera
1243 3944 1696 4015 confirmante
1731 4001 1745 4025 ‚
1799 3968 1914 4016 eos
1962 3947 2078 4034 qui
2129 3945 2487 4024 voluerint,
2543 3945 2767 4035 epulis
2812 3963 2907 4009 ac-

374 4053 738 4119 cupiemus.

468 4126 506 4202 g
562 4126 644 4189 ⁶2.
702 4126 873 4210 Ergo
912 4143 1195 4210 serpens
1234 4122 1349 4192 ille
1387 4136 1590 4209 atque
1618 4124 2044 4194 execrandus
2080 4123 2317 4202 hostis,
2353 4124 2472 4209 qui
2509 4123 2694 4191 circa
2721 4135 2911 4207 prae-

376 4209 598 4280 claras
624 4232 697 4278 ac
733 4215 860 4278 Deo
900 4223 1130 4300 gratas
1169 4211 1470 4281 actiones
1502 4234 1743 4283 omnes
1782 4225 1846 4281 ct
1877 4212 2324 4312 cogitationes
2353 4213 2565 4299 serpit
2590 4234 2670 4279 ac
2711 4210 2906 4297 jugu-
2965 4247 2966 4258 κ

382 4297 584 4377 latur,
620 4299 877 4385 quique
919 4299 1212 4369 fraterna
1242 4301 1573 4372 charitate
1617 4301 2123 4390 perstringitur,
2165 4315 2230 4369 et
2271 4302 2406 4369 fide
2436 4298 2904 4388 disrumpitur,

429 4427 452 4447 ⁴·
487 4427 585 4464 Vita
607 4427 650 4465 S.
672 4427 872 4465 Joannis
896 4428 1173 4466 Damascent
1199 4427 1495 4468 confessoris
1517 4427 1716 4466 habetur
1735 4429 1781 4466 ln
1802 4426 1929 4467 surii
1949 4429 2105 4467 nostri
2125 4427 2224 4467 Vol.
2247 4428 2426 4476 quinto.
