2993 4837
63 317 207 384 Nov.
258 318 295 381 7
661 335 740 381 oe
788 332 844 379 s.
899 334 1325 381 WILLIBRORDO
1374 335 1470 380 ar.
1527 331 1940 380 TRAJECTENSI
2358 315 2485 378 309

62 419 563 509 cognationeque
615 418 878 499 relicta,
919 419 1315 488 Hiberniam
1354 419 1657 496 secessit,
1699 416 1932 503 ibique
1978 415 2427 486 dulcissimos
2462 439 2575 485 su—

62 530 272 598 pernae
317 521 588 577 contem
652 507 930 577 lationis
960 506 1225 577 fructus
1248 507 1481 577 seculo
1516 507 1770 584 nudus,
1799 510 1928 574 Deo
2012 504 2233 585 lenuS,
2270 503 2574 574 solitaria

58 596 320 683 quotidie
346 596 595 665 haurie
653 608 721 666 at
752 597 1286 666 couversatione.
1323 600 1584 665 Horum
1635 595 1879 663 beatus
1907 617 1944 663 a
1997 593 2304 663 olescens
2338 615 2575 661 aemu-

59 686 153 755 lari
198 686 480 774 cupiens
533 685 660 754 reli
720 686 967 759 ionem,
1006 707 1163 754 cum
1200 684 1637 753 conniventia
1671 683 1780 753 sui
1828 683 2104 752 Abbatis
2151 695 2215 751 et
2250 680 2565 837 fmssu‘n’

56 775 109 842 in
151 775 535 843 Hiberniam
600 796 681 842 ve
712 774 817 843 oci
886 796 1099 843 cursu
1146 773 1537 853 contendit,
1597 771 2099 862 praedictorum
2156 782 2358 860 patru
2409 792 2428 837 ι
2503 791 2576 837 se

57 862 464 932 familiaritati
532 861 1010 953 conjungens,
1074 874 1416 949 quatenus
1463 883 1590 930 ceu
1652 861 2191 952 prudentissima
2237 858 2426 947 apis,
2497 880 2577 926 ex

56 974 254 1020 eorum
309 952 830 1041 propinquitate
880 949 1249 1021 mellifluos
1286 951 1554 1040 pietatis
1602 961 1909 1038 carperet
1958 950 2182 1028 flores,
2236 960 2301 1016 et
2349 947 2419 1015 in
2468 948 2576 1015 sui

60 1041 310 1129 pectoris
342 1040 649 1109 alveario
710 1038 1153 1110 dulcissimos
1205 1040 1530 1109 virtutum
1585 1038 1772 1107 favos
1820 1049 2267 1107 construeret.
2324 1036 2568 1122 Ibique

58 1129 381 1198 duodecim
431 1129 647 1199 annis
688 1129 862 1197 inter
892 1129 1178 1197 eximios
1226 1128 1435 1197 simul
1489 1128 1639 1216 piae
1692 1126 2045 1216 religionis
2082 1139 2148 1194 et
2196 1146 2431 1195 sacrae
2481 1123 2575 1192 le-

61 1218 265 1287 ctionis
304 1219 704 1308 magistros,
750 1216 1025 1286 futurus
1075 1216 1447 1286 multorum
1494 1216 1906 1306 populorum
1942 1214 2390 1305 praedicator,
2423 1234 2578 1281 eru-

24 1304 380 1385 diebatur,
435 1307 663 1375 donec
725 1317 1113 1375 occurreret
1161 1305 1229 1373 in
1283 1307 1507 1374 virum
1576 1304 1947 1395 perfectum
1979 1359 1994 1385 ,
2054 1317 2118 1373 et
2169 1304 2236 1372 in
2287 1313 2573 1371 aetatem

68 1392 473 1482 plenitudinis
524 1394 779 1464 Christi
806 1394 864 1460 ⁴⁸.

132 1486 162 1569 ξ
199 1490 276 1555 5.
329 1485 712 1553 Tricesimo
745 1484 973 1570 itaque
1019 1494 1084 1551 et
1134 1481 1329 1552 tertio
1376 1482 1619 1551 aetatis
1657 1503 1822 1551 suae
1862 1502 2068 1561 ann0,
2125 1480 2344 1570 maj0r
2387 1499 2577 1568 egre-

64 1572 150 1659 gio
191 1573 320 1641 viro
352 1573 515 1642 fidei
570 1573 855 1641 flamma
887 1571 1237 1641 crescebat
1284 1572 1351 1639 in
1398 1584 1690 1660 pectore,
1732 1571 1821 1639 ita
1868 1583 1947 1640 ut
1996 1590 2238 1658 parum
2290 1568 2352 1638 ei
2393 1566 2576 1636 vide·

65 1674 214 1730 retur
252 1662 377 1731 sibi
431 1662 563 1732 soli
622 1659 1096 1730 tantummodo
1146 1661 1214 1729 in
1288 1659 1639 1747 religionis
1707 1659 2063 1728 sanctitate
2128 1657 2458 1735 sudasse,
2518 1657 2575 1723 si

67 1768 171 1816 non
197 1763 255 1818 et
297 1750 452 1820 aliis
500 1771 782 1838 quoque
830 1749 899 1818 in
952 1749 1480 1838 praedicationis
1537 1748 1811 1817 veritate
1873 1747 2245 1837 prodesset.
2300 1745 2574 1815 Audivit

69 1836 120 1903 in
158 1837 536 1909 borealibus
589 1838 831 1907 mundi
885 1838 1199 1926 partibus
1251 1858 1539 1907 messem
1587 1835 1866 1923 quidem
1908 1835 2193 1905 multam
2244 1857 2416 1914 esse,
2458 1833 2573 1901 sed

66 1929 367 2011 operarios
440 1949 727 2018 paucos.
784 1927 909 1996 Sed
963 1940 1039 1996 ut
1084 1926 1359 2006 somnii,
1416 1931 1548 1995 Deo
1600 1924 2085 2014 dispensante,
2168 1922 2576 2013 impleretur

68 2014 292 2097 veritas,
345 2017 530 2104 quod
570 2029 789 2085 mater
835 2015 997 2084 olim
1049 2015 1134 2084 de
1162 2037 1242 2085 eo
1273 2037 1345 2084 se
1383 2014 1630 2083 vidisse
1670 2024 1976 2092 testatur,
2029 2034 2194 2081 suae
2251 2012 2574 2081 conscius

74 2102 387 2174 voluntatis
420 2160 437 2186 ‚
494 2105 657 2174 licet
705 2104 932 2173 adhuc
980 2103 1252 2173 divinae
1299 2102 1837 2193 dispensationis
1902 2101 2229 2191 ignarus,
2299 2100 2455 2169 illas
2504 2098 2572 2166 in

141 2204 254 2264 rtes
299 2196 628 2283 navigare
652 2193 994 2283 cogitavit,
1033 2206 1097 2261 et
1128 2191 1512 2263 clarissima
1551 2189 1994 2279 Evangelicae
2044 2188 2577 2280 praedicationis

80 2300 211 2375 nce,
263 2293 606 2373 torpentes
655 2282 859 2369 longa
908 2280 1309 2351 infidelitate
1358 2280 1670 2370 populOS,
1727 2281 1785 2348 si
1835 2279 1950 2348 Dei
1997 2291 2173 2348 esset
2229 2277 2570 2353 voluntas,

74 2364 390 2441 illustrare.
445 2371 997 2460 Assumptisque·
1025 2390 1254 2440 secum
1307 2368 1669 2439 duodecim
1707 2367 2059 2448 fratribuS,
2097 2388 2176 2436 eo
2225 2365 2385 2436 fidei
2434 2363 2567 2433 ser-

78 2475 196 2527 vore
224 2462 522 2541 armatis,
579 2482 719 2547 quo
748 2471 812 2529 et
860 2459 1031 2549 ipse,
1088 2458 1314 2527 navim
1375 2457 1776 2527 conscendit
1821 2457 1935 2525 **:
1989 2478 2284 2543 quorum
2356 2454 2568 2539 aliqui

79 2561 286 2630 postea,
338 2550 425 2619 ob
475 2548 1013 2640 praedicationis
1048 2546 1491 2638 Evangelicae
1527 2546 1947 2627 instantiam,
2005 2544 2333 2634 martyrio
2385 2563 2575 2611 coro—

34 2687 35 2692 ,
78 2635 188 2701 nati
228 2651 417 2707 sunt:
455 2637 680 2724 aliqui
728 2659 882 2706 vero
909 2636 1358 2736 Episcopatus
1396 2635 1709 2704 ordinem
1732 2635 2181 2723 accipientes,
2239 2646 2388 2723 post
2416 2651 2576 2701 san-

77 2731 189 2790 ctae
230 2725 756 2811 praedicationis
806 2724 1095 2804 laboreS,
1153 2747 1221 2792 in
1276 2746 1439 2826 pace
1480 2724 1908 2810 quieverunt.

146 2817 297 2890 58.
346 2817 567 2906 Igitur
617 2815 719 2882 vir
770 2813 881 2882 Dei
915 2835 1072 2883 cum
1126 2813 1353 2890 sociis,
1408 2813 1588 2882 sicut
1650 2812 2142 2902 praediximuS,
2200 2809 2567 2899 navigavit,

34 2891 249 2994 udonec
314 2924 640 2994 prospero
688 2924 899 2971 cursu
947 2901 1033 2970 ad
1092 2902 1266 2971 ostia
1327 2901 1546 2970 Rheni
1610 2902 1922 2972 fluminis
1985 2901 2131 2970 vela
2202 2898 2568 2989 deposuit,

83 2979 261 3072 ibique
289 3005 520 3081 optata
570 2990 835 3061 telluris
884 2991 1174 3060 statione
1222 2988 1576 3059 refocillati
1627 3004 1822 3070 sunt,
1876 3002 1940 3058 et
1990 3012 2143 3064 mox
2190 2989 2272 3057 ad
2330 2986 2576 3057 castel-

91 3066 199 3142 lum
235 3081 606 3167 Trajectum
659 3079 784 3161 ***,
822 3078 1002 3167 quod
1057 3079 1123 3147 in
1180 3079 1326 3167 ipsa
1376 3079 1688 3149 fluminis
1739 3079 1887 3168 ripa
1927 3077 2134 3146 situm
2186 3089 2307 3156 est,
2348 3097 2577 3165 perve-

92 3177 303 3264 nerunt,
356 3171 421 3238 in
473 3191 618 3257 quo
648 3169 849 3238 etiam
894 3180 1047 3258 post
1093 3166 1368 3253 aliquod
1425 3181 1719 3324 temXuS,
1759 3171 1892 3235 Deo
1925 3164 2244 3244 donante,
2282 3177 2347 3233 et
2375 3164 2578 3232 verbo

87 3244 207 3318 fidei
247 3271 606 3336 crescente,
664 3255 840 3325 idem
883 3267 1163 3326 sanctus
1199 3255 1545 3326 Willibror
1600 3279 1681 3325 us
1714 3254 1942 3325 sedem
1987 3253 2229 3343 Episco
2283 3265 2436 3321 atus
2467 3253 2573 3319 sui

86 3333 294 3411 habuit.
348 3348 469 3415 Sed
513 3347 676 3432 quia
707 3344 942 3415 eadem
981 3366 1151 3434 gens
1194 3344 1579 3424 Frisonum,
1622 3345 1689 3413 in
1731 3366 1865 3431 quo
1916 3341 2096 3410 idem
2138 3363 2215 3410 ae
2272 3341 2573 3409 ificatum

84 3434 541 3527 estncastellum,
577 3456 734 3504 cum
788 3438 968 3522 Rege
1016 3451 1141 3502 suo
1173 3433 1489 3503 Cadbodo
1543 3433 1828 3522 paganis
1877 3430 2105 3500 adhuc
2157 3430 2402 3497 ritibus
2435 3448 2577 3494 sor-

83 3510 220 3596 duit,
258 3523 465 3593 visum
506 3534 608 3592 est
658 3523 798 3590 viro
830 3522 944 3591 Dei
996 3523 1347 3592 Franciam
1384 3521 1817 3600 contendere,
1874 3543 1953 3589 ac
2002 3525 2250 3588 Ducem
2296 3516 2572 3584 illorum

30 3647 35 3684 p
85 3601 235 3675 adire
268 3611 606 3699 Pipinum,
662 3612 883 3681 virum
935 3623 1321 3688 strenuum,
1379 3610 1748 3710 triumpliis
1796 3609 2087 3686 clarum,
2142 3619 2206 3675 et
2266 3604 2576 3673 moribus

87 3693 351 3774 probum.
395 3701 525 3784 Qui
564 3722 720 3771 eum
763 3722 921 3769 cum
961 3699 1151 3769 omui
1184 3698 1439 3768 honore
1482 3698 1893 3787 suscipiens,
1935 3696 2052 3765 sed
2104 3694 2348 3765 nolens
2392 3703 2577 3760 tanto

88 3775 314 3854 doctore
358 3811 425 3857 se
448 3788 547 3859 vel
600 3810 794 3858 suam
849 3788 1114 3878 privare
1148 3799 1444 3876 gentem,
1482 3787 1628 3856 loca
1677 3786 1737 3855 ei
1788 3797 2175 3885 opportuna
2231 3784 2411 3851 intra
2443 3792 2573 3848 ter·

26 3885 33 3956 fi
88 3867 269 3942 minos
303 3879 484 3965 regni
533 3877 643 3947 sui
686 3876 1040 3966 praevidit,
1078 3898 1214 3977 quo
1248 3878 1577 3965 potuisset
1632 3874 2055 3944 idololatriae
2106 3873 2343 3960 spinas
2377 3869 2577 3938 extir-

90 3973 235 4038 pare,
282 3977 342 4032 et
387 3966 754 4055 purissima
806 3965 989 4034 verbi
1040 3969 1157 4033 Dei
1221 3964 1483 4033 semina
1535 3985 1656 4054 per
1711 3962 1972 4033 munda
2025 3961 2288 4029 novalia
2354 3957 2577 4025 abun-

28 4069 35 4086 ι
90 4040 317 4119 dantius
362 4076 714 4144 spargere:
771 4067 844 4121 ut
885 4051 1199 4144 impleret
1257 4052 1731 4142 propheticum
1790 4062 2271 4140 praeceptum:
2326 4051 2578 4114 Novate

26 4145 27 4216 ζ
93 4134 227 4204 cobis
285 4146 592 4222 novalia,
654 4153 714 4211 et
762 4144 969 4212 nolite
1022 4163 1240 4210 serere
1286 4164 1488 4231 super
1556 4143 1787 4230 spinas
1832 4141 2047 4228 (Osee
2094 4140 2210 4217 x).
2269 4140 2580 4217 Cumque

24 4333 33 4434 ρ

24 4439 31 4518 l

130 4330 146 4344 ⁹
168 4327 434 4382 Oenopiam,
450 4339 527 4378 cut
554 4338 596 4377 S.
617 4337 846 4386 egbertus
870 4337 1099 4387 praeerat,
1120 4337 1243 4385 apud
1264 4335 1591 4384 Rathmelemg
1609 4335 1818 4384 positum
1840 4339 1960 4374 erat.

26 4401 27 4406 =
134 4379 173 4402 “¹
198 4384 308 4424 Anno
333 4389 417 4429 690.

138 4432 195 4456 '‘¹''
221 4437 334 4484 Quod
351 4445 394 4482 et
414 4445 735 4495 Ultrajcctum,
753 4445 1063 4492 Wilzenburg,
1086 4441 1315 4483 Antonino
1336 4440 1505 4482 civitas
1528 4441 1905 4488 nuncupabatur.
1929 4437 2076 4484 Vulgo
2103 4438 2293 4476 Ucreckt.
