2993 4837
88 262 399 338 Novas
794 280 878 343 pa
925 280 979 325 s.
1036 278 1358 326 STEPHANO
1406 279 1676 326 sumone
1725 280 1915 326 mar.
2418 263 2545 327 709

89 379 435 452 tamquam
489 363 894 454 hujusmodi
929 385 1262 433 aerumna
1299 385 1432 432 non
1485 364 1653 433 satis
1704 363 1905 455 plena
1954 386 2032 433 ac
2084 362 2380 453 perfecta
2428 377 2628 445 esset,

86 454 250 522 ferro
298 474 580 541 quoque
631 465 843 522 totum
877 474 1130 542 corpus
1177 452 1520 543 cingebat.

161 544 198 629 ξ
244 548 397 614 12.
455 543 791 624 Quoniam
844 541 1056 631 igitur
1104 540 1252 610 fieri
1303 562 1439 610 non
1478 553 1759 628 poterat,
1814 554 1890 610 ut
1934 541 2148 631 (quod
2202 540 2634 610 vehementer

83 631 459 720 expetebat)
508 643 693 700 tanta
744 631 966 718 ipsius
1024 629 1243 700 virtus
1291 631 1361 698 in
1413 630 1710 700 obscura
1767 630 2239 710 delitesceret,
2295 629 2496 698 multi
2545 630 2631 699 ad

83 742 230 788 eum
280 741 433 790 sese
463 718 927 801 conferebant,
981 730 1208 805 atque,
1275 719 1469 809 prius
1524 720 1729 788 etiam
1788 727 1999 805 quam
2068 718 2292 789 ullum
2347 719 2631 788 verbum

84 809 434 889 emitteret,
491 831 568 878 ex
620 809 763 879 solo
812 808 1037 897 ipsius
1104 807 1438 897 adspectu
1505 830 1640 877 non
1713 828 1994 897 parvam
2061 808 2424 877 utilitatem
2481 828 2634 897 per-

83 897 445 987 cipiebant.
503 904 649 980 Quo
698 899 768 966 in
822 918 1112 966 numero
1162 897 1414 966 mulier
1459 896 1802 983 quaedam
1867 896 2156 965 illustris
2203 910 2268 964 et
2314 896 2626 975 honesta,

86 987 319 1056 marito
360 988 552 1056 haud
594 987 688 1056 ita
725 986 992 1076 pridem
1043 985 1305 1067 orbata,
1361 985 1764 1055 festinanter
1812 998 2128 1056 sanctum
2164 985 2386 1054 virum
2423 985 2627 1054 adiit:

86 1097 372 1163 cumque
434 1099 510 1145 se.
559 1075 834 1144 viduam
886 1097 965 1143 ac
1016 1073 1388 1145 liberorum
1457 1087 1801 1165 expertem
1843 1129 1857 1154 ‚
1914 1073 2341 1164 proindeque
2413 1074 2629 1143 solam

88 1185 221 1234 esse
267 1165 401 1254 ipsi
458 1176 827 1244 narrasset,
885 1163 1060 1232 nihil
1110 1163 1300 1232 aliud
1343 1164 1475 1233 sibi
1537 1185 1896 1253 superesse
1945 1163 2239 1243 dicebat,
2296 1184 2506 1248 quam
2558 1175 2635 1231 ut

90 1254 458 1322 monastica
527 1268 708 1323 veste
744 1308 759 1334 ,
811 1253 1016 1341 cujus
1064 1275 1137 1322 se
1186 1252 1578 1321 incredibili
1648 1252 1947 1339 quodam
2000 1251 2343 1320 desiderio
2417 1253 2630 1321 teneri

93 1344 445 1422 asserebat,
502 1342 928 1412 indueretur.
981 1340 1102 1411 Ille
1132 1355 1360 1410 autem
1403 1363 1552 1410 eam
1606 1341 1809 1430 longa
1858 1341 2164 1410 oratione
2193 1342 2626 1416 instructam,

94 1451 160 1497 ac
203 1431 577 1501 salutiferis
640 1430 1020 1520 praeceptis
1069 1431 1308 1500 sedulo
1356 1430 1700 1500 eruditam
1751 1430 2040 1510 dimisit,
2109 1429 2216 1498 his
2267 1430 2490 1499 verbis
2539 1429 2620 1498 ad

91 1532 450 1589 extremum
491 1534 731 1590 utens:
787 1543 822 1586 «
858 1519 1021 1589 Vide
1053 1540 1212 1588 cum
1246 1541 1384 1606 quo
1418 1520 1832 1610 pacisceris:
1887 1541 1968 1588 ac
2016 1518 2076 1588 si
2103 1540 2239 1605 qua
2268 1532 2327 1587 te
2358 1519 2630 1587 animae

92 1628 240 1676 cura
289 1622 495 1690 tenet,
554 1609 617 1677 id
671 1607 854 1696 quod
894 1608 1293 1697 promisisti,
1352 1630 1509 1677 mox
1560 1621 1869 1698 praesta:
1927 1629 2010 1676 ne
2059 1619 2121 1676 te
2185 1618 2623 1676 cunctantem

92 1716 159 1761 ac
219 1719 448 1768 moras
502 1711 883 1767 nectentem
937 1719 1121 1767 mors
1191 1696 1562 1766 invadat.»
1614 1697 1837 1786 Igitur
1885 1698 1998 1786 pia
2059 1696 2178 1764 illa
2243 1696 2494 1765 mulier
2541 1695 2623 1764 ad

94 1797 359 1868 matrem
406 1787 707 1869 rediens,
744 1809 822 1855 ac
847 1786 1066 1855 Patris
1107 1807 1457 1856 sermones
1492 1785 1559 1854 in
1597 1786 1865 1856 intimis
1900 1785 2127 1855 cordis
2164 1784 2631 1875 penetralibus

94 1871 341 1943 abditos
403 1889 691 1956 tenens,
763 1874 1122 1945 facultates
1178 1896 1417 1945 omnes
1480 1897 1641 1943 suas
1705 1897 1875 1944 auro
1936 1888 2359 1955 commutat,
2414 1895 2630 1960 eoque

98 1982 325 2050 magna
364 1987 446 2033 ex
489 1977 679 2053 parte
738 1964 1161 2053 pauperibus
1209 1975 1509 2052 erogato,
1563 1964 1920 2034 confestim
1961 1975 2301 2052 parentes,
2353 1963 2630 2051 propin-

96 2070 291 2133 quos,
362 2054 668 2131 vicinOS‚
735 2054 997 2122 amicos
1063 2052 1507 2139 relinquens,
1561 2052 1645 2121 ad
1695 2053 2009 2121 divinum
2082 2051 2506 2140 Stephanum
2560 2073 2630 2118 sc

100 2138 357 2221 confert,
416 2164 553 2211 non
601 2163 878 2230 parvam
909 2141 1062 2210 auri
1113 2142 1304 2210 illius
1357 2143 1737 2230 portionem
1781 2162 2017 2209 secum
2061 2153 2361 2229 gestans.
2407 2145 2484 2208 At
2517 2138 2631 2207 ille

107 2229 411 2382 asperiori
476 2231 806 2299 orationis
848 2251 1094 2319 genere
1142 2229 1227 2298 ad
1281 2252 1430 2299 eam
1485 2243 1727 2310 utens;
1783 2253 1819 2296 «
1851 2234 2017 2298 Cum
2064 2242 2157 2307 tu,
2221 2229 2448 2315 inquit
2482 2282 2496 2306 ‚
2551 2249 2630 2296 ex

109 2316 419 2388 Savatore
487 2320 639 2409 ipso
708 2318 1096 2396 audiveriS,
1157 2340 1314 2386 eum
1381 2318 1804 2408 discipulum
1859 2319 2082 2408 ipsius
2144 2340 2292 2387 esse
2345 2316 2631 2385 minime

106 2423 299 2489 posse,
343 2409 466 2496 qui
504 2430 637 2477 non
675 2407 875 2478 bonis
906 2407 1234 2477 omnibus
1284 2409 1429 2478 suis
1470 2407 2000 2488 renunciaverit,
2062 2429 2364 2493 quonam
2398 2403 2624 2485 modo,

100 2507 468 2588 contempto
510 2520 587 2567 ac
649 2519 772 2586 pro
831 2496 1047 2566 nihilo
1112 2497 1344 2565 habito
1384 2497 1512 2566 hoc
1565 2511 1947 2587 praecepto,
2008 2509 2265 2586 partem
2320 2496 2626 2582 aliquam

101 2586 318 2654 mundi
373 2588 733 2656 retinesi»
784 2591 962 2655 Haec
1022 2598 1100 2655 ut
1141 2586 1391 2654 mulier
1430 2587 1675 2666 audiit,
1732 2587 1952 2675 ipsius
2003 2585 2502 2675 perspicaciam
2541 2583 2625 2651 ad

100 2681 422 2760 stuporem
470 2697 692 2762 usque
740 2674 1133 2753 admirans;
1190 2697 1223 2739 «
1255 2680 1394 2744 Non
1470 2698 1600 2754 me,
1648 2676 1895 2763 inquit,
1955 2673 2356 2743 honorande
2407 2678 2624 2751 Pater,

98 2776 302 2842 avara,
357 2764 740 2851 spiritualis
784 2763 1033 2863 potiuS,
1089 2763 1220 2831 nisi
1262 2785 1366 2831 me
1397 2764 1675 2834 animus
1708 2764 1905 2843 fallit,
1945 2763 2292 2853 cupiditas
2323 2760 2624 2851 impulit,

98 2858 162 2913 ut
203 2853 345 2919 auri
390 2852 655 2940 aliquid
708 2852 878 2920 m1hi
919 2850 1164 2938 reliqui
1214 2850 1549 2921 facerem:
1603 2853 1786 2939 quod
1842 2852 2153 2922 videlicet
2187 2851 2249 2921 id
2308 2873 2427 2942 per
2476 2864 2630 2919 tuas

102 2951 355 3008 sanctas
402 2963 657 3010 manus
704 2941 1023 3031 erogari,
1078 2938 1550 3028 majoremque
1601 2942 1769 3010 mihi
1834 2956 1948 3011 tua
1997 2963 2203 3027 opera
2265 2940 2627 3011 utilitatem

100 3031 465 3120 comparari
514 3051 863 3119 cuperem.
902 3053 937 3095 »
987 3034 1157 3097 Tum
1233 3029 1387 3098 ille:
1443 3052 1479 3096 «
1510 3030 1904 3101 Alienorum
1955 3030 2363 3100 delictorum
2442 3029 2626 3098 scin-

100 3109 264 3181 tillas
300 3119 624 3188 manibus
666 3119 835 3187 meis
861 3118 1257 3206 extinguere
1292 3118 1482 3188 nullo
1535 3118 1736 3187 modo
1786 3119 2115 3189 sustineo.
2162 3124 2408 3187 Vereor
2440 3117 2623 3187 enim

103 3216 173 3295 tte
207 3223 337 3288 qua
387 3229 623 3276 earum
688 3206 923 3276 furtim
974 3205 1457 3286 succendatur,
1517 3208 2037 3294 maximumque
2073 3208 2141 3275 in
2185 3207 2420 3276 animo
2472 3227 2624 3289 meo

101 3293 481 3364 incendium
536 3296 797 3364 excitet.
857 3295 927 3363 ld
992 3294 1177 3363 enim
1245 3296 1625 3377 nonnullis,
1680 3296 1845 3367 dum
1917 3318 2051 3365 non
2096 3296 2261 3365 satis
2311 3294 2624 3363 animum

101 3381 486 3465 attendunt,
539 3407 675 3454 usu
738 3384 967 3452 venire
1004 3396 1431 3473 compertum
1509 3385 1753 3455 habeo.
1813 3384 1994 3454 Illud
2060 3398 2288 3454 autem
2343 3384 2627 3453 omnino

105 3470 523 3555 perspicuum
590 3487 712 3551 est,
765 3472 945 3559 quod
989 3473 1108 3559 qui
1158 3474 1474 3553 seminat,
1534 3474 1714 3543 idem
1767 3474 1913 3543 suis
1974 3496 2250 3561 quoque
2304 3472 2629 3541 manibus

104 3567 308 3625 metet.
356 3584 392 3626 »
441 3566 619 3631 Haec
691 3561 985 3640 locutus,
1060 3582 1208 3629 eam
1262 3562 1542 3646 quidem
1613 3585 1860 3632 rursus
1922 3563 2004 3632 ad
2053 3576 2339 3632 matrem
2408 3561 2630 3631 redire

102 3635 617 3737 haudquaquam
662 3650 826 3719 utile
872 3670 1021 3719 esse
1053 3648 1434 3735 judicavit:
1473 3664 1843 3733 caeterum,
1880 3665 1956 3719 ut
2006 3652 2250 3722 vicinis
2287 3650 2455 3720 locis
2491 3672 2628 3718 una

103 3737 388 3892 ⁰9³¹,gi0
420 3739 680 3808 Marino
717 3737 1116 3839 peragratiS,
1174 3739 1467 3828 ipsamet
1493 3741 1639 3809 suis
1678 3740 2004 3810 manibus
2040 3741 2403 3830 pecuniam
2434 3738 2623 3812 illam

103 3812 279 3919 distri
332 3829 527 3908 uerit,
582 3829 963 3917 imperavit.
1020 3832 1167 3909 Quo
1205 3849 1489 3898 munere
1536 3851 1695 3898 cum
1755 3829 2112 3919 perfuncta
2159 3829 2424 3907 fuisset,
2481 3839 2627 3897 tum

105 3901 378 4009 denique
426 3918 803 3986 monastica
848 3939 999 3986 eam
1051 3929 1231 3984 veste
1270 3916 1520 3997 induit,
1575 3931 1781 4005 atque
1827 3918 1911 3988 ad
1967 3919 2334 3988 mulierum
2391 3938 2629 3985 monam

106 4004 364 4071 sterium
418 4005 838 4085 transmittit,
900 4004 1379 4091 antistitaeque
1427 4007 1632 4076 etiam
1686 4021 1890 4093 atque
1937 4008 2141 4076 etiam
2188 4005 2492 4085 mandat,
2554 4018 2631 4073 ut

109 4097 423 4161 summam
459 4094 679 4183 ipsius
718 4116 956 4163 curam
1010 4107 1220 4182 gerat,
1279 4117 1706 4183 manumque
1755 4097 1812 4165 ei
1866 4095 1952 4165 ad
1996 4097 2264 4165 virtutis
2314 4093 2623 4164 studium

109 4175 611 4340 itmplexhanhdum
655 4184 981 4274 porrigat,
1037 4181 1413 4269 seduloque
1446 4184 1848 4275 opituletur.
1901 4190 2115 4272 Atque
2147 4184 2312 4254 haec
2343 4182 2627 4270 quidem

156 4279 189 4323 fl
224 4284 288 4331 se
380 4293 415 4339 a
466 4285 743 4341 uerunt.

185 4350 216 4432 ἓ
274 4360 413 4428 la.
487 4364 651 4430 Cum
714 4373 942 4431 autem
1012 4360 1126 4431 ille
1190 4360 1628 4437 zizaniorum*
1682 4374 1866 4431 sator
1937 4360 2182 4430 Christi
2253 4356 2626 4428 Ecclesiam
