2993 4837
589 335 717 397 5⁴0
1277 351 1353 397 nr:
1400 352 1454 398 s.
1513 350 1825 398 moronno
1873 351 2269 398 conrussom:
2700 334 2844 401 Nor.
2879 336 2919 399 4

501 447 563 503 te
600 447 723 515 est,
764 446 839 503 ut
870 457 1026 504 cum
1080 434 1293 504 intelli
1352 437 1408 506 is
1454 438 1852 526 quempiam
1904 437 2370 506 aeternitatem
2410 440 2782 527 promereri,
2812 437 2927 505 illi

502 536 616 593 tua
663 524 963 594 bonitate
1022 524 1090 592 id
1153 458 1544 594 conffrmes.
1601 529 1754 593 Jam
1808 524 2092 596 virtutes
2153 527 2374 612 ipsius
2435 525 2781 616 Leopoldi,
2821 548 2925 612 qu

499 617 769 682 Creator
814 613 1125 682 omnium
1198 614 1402 682 etiam
1477 613 1832 683 miraculis
1879 614 2374 703 comprobavit,
2432 616 2519 684 ab
2572 617 2681 684 Dei
2727 616 2916 682 vicario

495 702 618 788 qui
667 701 855 771 solus
906 702 971 770 in
1017 701 1213 772 terris
1260 725 1357 782 eS‚
1395 701 1786 772 adscribere
1836 703 1905 770 in
1945 725 2234 772 numero
2267 717 2666 773 sanctorum
2703 704 2909 792 jurem

498 790 763 877 ritoque
808 804 1207 881 exposcunt,
1239 802 1790 880 exspectantque.
1826 790 1917 860 Ad
1959 814 2436 880 quaecumque
2463 795 2650 861 enim
2694 793 2813 861 loca
2872 821 2908 851 -ι

499 878 687 980 poldi
737 901 984 949 nomen
1040 880 1463 970 pervenerit,
1528 902 1650 968 pro
1713 895 2149 951 sacrosancto
2213 896 2574 951 veneratur
2619 895 2684 950 et
2739 881 2914 949 colitur

496 968 707 1054 1dque
757 990 888 1038 non
940 968 1370 1056 simpliciter,
1428 982 1699 1070 prouta
1749 968 2107 1039 nonnullis
2157 970 2304 1038 fieri
2352 972 2729 1051 consuevit,
2767 970 2913 1038 sedi·

497 1056 773 1126 delebili
823 1069 1025 1143 atque
1076 1056 1449 1126 inviolabili
1527 1057 1722 1126 titulo
1770 1072 2051 1127 sanctus
2100 1059 2483 1148 Leopoldus
2541 1058 2932 1149 appellatura

499 1167 622 1236 pro
670 1159 905 1215 sancto
947 1146 1254 1215 habetur.
1293 1147 1656 1229 Quaeritur
1691 1159 1913 1215 tamen
1978 1169 2100 1236 pro
2150 1147 2483 1216 laudabili
2538 1147 2931 1217 consuetudi

499 1233 1087 1322 solemnitateque‚
1141 1258 1178 1303 a
1228 1249 1659 1304 sacrosancta
1719 1235 2017 1304 Ecclesia
2078 1236 2484 1314 introducta,
2548 1241 2616 1305 S.
2675 1243 2743 1304 T.
2793 1258 2863 1303 nu
2892 1260 2929 1293 1·-

496 1346 634 1411 quo
682 1324 941 1411 absque
986 1325 1075 1392 nil
1114 1334 1360 1402 tutum,
1401 1323 1495 1392 nil
1541 1324 1804 1403 stabile,
1843 1325 1938 1392 nil
1990 1324 2286 1412 denique
2335 1338 2659 1395 sanctum
2709 1325 2895 1394 credi

498 1412 572 1481 Id
623 1413 797 1503 exigi
850 1435 996 1480 mea
1046 1413 1349 1481 oratione
1397 1434 1533 1482 non
1584 1413 1932 1482 existimes
1973 1413 2196 1481 velim.
2238 1419 2400 1482 Nam
2446 1415 2796 1500 imprimis
2874 1446 2906 1473 ι·

420 1575 423 1576 ι
499 1502 964 1572 stianissimus
1004 1500 1160 1569 fidei
1216 1515 1485 1571 nostrae
1541 1503 1882 1588 totiusque
1939 1501 2290 1592 religionis
2337 1503 2758 1573 orthodoxae
2799 1524 2892 1569 ve

499 1589 851 1679 legitimus
881 1645 895 1669 ‚
950 1589 1379 1659 indubitatus
1427 1589 1744 1659 defensor
1785 1590 2172 1659 Fridericus
2230 1596 2620 1691 Imperator
2669 1598 2893 1680 August

496 1701 537 1748 a
583 1701 719 1765 quo
766 1679 917 1765 ejus
967 1678 1266 1748 bonitate
1319 1678 1487 1747 nihil
1534 1680 1762 1748 adhuc
1814 1701 2170 1780 perperam
2224 1693 2356 1768 peti
2414 1680 2842 1749 audivimus:
2884 1708 2911 1739 ι.-

498 1789 654 1837 vero
699 1767 955 1837 idcirco
1003 1779 1315 1846 tantum,
1375 1767 1558 1854 quod
1609 1791 1688 1836 ex
1739 1769 2176 1837 sanctissima
2228 1768 2552 1858 Leopoldi
2604 1769 2880 1839 familiar

498 1854 688 1926 strali
748 1856 955 1924 ducat
1000 1856 1335 1944 originem
1370 1911 1384 1932 ,
1439 1879 1674 1925 verum
1725 1857 1927 1925 etiam
2000 1871 2080 1927 ut
2150 1862 2324 1926 Deus
2386 1859 2454 1926 in
2507 1859 2666 1928 suis
2713 1857 2906 1948 glori

498 1946 852 2026 creaturis
887 1945 1037 2034 ejus
1088 1944 1274 2014 filius
1324 1945 1830 2015 Maximilianus
1867 1946 2176 2015 Austriae
2208 1967 2287 2014 ac
2326 1947 2772 2037 Burgundiae
2801 1954 2836 2014 A
2892 1988 2899 2001 ·

496 2033 638 2103 dux
696 2035 1187 2104 invictissimus
1223 2089 1237 2114 ,
1295 2048 1552 2122 patrem
1607 2036 1886 2104 sortitus
1942 2047 2043 2103 est
2100 2039 2473 2104 Caesarem.
2556 2036 2668 2105 Sic
2741 2034 2900 2120 incip

498 2127 940 2212 Hungrorum
996 2127 1175 2202 Rex,
1219 2124 1604 2209 caeterique
1668 2123 2022 2212 Principes
2069 2122 2385 2192 catholici
2436 2123 2726 2194 illarum
2771 2145 2909 2212 pro·

496 2213 786 2296 ciarum,
826 2224 890 2281 et
923 2212 1219 2297 denique
1265 2233 1506 2280 omnes
1551 2233 1788 2280 eorum
1843 2211 2104 2302 populi,
2156 2224 2425 2291 nutum,
2473 2233 2834 2298 vocemque
2862 2238 2901 2267 *w

497 2301 750 2369 ctitatis
821 2313 975 2369 tuae
1046 2299 1383 2370 sitibundi
1442 2300 1779 2390 cupiunt,
1858 2300 2398 2390 praestolantur,
2470 2312 2892 2391 exspectante}

498 2388 674 2473 Quid
718 2391 899 2459 enim
958 2389 1066 2459 his
1118 2389 1402 2459 testibus
1453 2390 1672 2479 magis
1726 2390 1793 2457 in
1847 2389 2107 2459 mundo
2154 2388 2300 2459 dari
2358 2391 2581 2479 possit
2634 2413 2762 2460 non
2805 2386 2913 2455 vid

498 2480 738 2569 Magna
779 2479 1074 2569 profecto
1123 2501 1229 2548 res
1261 2492 1384 2559 est,
1423 2491 1499 2548 ut
1552 2477 1891 2557 mortales,
1942 2484 2071 2548 Deo
2114 2479 2405 2569 propitio
2449 2492 2513 2548 et
2570 2480 2834 2550 favente.
2863 2499 2931 2564 g

501 2569 914 2637 riosissimos
962 2582 1026 2636 et
1079 2566 1403 2637 coelestes
1459 2567 1694 2637 titulos
1745 2567 2229 2637 benefaciendo
2278 2568 2409 2636 sibi
2470 2583 2821 2655 quaerant.
2857 2568 2903 2627 l:-

502 2670 771 2744 tempus
818 2668 941 2735 est,
986 2657 1131 2745 jam
1177 2670 1235 2725 te
1275 2659 1373 2725 sic
1406 2656 1574 2725 velle
1606 2658 2075 2746 conspicimus
2128 2670 2193 2725 et
2249 2668 2572 2727 tenemus
2628 2676 2872 2727 omnes:
2918 2715 2921 2718 .

499 2759 616 2814 tua
650 2744 960 2813 videlicet
1009 2745 1136 2813 hac
1188 2745 1462 2815 coelesti
1502 2767 1658 2814 voce
1702 2745 2108 2835 LeopolduS,
2145 2746 2263 2832 qui
2312 2768 2469 2814 cum
2517 2748 2668 2831 jam
2721 2747 2781 2814 in
2815 2745 2921 2810 cr-T.

499 2845 778 2902 sanctus
819 2834 927 2913 sit,
964 2835 1164 2902 etiam
1220 2835 1286 2902 in
1323 2834 1521 2903 terris
1562 2847 1873 2903 sanctum
1911 2856 2059 2904 esse
2090 2833 2395 2903 declares
2439 2835 2913 2905 sanctissimot·

498 2922 790 3000 decreto,
830 2922 1035 3011 longa
1096 2922 1456 2992 hominum
1505 2925 2004 3013 exspectatione
2051 2934 2301 3011 optato.
2359 2923 2487 2992 Diu
2544 2918 2921 3017 mortalesh

501 3011 567 3079 in
610 3025 1056 3099 augmentum
1110 3011 1310 3092 fidei,
1370 3012 1437 3080 in
1489 3025 1938 3081 monumenta
1987 3013 2277 3081 Romani
2324 3024 2390 3081 et
2437 3011 2862 3082 Ecclesiastici
2910 3034 2916 3101 j

500 3113 630 3179 tus,
672 3102 737 3167 in
791 3101 1076 3202 gloriam
1115 3100 1534 3169 aeternitatis
1570 3124 1779 3188 quam
1833 3101 2047 3169 nimio
2095 3100 2335 3170 ardore
2390 3115 2789 3191 exposcunt.
2829 3108 2909 3163 et·

500 3188 873 3259 benefactis
923 3189 1123 3279 longo
1171 3189 1403 3260 labore
1450 3190 1761 3276 quaesita
1804 3191 1944 3281 jam
2001 3191 2303 3279 praemia
2355 3190 2787 3260 declarentur
2823 3185 2863 3249 ⁴.

550 3408 575 3433 '⁸¹
604 3407 670 3447 Re
699 3404 811 3446 vera
838 3407 887 3447 B.
920 3406 1185 3454 Leopoldus
1216 3405 1501 3446 Sanctorum
1537 3406 1796 3455 cathalogo.
1828 3407 1953 3446 inter
1985 3407 2191 3446 minores
2225 3407 2524 3447 confessores
2566 3406 2785 3454 receptus,
2801 3398 2901 3439 ⁸1¹1

499 3462 652 3501 centio
682 3462 761 3509 Pp.
790 3461 897 3499 VIII
925 3461 1192 3507 adscriptus
1216 3456 1294 3499 'ont
1321 3470 1442 3499 anno
1472 3461 1592 3499 1485.
1620 3460 1995 3499 canonizationis
2024 3461 2164 3499 Bulla
2181 3461 2256 3499 die
2275 3461 2523 3507 ojanuarn
2545 3460 2654 3500 unni
2682 3457 2856 3506 ejusdem
2930 3503 2932 3508 Ι

498 3510 602 3554 ruit.
620 3511 795 3553 Exinde
810 3514 852 3553 S.
871 3514 1149 3563 Leopoldus,
1167 3514 1220 3551 nt
1239 3515 1453 3551 Austriae
1472 3516 1697 3561 patronus
1719 3514 1918 3553 habetur
1934 3514 2220 3562 coliturque:
2239 3518 2286 3553 et
2308 3514 2590 3553 incredibile
2609 3515 2680 3553 est
2699 3510 2810 3551 dictu
2830 3516 2862 3553 ς’
2898 3517 2932 3564 ’1

498 3567 799 3607 veneratione
829 3568 933 3615 ejus
962 3571 1154 3613 corpus,
1179 3568 1305 3615 quod
1324 3567 1371 3605 in
1391 3568 1675 3606 monasterio
1697 3567 1885 3606 Kloster
1907 3567 2128 3615 Nouum-g
2146 3568 2437 3611 adservatur.
2456 3578 2484 3606 a
2506 3562 2856 3607 Christtndemius
2902 3569 2909 3586 ⁵

498 3622 639 3667 tetur,
667 3622 839 3670 quibua
869 3621 992 3659 votis
1012 3619 1091 3670 pia
1112 3621 1214 3669 ejus
1235 3621 1460 3659 memoria
1475 3620 1756 3659 celebretur.
1777 3624 1907 3660 Anno
1930 3622 2042 3665 1506,
2061 3621 2136 3659 die
2159 3622 2206 3659 15
2221 3619 2463 3667 februarii,
2481 3626 2724 3670 praesente
2737 3619 2877 3664 lmpffl
2896 3621 2903 3634 ·“

498 3672 816 3715 Πικίιιιίιιειιιο
835 3675 868 3717 1.
888 3684 1045 3714 sacrae
1064 3674 1206 3722 bruun
1228 3674 1386 3714 Sancti
1405 3674 1650 3722 Reliquiae
1669 3671 1945 3714 solemniter
1965 3674 2231 3723 recognitae
2253 3674 2398 3715 ruere.
