2993 4837
96 267 239 334 ΝΜ.
289 269 360 332 Η
626 288 704 332 ΒΕ
754 287 1212 336 s.·LAURENT10
1261 289 1551 335 anemae.
1608 288 1982 336 otssmnmffl
2364 277 2488 339 4835

56 384 356 438 :octavum
406 369 735 439 Calendas
779 374 1021 450 Martii,
1062 372 1228 441 solis
1278 372 1511 442 lumen
1566 395 1699 442 non
1753 375 2049 463 accipit,
2118 375 2330 446 immo
2370 399 2580 465 quae-

56 471 59 488 2
90 457 213 527 dam
252 460 393 546 ejus
427 481 609 548 pars,
649 459 814 528 solis
853 460 1067 530 radiis
1105 482 1463 547 nunquam
1501 461 1913 532 illustratur.

56 569 59 654 1
151 549 181 633 ἓ
222 552 341 618 17.
395 553 469 615 In
520 570 599 616 ea
655 562 883 617 autem
933 549 1375 634 concavitate,
1422 572 1629 637 quam
1693 555 1759 620 S.
1813 552 2199 642 Coenginus
2249 555 2395 625 suis
2433 577 2579 623 ma-

56 635 254 726 gnibus
292 637 591 705 effecisse
653 637 929 718 dicitur,
974 643 1044 706 B.
1086 638 1494 708 Laurentius
1548 661 1870 728 persaepe
1919 640 2218 722 latitanS,
2272 657 2581 712 contem-

56 737 59 790 ἶ
80 725 312 812 plativis
357 724 623 795 deliciis
666 725 805 795 illic
840 725 1121 797 devotus
1155 727 1660 814 perfruebatur,
1698 728 1780 796 de
1814 751 2097 818 corpore
2129 754 2255 801 suo
2288 733 2578 801 minime

80 812 395 883 sollicitus.
451 814 580 883 Sed
632 827 857 884 tamen
908 815 977 883 in
1031 817 1247 885 multa
1299 817 1699 886 necessitate
1766 817 1827 886 ei
1876 817 2110 889 deesse
2160 820 2425 899 nolens,
2484 833 2584 889 ter

80 913 301 971 tantum
354 903 418 971 in
457 903 890 972 hebdomada
944 926 1188 993 panem
1231 918 1296 973 et
1342 927 1619 992 aquam,
1659 905 2006 975 interdum
2067 910 2270 977 etiam
2322 910 2477 978 olus
2518 911 2580 977 ei

79 991 427 1078 praebebat,
483 1005 832 1079 tamquam
886 992 1054 1062 alter
1089 999 1350 1082 Moyses
1398 994 1997 1083 contemplationis
2031 997 2306 1067 divinae
2356 999 2581 1068 suavi-

77 1090 184 1147 tate
227 1080 529 1150 refectus.
590 1081 688 1150 Ibi
737 1103 898 1170 ergo
950 1102 1225 1151 morans
1278 1104 1394 1170 per
1439 1082 1962 1172 quadragenaS‚
2019 1085 2381 1156 hominum
2439 1109 2573 1156 non

78 1167 435 1239 admittebat
483 1169 964 1256 frequentiam,
1009 1171 1140 1239 nisi
1184 1171 1328 1258 jam
1367 1170 1530 1239 dicti
1566 1172 1842 1242 Abbatis
1880 1175 2144 1261 nepotis
2179 1176 2312 1255 sui,
2353 1175 2472 1262 qui
2516 1175 2579 1242 ei

76 1256 297 1337 cibum,
335 1259 612 1345 qualem
676 1257 1001 1340 diximuS,
1056 1259 1670 1330 subministrabat:
1725 1260 1808 1330 ad
1866 1283 2162 1350 eumque
2191 1271 2459 1333 'causas
2516 1277 2580 1332 et

79 1347 310 1433 negotia
360 1370 445 1436 po
499 1347 626 1427 uli,
679 1361 742 1417 et
806 1347 891 1416 ad
935 1348 1268 1437 populum
1316 1349 1542 1427 ‘sancti
1592 1351 1963 1420 sacerdotis
2015 1374 2340 1441 responsa
2376 1366 2581 1439 atque

75 1434 322 1503 consilia
355 1459 426 1505 re
457 1436 710 1506 erebat.
752 1442 799 1505 E
884 1449 908 1506 t
940 1449 1167 1506 autem
1217 1458 1536 1506 accessus
1568 1437 1652 1505 ad
1686 1460 1843 1508 eum
1883 1462 2003 1529 per
2041 1441 2335 1510 scalam:
2377 1444 2579 1530 cujus

75 1521 188 1590 ima
236 1546 385 1613 pars
439 1526 508 1592 in
563 1547 737 1611 aqua
921 1526 1144 1604 batur,
1191 1527 1506 1614 superior
1543 1527 1896 1596 tenebatur
1935 1528 2016 1596 ad
2058 1552 2321 1618 rupem.
2355 1536 2582 1617 Neque

78 1621 269 1680 tamen
320 1635 398 1682 ex
449 1615 579 1682 hoc
619 1615 768 1702 ipso
801 1615 946 1683 loco
992 1614 1224 1703 egredi
1259 1626 1492 1682 sancto
1535 1615 1675 1685 viro
1725 1616 2087 1687 molestum
2139 1632 2303 1698 erat,
2360 1621 2418 1687 si
2466 1641 2580 1687 ur-

76 1714 243 1786 gente
278 1703 547 1792 negotio
583 1703 877 1772 subditis
928 1703 1072 1772 suis
1120 1702 1187 1770 id
1227 1705 1690 1772 necessarium
1732 1708 2202 1795 cognovisset:
2243 1708 2358 1776 sed
2400 1707 2580 1777 velut

76 1787 220 1856 alter
255 1795 515 1880 Moyses
551 1792 617 1859 in
661 1792 975 1881 ingressu
1020 1791 1439 1861 tabernaculi
1488 1804 1553 1860 et
1599 1814 1904 1882 egressu,
1943 1796 2259 1866 Rachelis
2292 1810 2355 1866 et
2399 1798 2573 1875 Liae‚

78 1878 291 1947 Mariae
337 1893 400 1948 et
450 1880 752 1949 Marthae
787 1902 910 1970 pro
944 1879 1092 1948 loco
1140 1893 1204 1949 et
1236 1893 1561 1970 tempore,
1601 1881 1668 1949 in
1705 1904 1776 1950 se
1806 1881 2015 1954 facies
2049 1885 2269 1954 varias
2307 1886 2580 1954 transfi-

74 1968 353 2052 gurabat.
395 1970 506 2037 Sic
557 1982 782 2038 autem
823 1968 1152 2057 implebat
1202 1968 1425 2038 fidelis
1476 1971 1765 2058 pastoris
1814 1984 1875 2039 et
1910 1972 2267 2060 prudentis
2298 1974 2582 2042 rectoris

77 2052 370 2137 officium,
412 2079 547 2126 non
597 2071 870 2146 propter
916 2057 1301 2146 improbam
1345 2059 1768 2146 agendorum
1812 2060 2235 2142 instantiam,
2275 2074 2579 2130 contem-

78 2142 412 2228 plationem
446 2145 831 2235 negligens:
870 2160 986 2215 aut
1020 2159 1293 2235 propter
1324 2146 1924 2237 contemplationis
1954 2150 2285 2230 studium,
2315 2150 2579 2240 agenda

77 2245 196 2384 post
246 2256 483 2305 onens.
526 2234 895 2304 Videbatur
941 2248 1167 2304 autem
1209 2234 1462 2324 populo
1496 2236 1809 2318 barbam,
1848 2239 2114 2308 cornuti
2169 2240 2332 2309 Mosi
2385 2240 2579 2309 simi-

100 2319 178 2388 itu
231 2324 407 2392 inem
461 2325 703 2392 afferre
761 2346 836 2391 ex
896 2323 1234 2410 frequenti
1295 2323 1749 2394 collocutione
1806 2348 1964 2395 cum
2049 2328 2353 2396 Domino.
2409 2333 2575 2396 Nam

72 2428 263 2480 sermo
295 2413 446 2502 ejus
480 2413 699 2482 instar
730 2410 997 2481 faculae
1030 2411 1332 2493 ardebat,
1367 2413 1594 2483 radios
1628 2415 1937 2485 vibrabat
1977 2417 2248 2506 igneos:
2288 2417 2579 2487 dixisses

75 2498 359 2571 stimulos
406 2516 471 2571 et
520 2503 719 2588 quasi
777 2500 1005 2571 clavos
1054 2502 1121 2569 in
1173 2503 1388 2570 altum
1451 2503 1733 2573 defixos.
1785 2506 1934 2574 Ibat
1983 2507 2084 2574 vir
2131 2520 2409 2575 sanctus
2462 2526 2581 2594 per

71 2607 232 2656 arma
281 2590 588 2678 justitiae
636 2613 672 2658 a
721 2590 974 2659 dextris
1023 2602 1087 2658 et
1125 2613 1164 2658 a
1210 2591 1533 2671 sinistris,
1572 2592 1992 2663 detruncans
2040 2609 2358 2665 cruentas
2398 2596 2578 2663 acies

72 2676 383 2759 vitiorum,
434 2678 839 2768 praedicans
887 2679 1164 2748 assidue
1215 2680 1495 2749 verbum
1551 2681 1688 2761 Dei,
1733 2695 1796 2750 et
1843 2706 2020 2772 opus
2067 2683 2323 2754 faciens
2357 2689 2578 2753 Evan-

68 2763 351 2849 gelistae:
398 2768 665 2836 instans
713 2781 1119 2856 opportune,
1179 2768 1609 2856 importune:
1671 2792 1992 2860 arguens,
2037 2774 2428 2853 obsecranS,
2476 2775 2578 2841 in-

69 2874 328 2942 crepans
361 2856 430 2923 in
468 2857 656 2925 omni
708 2857 1032 2945 patientia
1084 2866 1149 2924 et
1179 2856 1515 2937 doctrina,
1564 2880 1645 2925 ne
1696 2858 1778 2927 de
1831 2882 2041 2928 manu
2102 2884 2227 2930 sua
2278 2863 2577 2948 require-

72 2954 224 3010 retur
272 2944 969 3033 sanguis‘commissi
1021 2944 1153 3013 sibi
1219 2944 1452 3034 populi
1510 2948 1878 3034 pereuntis.
1937 2952 2325 3020 Ducebatur
2389 2952 2573 3019 enim

68 3029 133 3096 ad
181 3049 463 3102 mortem
505 3033 803 3123 populus
841 3032 1224 3112 Dubliniae‚
1262 3033 1358 3103 vel
1399 3036 1623 3122 potius
1645 3036 1788 3123 jam
1845 3038 2134 3124 perierat
2166 3040 2405 3107 infami
2451 3051 2579 3107 ter-

66 3121 232 3188 nario
274 3122 620 3202 vitiorum,
679 3135 841 3211 puta
887 3123 1441 3211 concupiscentia
1501 3124 1752 3204 carnis,
1811 3127 2369 3214 concupiscentia
2411 3149 2577 3195 ocu-

66 3204 290 3291 lorum,
323 3224 389 3279 et
438 3211 762 3299 superbia
803 3212 997 3280 vitae.
1042 3216 1136 3279 Ex
1174 3210 1451 3297 quibus,
1494 3224 1841 3297 tamquam
1893 3235 1970 3281 ex
2021 3215 2324 3284 fontibus
2377 3237 2578 3284 vene-

68 3298 264 3377 natiS,
331 3300 652 3368 oriuntur
698 3313 762 3368 et
808 3299 1167 3368 dimanant
1230 3299 1431 3368 rivuli
1484 3300 1811 3370 mortiferi
1886 3302 2090 3371 totius
2162 3303 2566 3389 iniquitatis,

63 3382 422 3465 ebrietates,
461 3388 809 3487 crapulae,
847 3401 911 3456 et
940 3410 1176 3457 earum
1227 3409 1456 3457 comes
1490 3390 1671 3477 ignis
1706 3388 2040 3470 luxuriae,
2079 3391 2569 3470 contentiones,

65 3473 344 3559 rapinae,
389 3477 681 3565 injur1ae
717 3490 1019 3556 mutuae,
1058 3488 1122 3544 et
1162 3476 1296 3544 alia
1348 3476 1525 3545 mala
1565 3478 1857 3547 infinita.
1904 3479 2167 3560 Quibus
2205 3479 2384 3548 vitiis
2415 3501 2574 3548 cum

61 3560 221 3630 cives
269 3586 430 3633 suos
472 3565 726 3633 videret
774 3566 1010 3635 beatus
1063 3565 1359 3653 pontifex
1402 3566 1719 3647 irretitos,
1759 3568 2030 3637 dolebat
2073 3568 2480 3656 plurimum,
2514 3581 2577 3635 et

61 3652 428 3733 speculator
474 3654 885 3723 constitutus
920 3677 960 3723 a
1008 3655 1294 3723 Domino
1329 3677 1537 3744 super
1584 3655 1935 3745 speculam
1988 3678 2182 3725 suam
2237 3655 2418 3726 stetit
2459 3655 2577 3742 ju-

60 3739 214 3822 giter
254 3762 372 3827 per
403 3740 608 3822 diem,
662 3756 725 3810 et
765 3765 972 3830 super
1017 3742 1397 3812 custodiam
1436 3765 1632 3812 suam
1673 3746 1826 3814 totis
1863 3745 2219 3814 noctibus:
2276 3757 2340 3813 et
2387 3743 2570 3831 quod

60 3827 298 3897 audivit
330 3829 415 3897 de
460 3852 574 3899 ore
614 3831 906 3910 Domini,
945 3832 1225 3900 verbum
1277 3833 1725 3902 annunciavit
1777 3833 2032 3922 populo
2081 3832 2356 3902 subdito
2407 3832 2564 3901 sibi.

66 3913 220 3983 Vidit
270 3917 449 3985 enim
505 3931 570 3987 et
624 3918 1000 4007 praedixit,
1053 3932 1204 4009 post
1254 3921 1412 3988 vitia
1461 3936 1782 3990 secutura
1830 3922 2169 4010 supplicia
2203 3976 2217 4001 ,
2280 3921 2571 4007 injurios

64 4001 435 4085 plectendos
471 4006 762 4094 injur-iffi,
805 4009 1190 4078 luxuriosos
1239 4008 1578 4078 incendiis
1614 4009 1975 4078 vastandos
2032 4010 2336 4097 (luxuria
2390 4031 2572 4076 nam·

61 4109 178 4172 que
226 4094 405 4182 ignis
433 4108 557 4174 est,
592 4118 811 4181 usque
858 4096 940 4164 ad
981 4097 1426 4184 perditionem
1480 4097 1836 4178 devorans,
1872 4110 1936 4166 et
1969 4098 2201 4165 omnia
2243 4098 2568 4165 virtutum

63 4180 400 4250 eradicans
432 4183 834 4272 genimina),
873 4199 938 4254 et
986 4184 1367 4253 homicidas
1407 4185 1733 4255 caedibus
1776 4185 2180 4275 perdendos.
2229 4191 2352 4254 Per
2400 4206 2575 4270 quae

64 4270 224 4334 enim
268 4288 496 4353 peccat
527 4272 702 4356 quis,
744 4295 858 4360 per
891 4274 1055 4341 haec
1090 4287 1154 4341 et
1189 4274 1495 4360 punitur.

142 4358 172 4439 ἓ
206 4361 341 4428 18.
376 4360 695 4426 Veniente
728 4383 886 4450 ergo
918 4361 1146 4449 gladio
1184 4362 1475 4441 Domini,
1513 4376 1584 4430 ut
1623 4375 1851 4450 pastor
1885 4384 2085 4449 saepe
2122 4361 2572 4452 praedixerat,
