2993 4837
498 247 626 310 566
878 259 882 262 ⁴
1142 261 1221 307 nn
1268 260 1325 308 s.
1377 200 1689 308 caesonio
1736 260 2204 309 raaumruaso
2616 242 2769 309 NOV.
2808 246 2864 308 Π

408 347 1019 437 persequebantur,
1065 367 1319 436 magna
1368 346 1813 415 multitudine
1849 358 2300 433 sequerentur
2344 367 2579 416 eorum
2627 346 2867 435 vestigia,

407 459 448 505 a
494 437 815 525 quopiam
870 436 968 504 eis
1014 450 1287 504 ostenso
1337 434 1509 515 loco,
1565 436 1634 503 in
1699 457 1836 522 quo
1884 436 2460 515 abscondebatur,
2499 435 2616 503 alii
2656 437 2873 522 quidem

408 524 652 592 vallem
704 524 858 593 colli
896 524 1272 611 subjectam
1323 524 1856 612 circumseptam
1899 525 2403 602 custodiebant,
2443 538 2518 594 ut
2549 526 2606 592 ei
2644 524 2804 594 nulla
2823 546 2879 595 ex

408 626 600 713 parte
637 613 866 682 liceret
897 614 1219 701 effugere,
1265 612 1320 680 si
1362 612 1447 681 ad
1499 612 1626 682 hoc
1675 626 1849 683 esset
1882 636 2297 693 conversus;
2350 613 2470 682 alii
2512 626 2728 684 autem
2769 636 2881 681 cum

406 723 475 769 m
509 713 806 771 montem
836 703 1309 781 accessissent,
1348 721 1468 791 per
1491 723 1766 770 omnem
1800 718 2055 789 partem
2086 717 2494 783 scrutanteS,
2520 703 2663 793 jam
2697 722 2884 791 magno

407 788 511 858 illi
552 791 694 858 viro
753 791 1099 879 conspecti
1151 790 1442 870 fuerant,
1491 792 1674 859 reeta
1720 790 1803 859 ad
1855 791 2084 880 ipsum
2126 804 2506 861 currentes.
2554 790 2672 859 llle
2716 807 2884 858 autem

406 900 563 947 cum
594 878 926 965 ‚jussisset
977 880 1038 948 ei
1078 880 1197 965 qui
1255 891 1397 947 erat
1447 902 1605 948 cum
1662 880 1842 968 ipse,
1888 892 1962 949 ut
2011 893 2217 950 staret
2260 894 2445 950 certa
2496 894 2561 948 et
2612 878 2810 948 solida
2844 880 2886 945 in

407 971 617 1035 Deum
683 967 959 1048 fiducia,
1012 980 1077 1037 et
1121 969 1178 1036 ei
1225 989 1419 1036 suam
1469 967 1775 1037 crederet
1835 969 2122 1038 salutem
2159 1025 2173 1050 ‚
2238 991 2490 1052 manus
2541 968 2805 1038 tendens
2833 968 2890 1035 ad

406 1056 810 1135 orationem,
854 1071 920 1125 et
968 1079 1090 1126 nec
1131 1056 1333 1125 etiam
1372 1057 1430 1124 si
1464 1079 1587 1145 pro
1640 1079 1677 1125 e
1726 1057 1979 1126 fuerint
2016 1058 2305 1138 inimici,
2351 1072 2539 1126 metu
2572 1058 2893 1126 excutiatur

405 1144 601 1213 fides.
655 1146 999 1234 Praecepti
1060 1157 1286 1214 autem
1351 1156 1592 1235 exemp
1629 1168 1744 1215 um
1803 1167 1874 1214 se
1930 1147 2246 1237 praebuit
2310 1148 2656 1227 Diacono,
2709 1145 2820 1214 fixo
2854 1160 2895 1211 et

407 1232 634 1302 stabili
685 1234 884 1303 oculo
932 1233 1199 1303 coelum
1251 1235 1563 1313 intuenS‚
1618 1235 1916 1304 extensis
1966 1236 2289 1304 manibus
2340 1249 2526 1304 recta
2580 1237 2807 1324 figura.
2848 1238 2895 1300 Et

405 1321 479 1391 hi
518 1322 796 1409 quidem
850 1324 917 1391 in
970 1324 1077 1390 his
1124 1336 1337 1392 erant.
1393 1322 1500 1391 Illi
1552 1335 1776 1392 autem
1830 1346 1988 1392 cum
2041 1324 2123 1393 ad
2175 1347 2290 1394 eos
2339 1326 2820 1401 accurrissent,
2856 1336 2894 1388 et

404 1432 677 1478 omnem
733 1411 954 1480 locum
1008 1411 1372 1501 diligenter
1412 1412 1891 1501 inspexissent,
1945 1435 2361 1498 omnemque
2398 1414 2464 1481 in
2507 1435 2684 1503 rupe
2720 1412 2894 1480 static

407 1520 611 1579 nem,
676 1512 741 1569 et
788 1522 1060 1568 omnem
1117 1501 1309 1589 rupis
1358 1522 1711 1569 accessum
1745 1556 1760 1582 ,
1813 1514 1877 1569 et
1924 1523 2198 1570 omnem
2251 1525 2290 1570 a
2340 1502 2596 1571 lacuna
2646 1502 2893 1570 effectam

406 1589 893 1675 concavitatem
945 1588 1475 1677 diligentissime
1525 1590 1807 1658 scrutati
1855 1602 2104 1670 essent,
2162 1610 2407 1661 rursus
2457 1590 2529 1659 in
2573 1591 2802 1659 vallem
2832 1610 2894 1655 re

405 1676 643 1757 deum,
696 1677 895 1767 quasi
948 1691 1129 1745 metu
1178 1699 1414 1747 eorum
1456 1680 1577 1764 qui
1628 1679 2137 1758 scrutabantur,
2192 1680 2338 1768 ipse
2392 1680 2460 1747 in
2517 1680 2751 1767 sugam
2782 1698 2896 1746 ‹zon-

406 1786 643 1834 versus
674 1765 1024 1834 incidisset
1056 1766 1122 1833 in
1164 1789 1412 1836 manus
1459 1789 1696 1835 eorum
1754 1768 1871 1853 qui
1928 1768 2545 1837 circumsidebant.
2591 1774 2894 1853 Postquam

405 1875 566 1943 ergo
618 1876 739 1922 nec
789 1855 874 1923 ab
926 1855 1032 1923 his
1079 1868 1178 1923 est
1228 1856 1568 1936 inventuS,
1607 1878 1731 1924 nec
1778 1870 1921 1925 erat
1961 1857 2146 1945 apud
2200 1857 2353 1925 illos
2403 1858 2524 1943 qui
2573 1858 2790 1926 locum
2820 1853 2896 1922 ad·

406 1956 738 2032 spexerat‚
782 1944 848 2011 in
893 1965 1031 2029 quo
1074 1966 1368 2033 magnus
1418 1943 1531 2012 ille
1571 1944 1882 2034 degebat,
1937 1947 2155 2034 signis
2203 1947 2573 2034 descripsit
2623 1969 2816 2021 eum,
2853 1946 2895 2009 in

404 2052 542 2117 quo
590 2032 1026 2100 affirmabant
1072 2034 1516 2118 quaesitoreS,
1571 2055 1643 2102 se
1679 2034 2021 2102 neminem
2070 2034 2340 2113 vidisse,
2386 2036 2522 2103 nisi
2558 2034 2740 2104 solas
2774 2033 2895 2100 duas

404 2120 707 2199 arbores,
761 2144 800 2189 a
848 2142 919 2189 se
968 2121 1254 2189 invicem
1312 2143 1552 2211 parum
1605 2122 1959 2196 distantes.
2013 2127 2177 2191 Cum
2229 2138 2456 2192 autem
2510 2124 2893 2193 secessissent

404 2210 521 2295 qui
557 2210 999 2296 quaerebant,
1056 2210 1332 2279 relictus
1381 2210 1584 2279 index
1633 2233 1790 2279 cum
1845 2210 2040 2280 illum
2082 2234 2410 2299 magnum
2449 2212 2830 2281 offendisset
2854 2209 2892 2273 in

403 2298 732 2378 oratione,
778 2310 842 2367 et
873 2321 1029 2367 eum
1065 2299 1183 2384 qui
1225 2321 1380 2367 cum
1419 2300 1569 2388 ipso
1609 2313 1775 2379 erat,
1819 2313 1883 2368 et
1925 2300 2237 2368 divinum
2275 2303 2709 2390 cognovisset
2755 2318 2893 2388 prae·

406 2385 687 2469 sidium,
726 2410 847 2477 per
875 2386 1055 2473 quod
1094 2386 1195 2456 illi
1230 2388 1488 2457 eisvisi
1525 2401 1687 2458 sunt
1720 2389 2022 2470 arboreS,
2079 2388 2328 2459 accidit
2376 2389 2460 2459 ad
2513 2392 2668 2476 ejus
2718 2388 2890 2478 pedes

404 2490 469 2544 et
504 2477 705 2546 verbo
747 2478 997 2566 credit:
1052 2490 1117 2545 et
1148 2477 1266 2563 qui
1351 2478 1510 2546 aulo
1551 2491 1707 2548 ante
1755 2478 1974 2547 suerat
2024 2490 2417 2566 persecutor
2447 2534 2461 2558 ‚
2523 2481 2599 2548 fit
2642 2499 2811 2547 unus
2845 2495 2893 2541 ex

407 2564 857 2654 fugientibus.
922 2566 1015 2634 Iis
1076 2587 1237 2654 ergo
1332 2588 1512 2656 ongo
1573 2581 1875 2656 tempore
1940 2568 2376 2635 manentibus
2441 2568 2510 2636 in
2580 2565 2893 2639 solitudine

402 2652 694 2741 (bellum
747 2654 929 2721 enim
983 2654 1442 2724 invalescebat
1489 2655 1818 2724 adversus
1870 2656 2166 2744 fidem),
2223 2670 2288 2724 et
2336 2658 2636 2744 graviter
2686 2656 2894 2725 furente

406 2741 720 2841 praeside
769 2744 836 2810 in
887 2764 1001 2811 eos
1049 2744 1166 2828 qui
1218 2743 1299 2811 ad
1355 2743 1636 2812 verbum
1690 2745 1956 2833 pietatis
2018 2745 2458 2823 accedebant,
2511 2758 2578 2814 et
2626 2744 2894 2814 omnibus

408 2852 475 2897 in
528 2830 760 2918 sugam
811 2832 1178 2911 conversi3‚
1234 2834 1562 2918 quoniam
1617 2833 1807 2901 nulla
1851 2855 2007 2922 spes
2043 2834 2272 2902 relicta
2307 2848 2475 2912 erat,
2517 2835 2658 2904 sore
2689 2846 2760 2900 ut
2794 2851 2894 2898 ma·

407 2940 589 3008 gnus
644 2920 1009 3009 Gregorius
1052 2921 1306 2989 veniret
1355 2921 1421 2988 in
1473 2943 1722 2989 manus
1779 2935 2317 3011 persecutorum,
2375 2935 2539 2991 tunc
2595 2922 2890 2992 omnisua

407 3008 596 3076 rabie
632 3022 697 3075 et
734 3009 1098 3078 acerbitate
1132 3031 1455 3078 conversa
1510 3010 1577 3077 in
1615 3010 1934 3097 reliquos,
1987 3011 2242 3097 ubique
2281 3033 2398 3099 per
2433 3026 2701 3100 gentem
2749 3027 2894 3100 scru7

407 3096 731 3166 tabantur
764 3119 1002 3168 omnes
1040 3098 1379 3178 similiter,
1414 3099 1616 3179 viros,
1660 3099 1981 3167 mulieres
2012 3112 2075 3168 et
2111 3122 2380 3187 pueros,
2413 3101 2668 3186 quibus
2699 3097 2892 3168 Christi

406 3208 654 3255 nomen
707 3198 849 3254 erat
896 3187 1304 3267 venerabile,
1360 3209 1613 3271 eosque
1665 3187 2023 3258 trahebant
2083 3188 2146 3256 in
2200 3189 2567 3268 civitatem,
2618 3200 2681 3257 et
2729 3183 2880 3272 reple

404 3275 573 3344 bant
617 3297 923 3343 carceres
957 3330 973 3355 ,
1030 3299 1150 3365 pro
1198 3275 1332 3345 alio
1380 3276 1634 3345 scelere
1697 3277 2110 3346 intentantes
2156 3278 2255 3345 eis
2303 3278 2563 3346 crimen
2625 3273 2888 3368 pietatis.

407 3363 577 3432 adeo
626 3377 700 3432 ut
736 3364 905 3432 nulli
955 3386 1033 3432 ex
1086 3365 1288 3433 rebus
1340 3365 1638 3453 publicis
1689 3378 1850 3434 tunc
1902 3379 2216 3434 vacarent
2254 3366 2545 3454 judicia,
2600 3365 2725 3434 nisi
2773 3363 2893 3430 hutt-

405 3463 696 3531 tantum,
752 3452 931 3539 quod
985 3453 1092 3533 iis,
1146 3454 1263 3540 qui
1315 3466 1478 3521 tunc
1531 3455 1896 3542 imperium
1949 3455 2372 3535 obtinebant,
2420 3469 2564 3524 erat
2599 3473 2808 3529 curae,
2841 3458 2888 3514 ut

404 3561 643 3609 omnes
676 3541 1129 3611 contumelias
1177 3554 1241 3610 et
1273 3542 1505 3609 omnia
1558 3554 1914 3623 tormenta,
1967 3565 2143 3629 quae
2190 3545 2556 3633 excogitari
2607 3547 2885 3631 poterant,

405 3630 474 3697 in
518 3652 632 3698 eos
683 3629 1031 3711 inferrent,
1085 3631 1203 3717 qui
1247 3630 1449 3699 iidem
1507 3633 1912 3700 retinebant.
1967 3639 2112 3714 Quo
2150 3632 2432 3718 quidem
2474 3647 2756 3719 tempore
2795 3625 2888 3692 suit

404 3720 730 3787 omnibus
779 3719 980 3808 longe
1027 3720 1648 3805 evidentissimum,
1706 3743 2035 3810 magnum
2081 3720 2282 3789 illum
2321 3721 2539 3789 virum
2580 3718 2736 3787 nihil
2768 3733 2885 3783 con·

407 3806 706 3876 suluisse
754 3810 901 3876 sine
957 3810 1066 3876 Dei
1120 3809 1427 3877 numine.
1482 3813 1647 3878 Nam
1699 3831 1857 3878 cum
1910 3831 1982 3877 se
2034 3831 2151 3896 per
2198 3809 2431 3898 fugam
2480 3808 2720 3898 populo
2762 3821 2885 3871 con·

406 3910 761 3974 servasset,
813 3910 956 3966 erat
1003 3919 1374 3966 commune
1423 3896 1760 3966 auxilium
1810 3897 2137 3966 omnibus
2185 3900 2303 3984 qui
2358 3920 2478 3986 pro
2520 3898 2642 3966 fide
2699 3893 2879 3985 decet-

405 3984 663 4052 tabant.
705 3986 891 4055 Sicut
916 3986 1098 4054 enim
1133 3987 1216 4054 de
1246 3991 1424 4055 Mose
1457 3986 1880 4066 audivimus,
1919 3986 2097 4072 quod
2132 3988 2219 4054 ab
2251 3986 2748 4055 Amalecitarum
2774 3993 2878 4045 acie

405 4073 644 4161 procul
699 4086 999 4143 remotus
1030 4131 1044 4156 ,
1109 4097 1227 4164 per
1273 4075 1646 4144 orationem
1708 4075 1815 4154 iis,
1854 4077 1970 4162 qui
2024 4088 2216 4144 erant
2250 4076 2358 4144 sui
2400 4075 2676 4165 generiS,
2720 4066 2876 4161 dahat

404 4161 583 4229 vires
617 4161 945 4233 adversus
982 4164 1348 4232 inimicos:
1402 4163 1638 4231 eodem
1696 4164 1896 4233 modo
1948 4163 2060 4232 ille
2107 4185 2381 4250 quoque
2428 4164 2682 4232 animae
2707 4151 2874 4256 ‘oculo

402 4248 679 4317 intuens
728 4272 807 4318 ea
858 4275 1035 4339 quae
1093 4252 1521 4332 videbantur,
1559 4251 1872 4322 divinum
1917 4252 2275 4322 invocabat
2324 4252 2645 4321 auxilium
2680 4249 2748 4315 its
2780 4260 2866 4328 qul

404 4335 844 4407 decertabant
880 4363 1000 4428 pro
1035 4340 1193 4409 fidei
1230 4339 1685 4411 contessione.
