2993 4837
447 317 532 380 ΞΟ
1024 334 1127 379 -nn
1175 333 1234 380 s.
1288 332 1557 379 anniano
1607 316 1822 379 ransc.
1877 333 1954 379 m·
2001 332 2193 379 mar.
2621 312 2787 379 NOV.
2837 314 2858 377 1

356 426 524 490 Jesu
573 417 858 497 Christe,
890 415 1029 497 gaii,
1088 416 1331 487 mundi
1377 418 1816 498 instaurator,
1854 417 2242 487 destructor
2286 416 2719 497 daemonum,
2766 415 2872 486 lux

362 520 663 587 aeterna,
718 504 996 606 adspice
1045 505 1113 574 in
1148 506 1284 575 *hac
1324 506 1538 587 hora,
1593 520 1666 576 ut
1714 506 2232 577 confundantur
2281 528 2521 576 omnes
2565 506 2683 592 qui
2727 504 2876 573 ado·

357 609 516 665 rant
562 594 915 684 sculptilia
945 650 961 675 ,
1013 609 1078 663 et
1123 594 1509 687 gloriantur
1555 595 1624 663 in
1677 595 2070 665 simulacris
2118 595 2289 675 suis,
2329 608 2395 664 et
2443 595 2679 675 sciant,
2729 594 2877 680 quia

360 697 537 754 tues
586 689 763 754 Deus
810 696 1219 753 aeternus.»
1269 688 1432 753 Cum
1479 684 1646 753 haec
1700 682 2007 763 dixisset,
2068 697 2133 754 et
2172 684 2409 754 Crucis
2456 684 2881 772 expressisset

359 774 668 863 signum,
715 794 870 841 mox
909 772 1093 841 idola
1142 773 1371 842 omnia
1431 772 1660 862 lignea
1707 784 1772 842 et
1820 772 2093 862 lapidea
2124 828 2139 853 ,
2200 786 2264 841 et
2301 795 2484 853 vasa,
2525 774 2592 841 in
2643 770 2880 858 quibus

360 862 702 933 sacrificia
734 862 1243 942 offerebantur,
1273 862 1491 930 instar
1524 860 1697 929 fumi
1727 873 2175 931 evanuerunt.
2215 868 2386 930 Tum
2429 883 2586 931 vero
2620 872 2883 928 sanctus

363 952 714 1040 Benignus
754 950 1007 1039 gaudio
1058 971 1307 1040 magno
1354 950 1663 1030 affectus,
1703 951 1837 1019 ait:
1878 973 1914 1017 «
1952 952 2218 1019 Gratias
2258 950 2380 1019 tibi
2423 972 2578 1040 ago,
2619 949 2884 1018 Domine

358 1046 523 1110 Jesu
567 1039 850 1120 Christe,
908 1038 1090 1126 quod
1140 1048 1246 1107 m'e
1286 1039 1648 1108 sacrificiis
1698 1040 1909 1109 mutis
1943 1038 2400 1108 contaminari
2450 1061 2584 1108 non
2623 1038 2818 1116 sinis;
2851 1059 2883 1100 ›>

360 1128 447 1197 ad
484 1127 829 1197 Aurelium
873 1142 1099 1198 autem
1137 1127 1300 1196 dixit
1333 1151 1347 1195 ε
1403 1151 1437 1193 «
1473 1132 1799 1217 Agnosce,
1849 1129 2077 1207 miser,
2116 1148 2253 1214 quo
2291 1127 2602 1197 redactae
2636 1128 2771 1195 sint
2799 1124 2886 1194 ef-

360 1217 557 1306 figies
589 1216 875 1285 deorum
907 1229 1209 1295 tuorum,
1251 1229 1329 1285 ut
1360 1216 1443 1285 ad
1482 1218 1762 1305 signum
1795 1216 2042 1285 salutis
2067 1216 2496 1286 evanuerint.
2536 1222 2881 1306 Cognosce,

362 1305 621 1385 infelix,
666 1309 1044 1375 Creatorem
1079 1304 1251 1374 coeli
1289 1318 1353 1373 et
1393 1317 1633 1374 terrae.
1663 1328 1698 1371 »
1731 1304 2044 1376 Aurelius
2085 1307 2214 1375 ait:
2255 1327 2290 1371 «
2323 1310 2396 1375 Et
2432 1318 2507 1375 tu
2540 1324 2882 1393 cognosce,

362 1395 684 1483 Benigne,
739 1406 814 1462 ut
843 1394 941 1462 dii
991 1395 1205 1463 nostri
1249 1407 1432 1463 tuam
1477 1395 1763 1483 cupiant
1802 1395 2023 1463 facere
2058 1394 2504 1463 voluntatem.
2550 1395 2619 1463 Si
2662 1406 2731 1462 tu
2765 1392 2888 1460 illis
2969 1428 2970 1455 1

363 1483 531 1552 velis
568 1482 893 1571 praehere
930 1504 1317 1562 assensum,
1378 1504 1706 1573 magnum
1748 1496 1809 1552 te
1839 1483 2026 1573 apud
2066 1505 2187 1554 nos
2223 1483 2511 1552 videbis.
2549 1506 2584 1549 »
2619 1487 2890 1552 Sanctus

362 1572 712 1661 Benignus
741 1571 1133 1661 respondit:
1176 1594 1209 1636 «
1240 1570 1536 1640 Stultum
1577 1572 1785 1641 habes
1823 1593 1963 1651 cor,
2002 1594 2125 1640 nec
2158 1571 2378 1641 oculis
2404 1572 2620 1650 vides,
2651 1582 2890 1658 quanta

362 1662 449 1730 sit
492 1662 707 1730 virtus
751 1660 1020 1740 Christi,
1073 1682 1247 1747 quae
1295 1660 1458 1729 deos
1511 1673 1662 1729 tuos
1702 1662 1800 1729 sic
1849 1661 2281 1729 comminuit.
2335 1665 2488 1729 Jam
2543 1661 2685 1728 dixi
2734 1658 2886 1733 tibi,

367 1748 662 1828 diabole,
710 1762 947 1818 auctor
993 1750 1394 1829 criminum,
1452 1771 1559 1818 me
1600 1771 1732 1817 non
1779 1751 2033 1818 servire
2073 1749 2207 1818 diis
2257 1749 2417 1830 tuiS,
2459 1771 2585 1818 nec
2634 1749 2894 1816 daemo-

366 1860 536 1907 num
579 1837 947 1907 simulacra
983 1838 1289 1907 adorare.
1327 1861 1363 1901 >s

452 1927 483 2013 ἓ
521 1931 604 1998 cl.
645 1927 765 1995 His
809 1927 1031 1996 verbis
1061 1938 1451 1995 commotus
1486 1926 1972 2012 iniquissimus
2008 1932 2406 2016 Imperator,
2448 1926 2516 1993 in
2563 1943 2893 1995 carcerem

367 2037 525 2084 eum
580 2015 845 2083 includi
897 2015 1263 2103 praecepit,
1301 2027 1365 2083 et
1396 2016 1657 2105 grande
1706 2037 1946 2084 saxum
1985 2015 2304 2100 idemque
2339 2014 2759 2105 perforatum
2793 2009 2897 2080 ad-

366 2104 554 2185 duci,
608 2117 811 2191 atque
859 2104 960 2172 illi
1013 2104 1220 2193 pedes
1267 2104 1417 2193 ejus
1470 2104 1753 2192 plumbo
1788 2103 2148 2191 liquefacto
2183 2106 2417 2183 1115011,
2453 2117 2517 2172 et
2552 2104 2621 2172 in
2661 2102 2894 2192 digitos

372 2214 705 2261 manuum
758 2194 908 2281 eius
955 2194 1252 2262 calentes
1301 2193 1590 2263 subulas
1641 2192 1709 2261 in
1761 2193 2042 2283 longum
2094 2192 2328 2282 defigi,
2384 2205 2590 2278 atque
2633 2212 2753 2292 per
2797 2208 2896 2257 sex
2969 2276 2970 2287 ἵ

368 2281 518 2351 dies
568 2280 840 2351 nullum
888 2282 948 2350 ei
1001 2302 1123 2349 1100
1172 2280 1405 2351 cibum
1458 2302 1582 2351 1100
1625 2294 1856 2371 potum
1914 2281 2270 2369 praeberi:
2328 2303 2529 2370 porro
2562 2293 2768 2350 ettam
2805 2281 2895 2345 in·
2969 2290 2970 2293 ’

369 2369 558 2440 cludi
608 2392 768 2439 cum
809 2392 888 2440 eo
934 2370 1297 2440 duodecim
1343 2392 1549 2440 canes
1598 2369 2056 2450 saevissinmS,
2110 2369 2290 2440 fame
2327 2385 2393 2439 et
2442 2371 2554 2441 siti
2605 2369 2888 2442 affectos,

366 2473 445 2529 ut
492 2461 579 2528 ab
615 2458 752 2528 illis
801 2458 1339 2549 discerperetur:
1392 2482 1734 2529 carcerem
1785 2480 2059 2546 quoque
2087 2459 2417 2529 custodiri
2452 2481 2492 2528 a
2543 2459 2892 2528 militibus.

367 2553 603 2634 Itaque
639 2547 927 2618 subulas
959 2549 1397 2618 acutissimas
1436 2549 1505 2616 in
1545 2569 1792 2617 manus
1838 2548 1988 2634 ejus
2037 2549 2431 2624 infixerunt,
2470 2557 2537 2616 e't
2572 2549 2641 2615 in
2689 2542 2897 2634 lapide

368 2636 656 2724 plumbo
707 2635 1095 2722 liquefactO,
1153 2637 1249 2706 vel
1305 2637 1592 2706 remisso
1635 2637 1840 2725 pedes
1878 2637 2031 2723 ejus
2073 2637 2525 2715 incluserunt,
2569 2651 2899 2720 canesque

367 2725 833 2795 ferocissimos
881 2746 1039 2794 cum
1092 2725 1211 2795 illo
1259 2726 1326 2794 in
1362 2747 1636 2794 carcere
1671 2725 2123 2796 incluserunt.
2163 2731 2325 2794 Cum
2365 2737 2594 2794 autem
2638 2725 2724 2793 ad
2767 2742 2902 2792 car-

366 2835 591 2882 cerem
642 2813 1032 2895 duceretur,
1086 2817 1223 2883 ait:
1276 2837 1309 2880 «
1345 2814 1585 2883 Audite
1629 2837 1774 2896 me,
1837 2815 2130 2883 Comites
2176 2829 2242 2883 et
2299 2814 2609 2882 tribuni:
2663 2811 2902 2883 credite

368 2904 439 2970 in
473 2908 710 2970 Jesum
751 2902 1090 2972 Christum
1146 2903 1642 2992 redemptorem
1685 2915 2019 2981 nostrum,
2061 2904 2224 2990 quia
2260 2903 2404 2992 ipse
2444 2923 2596 2991 spes
2630 2915 2696 2971 et
2729 2900 2902 2971 salus

365 3003 468 3060 est
517 2992 587 3059 in
638 3012 710 3058 se
759 2992 1227 3072 credentium,
1287 3006 1360 3061 ut
1407 2992 1770 3062 deleantur
1821 3005 2091 3080 peccata
2143 3006 2386 3060 vestra.
2439 2996 2598 3080 Ipse
2647 3002 2753 3060 est
2802 2989 2902 3056 lux
2969 2987 2970 3076 l

369 3078 611 3148 mundi
645 3079 881 3167 hujuS,
934 3081 1140 3168 cujus
1187 3081 1394 3150 odore
1446 3081 1698 3150 mortui
1760 3080 2210 3161 reviviscunt,
2264 3081 2466 3165 cujus
2515 3093 2700 3149 tactu
2750 3096 2902 3146 con-

366 3168 707 3238 fortantur
743 3169 1025 3249 infirmi,
1081 3171 1282 3256 cujus
1321 3170 1541 3260 gloria
1591 3169 1830 3258 implet
1876 3167 2123 3248 coelOS,
2173 3168 2644 3238 misericordia
2706 3163 2907 3256 replet

369 3271 644 3327 terram.
684 3280 720 3323 »
770 3262 1134 3348 Ingressus
1185 3281 1340 3328 vero
1391 3260 1458 3326 in
1512 3280 1879 3337 carcerem,
1928 3280 2048 3345 per
2081 3280 2194 3327 sex
2242 3258 2389 3326 dies
2440 3256 2582 3325 illic
2635 3253 2902 3349 mansit,

371 3346 666 3417 orationi
699 3369 992 3427 vacans;
1046 3347 1436 3438 Angeloque
1474 3369 1631 3416 eum
1684 3360 2152 3426 conservante,
2204 3368 2410 3415 canes
2461 3344 2906 3414 mansuefacti
2969 3361 2970 3366 ¹

367 3447 554 3515 sunt,
610 3437 697 3504 ita
751 3448 825 3504 ut
874 3458 998 3504 1100
1048 3436 1268 3525 pilum
1318 3436 1565 3524 capitis
1613 3437 1786 3523 ejus,
1844 3457 1966 3504 nec
2009 3435 2353 3504 fimbriam
2392 3434 2778 3503 vestimenti
2813 3442 2908 3499 at-
2969 3457 2970 3468 ¹

370 3526 734 3613 tingerent.
788 3524 1116 3610 Idemque
1165 3524 1463 3613 Angelus
1515 3525 1784 3592 Domini
1819 3524 1878 3591 01
1913 3523 2347 3603 alimentum,
2393 3522 2461 3591 id
2497 3537 2621 3603 est,
2665 3539 2905 3612 panem
2969 3553 2970 3556 ¹

371 3614 729 3682 coelestem
784 3613 1121 3713 praebuit,
1175 3626 1240 3682 et
1287 3613 1667 3682 discutiens
1716 3612 2004 3682 subulas
2051 3613 2137 3681 de
2187 3612 2532 3690 manibu5‚
2585 3624 2649 3681 et
2687 3611 2909 3701 plum·
2969 3641 2970 3644 ¹

370 3701 607 3770 huma
648 3700 941 3791 pedibus
988 3705 1174 3787 e‚iuS‚
1231 3725 1265 3766 «
1298 3703 1562 3790 Accipe,
1619 3702 1864 3788 inquit,
1911 3701 2174 3770 Christo
2221 3700 2760 3770 dilectissime.»
2796 3694 2909 3766 Ille

369 3811 526 3859 vero
573 3790 922 3880 accipiens
974 3812 1248 3880 panem,
1287 3792 1545 3880 gratias
1592 3791 1753 3879 egit,
1788 3804 1854 3860 et
1896 3789 2357 3859 manducavit.
2417 3795 2612 3858 Sexto
2646 3788 2757 3857 die
2787 3790 2912 3854 Au-

369 3878 585 3948 relius
631 3880 726 3948 ait
773 3879 856 3948 ad
912 3901 1120 3950 suos:
1177 3903 1212 3945 «
1246 3879 1526 3970 Aperite,
1566 3901 1945 3957 carcerem,
1994 3893 2058 3948 et
2097 3877 2324 3950 ,videte
2371 3901 2538 3948 num
2591 3878 2679 3947 sit
2720 3898 2759 3945 a
2805 3895 2909 3942 ca·

373 3967 582 4038 nibus
629 3968 1069 4050 dilaceratUS,
1124 3990 1249 4038 nec
1300 3989 1405 4036 ne.
1447 3991 1481 4034 »
1533 3972 1774 4058 Aperta
1826 3969 2054 4054 itaque
2101 3966 2455 4045 custodia,
2511 3969 2913 4061 invenerunt

372 4079 533 4126 eum
584 4057 677 4125 ita
725 4056 1070 4138 illaesum,
1126 4071 1193 4144 et
1241 4070 1377 4126 tam
1432 4058 1802 4146 integrum,
1859 4071 1929 4125 ut
1979 4079 2061 4126 ne
2109 4078 2249 4126 una
2283 4057 2563 4143 quidem
2607 4054 2808 4144 plaga
2841 4068 2905 4116 ln
2969 4097 2970 4100 =

367 4147 521 4235 ejus
552 4168 837 4234 corpore
871 4149 1251 4236 appareret.
1306 4146 1498 4228 Quod
1531 4168 1690 4215 cum
1726 4145 1996 4215 Aurelio
2045 4148 2590 4224 renunciassent,
2631 4143 2746 4212 ille
2778 4140 2909 4209 ait:

374 4259 411 4302 «
448 4240 646 4304 Vecte
678 4235 896 4305 ferreo
945 4235 1201 4305 collum
1251 4237 1402 4336 ejus
1454 4237 1520 4303 in
1575 4237 1723 4324 ipso
1770 4256 2046 4304 carcere
2094 4234 2518 4314 contundite,
2571 4248 2635 4301 et
2683 4233 2910 4300 lancea
2969 4265 2970 4268 ¹

374 4324 616 4396 militis
667 4326 870 4393 vitam
922 4324 985 4393 ei
1032 4324 1405 4394 crudeliter
1449 4337 1865 4412 extorquete,
1927 4345 2008 4390 1ιο
2061 4322 2159 4390 vel
2212 4324 2426 4403 vobis,
2484 4322 2579 4390 vel
2620 4321 2752 4389 diis
2795 4336 2909 4384 no-

376 4416 538 4483 stris
588 4427 828 4505 pergat
874 4413 1178 4502 irrogare
1229 4414 1581 4501 injuriam.
1621 4439 1643 4476 >³
1695 4413 1768 4481 Id
1817 4434 1974 4481 cum
2017 4412 2274 4482 iactum
2323 4424 2544 4491 esset,
2597 4407 2908 4480 columba
