2993 4837
523 305 651 369 270
1284 323 1359 368 οε
1410 324 1465 369 s.
1521 320 1762 369 canoto
1810 321 2144 370 nonnousso
2679 303 2892 369 Nom

433 406 678 477 decore
729 407 993 476 munita
1029 405 1326 484 fuerunt,
1365 419 1430 475 et
1478 407 1838 487 instructa,
1896 407 2354 496 sepimentum
2392 406 2477 475 ab
2513 406 2686 474 omni
2730 419 2885 494 parte,

434 497 597 566 certi
633 495 914 586 gradus,
956 508 1276 584 tegumen
1309 494 1442 564 alte
1474 495 2100 585 superimpendens
2135 519 2148 558 ε
2202 494 2285 564 ad
2325 494 2793 572 instruendum,
2817 515 2894 562 ot·

437 584 883 670 nandumque
905 585 1131 663 vestiS,
1163 596 1228 653 et
1261 583 1569 673 supellex
1601 585 1809 662 varia,
1845 596 1910 651 et
1940 585 2186 654 decora
2217 584 2511 653 clericus
2539 584 2890 671 plerumque,
2925 588 2928 609 ³

435 695 592 743 cum
645 672 1141 763 superpelliceo
1197 685 1399 752 certe,
1456 673 1882 760 quicumque
1918 686 2134 752 esset,
2179 672 2626 742 sacrificantis
2669 669 2928 739 admini·‘

436 775 617 843 ster3
671 762 971 830 sacraria
1011 762 1162 850 ipsa
1211 760 1468 839 nitida,
1525 774 1589 829 et
1635 764 1722 831 ab
1771 762 1962 830 omni
2012 762 2406 851 importuno
2456 761 2786 829 hominurn
2825 726 2928 825 inst

488 871 679 920 ressu
728 849 988 930 libera;
1043 849 1351 939 supellex
1389 871 1522 920 non
1577 851 1841 939 integra
1883 849 2134 930 solum,
2186 862 2251 919 et
2303 848 2604 929 munda,
2654 847 2753 919 sed
2795 808 2928 935 aptal

435 873 814 1026 gecoreque
844 938 1195 1018 collocata,
1248 953 1315 1008 et
1350 959 1473 1027 pro
1522 951 1938 1027 temporum,
1978 937 2389 1024 dierumque
2430 939 2734 1007 varietate
2762 924 2928 1024 plenel

437 1040 856 1118 comparata.
916 1028 1262 1118 Imagines
1309 1039 1375 1096 et
1423 1027 1915 1116 inscriptiones
1965 1028 2235 1116 probari
2275 1027 2490 1096 voluit
2542 1027 2722 1116 prius
2760 1024 2903 1092 abeo

435 1139 636 1203 quem
687 1117 746 1185 ei
798 1117 893 1186 rei
946 1115 1382 1206 praefecerat,
1439 1136 1648 1202 quam
1703 1116 1772 1183 in
1821 1116 2148 1186 ecclesias
2179 1115 2715 1184 admitterentur.
2756 1112 2852 1181 Sed

439 1207 507 1275 in
549 1205 856 1275 ecclesiis
907 1205 1274 1294 praecipua
1322 1205 1640 1273 cautione
1683 1205 2163 1294 praescriptae,
2216 1204 2471 1291 quibus
2511 1203 2596 1272 ad
2647 1202 2908 1289 majorem

441 1294 872 1375 modestiam,
928 1294 1323 1383 interposita
1363 1293 1595 1363 tabula
1648 1293 2026 1382 presbyteri
2067 1292 2480 1361 feminarum
2519 1291 2822 1362 consessio

439 1385 530 1453 ita
591 1382 954 1461 audirent,
1011 1395 1084 1451 ut
1131 1381 1585 1471 impediretur
1638 1395 1979 1472 aspectus.
2037 1381 2252 1451 Sellas
2310 1381 2632 1459 altiores,
2683 1378 2880 1447 summ'

437 1470 851 1559 quibusdam
887 1472 1051 1539 viris
1098 1470 1420 1559 exceptiS,
1459 1469 1547 1540 ob
1581 1492 1933 1540 sacrorum
1973 1470 2413 1539 reverentiam
2466 1470 2776 1539 adhibere
2803 1486 2910 1555 per-

437 1561 623 1630 misit
673 1559 1043 1627 neminem.
1100 1559 1609 1648 Magistratibus
1668 1572 1893 1628 tamen
1959 1558 2156 1628 sedes
2204 1581 2244 1627 a
2294 1558 2732 1628 multitudine
2771 1576 2828 1623 se
2891 1634 2908 1653 ὁ

441 1662 621 1718 ratas
679 1648 1070 1718 constituit.
1119 1648 1362 1717 Missae
1410 1669 1629 1727 sacro,
1684 1662 1974 1734 utroque
2026 1648 2243 1737 posito
2292 1669 2501 1736 genu,
2557 1665 2836 1735 semper.

442 1750 713 1826 tempus
760 1737 1061 1825 excipias
1098 1736 1432 1827 evangelii
1486 1736 1851 1815 recitandi,
1903 1757 2142 1806 omnes
2192 1738 2521 1805 interesse
2578 1734 2825 1806 docuit:

446 1847 577 1894 non
623 1826 857 1894 minus
890 1847 1121 1893 rarum
1162 1839 1391 1915 postea
1429 1824 1658 1906 fuerit,
1715 1836 2003 1894 stantem
2049 1824 2302 1894 nedum
2345 1825 2690 1893 sedentem
2723 1820 2892 1889 videre

438 1935 646 2000 quam
682 1926 881 1983 antea
915 1914 1208 2003 genibus
1245 1916 1480 1982 nixum
1517 1936 1532 1994 ;
1588 1914 1656 1981 in
1707 1914 2017 1983 ecclesiis
2070 1935 2291 1983 mares
2336 1935 2374 1981 a
2411 1912 2727 1989 feminis,
2764 1909 2860 1978 etia

439 2001 761 2073 tabulatis
810 2003 1250 2092 interpositiS‚
1293 2003 1533 2091 utjam
1585 2003 2302 2079 commemoravimus,
2357 1997 2878 2090 distinguijussit

441 2090 733 2160 feminas
782 2104 1009 2161 autem
1064 2091 1250 2181 ipsas
1299 2103 1512 2180 caput
1560 2090 1705 2160 velo
1752 2103 2137 2160 contectum
2208 2090 2459 2158 habere
2490 2145 2506 2169 ,
2560 2107 2875 2182 quamquain

438 2179 794 2250 difficilius
848 2181 935 2250 ob
981 2192 1546 2249 ornamentorum
1613 2180 2072 2269 corruptelam
2125 2178 2190 2247 id
2246 2178 2626 2248 videbatur.
2678 2182 2853 2271 Quae·

439 2269 885 2339 ecclesiarum
925 2268 1253 2338 lateribus
1286 2281 1538 2348 essent,
1569 2268 1824 2357 januas
1873 2267 2144 2348 clausit,
2199 2267 2316 2336 ubi
2357 2266 2814 2337 commoditate
2843 2280 2914 2327 in-

442 2358 628 2428 vitati
662 2358 1001 2439 homines,
1035 2379 1154 2448 per
1185 2379 1300 2426 eas
1331 2356 1677 2438 indecore,
1711 2357 1910 2444 quasi
1942 2378 2061 2447 per
2091 2357 2259 2439 viaS‚
2297 2356 2604 2447 neglecta
2633 2365 2908 2425 sacrorum

442 2448 863 2528 reverentia,
922 2448 1209 2516 transire
1259 2459 1577 2536 possent;
1630 2467 1807 2533 quae
1855 2467 1961 2515 res
2018 2446 2099 2515 ad
2164 2447 2661 2534 separationem
2709 2462 2852 2530 quoq

441 2535 852 2604 feminarum
907 2535 1153 2605 melius
1202 2534 1566 2604 tenendam
1624 2535 1909 2604 valebat.
1951 2536 2285 2604 Cadavera
2322 2537 2388 2603 in
2424 2536 2641 2604 sacris
2676 2533 2908 2602 locissu·

442 2623 725 2702 blimia‚
780 2624 1114 2712 signaque
1165 2623 1486 2692 militaria
1529 2624 1866 2712 sepulcris
1915 2623 2251 2714 apposita,
2293 2624 2359 2691 in
2424 2625 2571 2692 suis
2604 2619 2852 2701 alienisq

440 2711 792 2790 ecclesiis,
855 2733 1028 2798 quas
1096 2713 1437 2792 visitavit,
1493 2712 1824 2792 sustulit,
1900 2713 2056 2781 licet
2100 2712 2646 2782 clarissimorum
2715 2714 2864 2777 nucu

443 2822 727 2869 suorum
777 2800 1113 2887 ejusmodi
1150 2801 1573 2869 monimenta
1608 2800 1914 2869 studiose
1953 2802 2257 2870 civitates
2294 2802 2582 2870 retinere
2620 2801 2903 2890 cuperent·

442 2887 780 2958 Ecclesiae
826 2910 1065 2959 omnes
1098 2943 1117 2969 ,
1189 2902 1525 2976 quotquot
1573 2889 1642 2957 in
1702 2888 1997 2958 dioecesi
2070 2903 2203 2958 tota
2269 2902 2755 2962 numerantur,
2800 2902 2854 2982 ‘ej

432 2978 660 3067 jussu,
715 2998 1058 3066 operaque
1108 2979 1456 3047 restitutae
1496 2991 1700 3054 sunt,
1757 2990 1959 3065 atque
2007 2990 2332 3059 ornatae3
2388 2979 2642 3047 multae
2681 2975 2756 3043 de
2797 2981 2916 3068 inte·

440 3088 586 3156 gro,
643 3067 980 3137 veteribus
1027 3066 1322 3147 dirutis»,
1377 3066 1813 3145 aedificatam
1866 3067 2176 3135 omnium
2230 3066 2485 3137 formas
2537 3066 2602 3134 in
2625 3061 2924 3134 aecclesiae*

440 3155 778 3225 tabularia
832 3155 1028 3226 'ussit
1076 3156 1348 3238 afferri,
1403 3168 1479 3224 ut
1526 3155 1690 3241 quid
1743 3155 1921 3224 facto
1969 3169 2145 3224 esset
2192 3177 2230 3222 o
2287 3178 2368 3224 us
2400 3210 2414 3235 ,
2468 3176 2626 3225 cum
2683 3172 2799 3220 usu
2837 3163 2912 3240 ve:

442 3245 637 3324 niret,
678 3178 874 3313 facille
916 3258 1140 3333 posset
1177 3244 1526 3332 judicari;
1584 3242 1752 3312 nihil
1791 3255 2020 3313 autern
2071 3243 2217 3313 aedi
2252 3245 2443 3320 icari,
2479 3243 2685 3318 dirui,
2724 3245 2914 3305 mutan

443 3332 659 3413 licuit,
703 3333 1047 3422 primariis
1080 3333 1230 3422 ejus
1259 3332 1696 3420 adjutoribus
1729 3332 2162 3410 inconsultis,
2197 3354 2616 3419 quamquam
2658 3328 2916 3419 pleraque

441 3422 893 3510 cognoscebat
953 3422 1144 3509 ipse,
1214 3434 1280 3490 et
1348 3443 1596 3511 magna
1655 3422 1859 3490 etiam
1925 3443 2004 3491 ex
2070 3435 2257 3511 parte
2329 3421 2650 3490 memoria
2708 3411 2914 3515 tenebat

439 3512 992 3600 uniuscujusque
1039 3508 1366 3587 ecclesiae
1413 3509 1730 3579 formam.
1789 3515 1869 3579 Ut
1917 3523 2144 3579 autem
2186 3523 2252 3578 et
2299 3510 2447 3598 ipsa
2498 3506 2788 3577 aedificta
2837 3517 2914 3565 sa·

440 3621 555 3668 cra
604 3614 669 3670 et
712 3621 949 3668 earum
1008 3597 1313 3755 supellex
1361 3597 1679 3668 decenter
1727 3598 1986 3686 ubique
2055 3600 2419 3668 baberetur
2449 3651 2466 3677 ,
2525 3595 2805 3693 libellum
2854 3583 2916 3650 de

441 3687 725 3771 fabrica,
778 3700 842 3757 et
890 3688 1081 3776 supel
1117 3687 1296 3755 ectili
1346 3687 1806 3756 ecclesiastica
1858 3687 2094 3768 edidit,
2137 3688 2204 3755 in
2246 3709 2382 3773 quo
2424 3686 2914 3768 uniuscujusque

440 3776 595 3859 loci,
641 3777 1079 3848 instrumenti
1132 3776 1658 3862 indumentique
1688 3775 2134 3845 ecclesiastici
2163 3798 2402 3865 geum,
2443 3774 2742 3848 sormam,
2771 3781 2922 3866 {neni

443 3888 673 3935 suram
715 3922 729 3946 ,
786 3886 1150 3935 numerum
1204 3864 1734 3954 diligentissime
1801 3865 2289 3955 praescripsit:
2343 3886 2633 3950 quarum
2690 3851 2922 3944 quidem·

496 3955 1088 4046 raescriptionum,
1142 3954 1507 4040 omnisque
1546 3954 1967 4043 diligentiae,
2005 3975 2181 4040 quae
2214 3952 2297 4021 ad
2337 3952 2682 4028 fabricam,
2731 3934 2908 4038 supel·

468 4045 733 4113 ectilem
772 4066 1033 4114 sacram
1077 4043 1462 4131 pertineret,
1499 4042 1881 4113 Ludovicus
1923 4048 2207 4115 Moneta.
2237 4041 2644 4132 praecipuus
2673 4033 2907 4129 admini-

444 4145 601 4214 ster,
656 4132 1230 4218 consiliariusque
1279 4131 1428 4200 suit.
1483 4131 1901 4219 Hujusmodi
1956 4132 2263 4201 studium
2315 4130 2493 4209 fecit,
2539 4141 2614 4198 ut
2644 4114 2910 4205 sacr1l107

443 4221 687 4300 mineS,
722 4222 840 4306 qui
891 4220 1465 4309 Archiepiscopali
1515 4222 1918 4290 auctoritate
1953 4242 2084 4289 non
2122 4218 2580 4296 continentur,
2616 4216 2902 4311 commum

442 4308 741 4392 quadam
790 4309 1184 4377 incitatione
1231 4307 1462 4389 ducti,
1519 4331 1681 4378 suas
1733 4310 1891 4379 item
1951 4308 2298 4387 ecclesiaS,
2350 4303 2904 4386 ecclesiasticasque

444 4417 550 4464 res
593 4395 867 4465 reficere
906 4418 983 4465 ac
1022 4417 1289 4478 ornare,
1349 4411 1490 4466 tum
1542 4396 1776 4467 divina
1825 4399 2030 4469 etiam
2083 4418 2373 4467 munera
2406 4391 2733 4466 decentius
2758 4379 2900 4451 oblse
