2993 4837
33 282 187 347 Nov.
244 283 326 346 ⁴5
786 301 865 348 nn
912 302 966 349 s.
1020 298 1341 350 ιιιοΡοιιιο
1389 300 1782 350 conrnssoass
2338 284 2465 348 503

33 384 273 453 divisio.
314 389 541 467 Quam
588 385 784 456 decet
822 386 1039 455 honor
1077 398 1143 455 et
1188 386 1494 456 adoratio
1545 408 1731 455 nunc
1777 399 1842 454 et
1882 408 2172 475 semper,
2218 397 2284 455 et
2332 388 2400 453 in
2454 407 2558 455 se-

33 469 162 542 cula
194 474 629 555 seculorum,
669 482 903 544 Amen.
942 474 1169 544 Talem
1210 476 1488 562 quidem
1529 477 1700 545 vitae
1747 475 1953 543 finem
1996 475 2255 543 invenit
2302 479 2558 564 Martyr

33 563 261 632 Abibus
312 575 630 651 tempore
672 564 936 642 Licinii,
974 576 1040 633 et
1087 563 1287 633 talem
1325 587 1485 634 cum
1519 564 1784 634 Sanctis
1834 576 2078 633 nactus
2118 563 2247 632 fuit
2285 564 2370 633 de
2422 564 2557 634 osi-

33 651 284 730 tionem,
323 663 392 720 et
432 653 537 722 sic
589 653 727 742 piis
759 652 985 721 attulit
1032 653 1340 739 requiem
1390 675 1431 722 a
1467 652 2083 741 persecutionibus.
2134 657 2302 722 Nam
2410 652 2560 721 ein-

33 761 169 828 eeps
215 740 505 827 quidem
560 741 824 811 Licinio
876 741 1006 810 fuit
1060 741 1405 810 diminuta
1461 742 1787 831 potentia;
1840 742 2281 810 Constantino
2328 753 2557 811 autem

33 828 241 897 floruit
285 828 705 911 dominatio,
740 842 805 898 et
850 841 1210 899 creverunt
1255 831 1317 898 ei
1368 844 1632 921 sceptra
1683 836 2195 901 Romanorum:
2247 831 2366 917 qui
2419 831 2560 920 pri-

33 938 165 987 mus
195 917 375 987 inter
403 923 872 1008 Imperatores
906 918 1115 989 libere
1150 918 1501 1009 professus
1531 933 1636 989 est
1671 920 2013 1009 pietatem,
2052 931 2118 988 et
2155 919 2559 988 Christianis

33 1009 342 1076 concessit
392 1007 628 1077 vivere
672 1019 750 1077 ut
781 1008 1224 1077 Christianos.

641 1346 1009 1447 ΟΒΑΤΙΟ
1081 1349 1207 1447 DE
1273 1349 1354 1447 S.
1430 1347 1949 1448 LEOPOLlll)

272 1585 783 1651 AUSTRIAE
838 1584 1422 1652 MARCHIONE
1481 1587 1596 1651 ΕΤ
1653 1584 2291 1653 CONFESSORE

41 1809 239 1862 flama
274 1818 317 1862 A
356 1811 712 1864 raxnmsco
752 1814 995 1863 enno
1034 1815 1358 1863 Anvocuo
1397 1813 1891 1874 consmromau,
1950 1800 2032 1863 42
2081 1816 2400 1864 capannas
2448 1817 2561 1863 nn-

112 1920 358 1971 cmms
408 1923 569 1970 ΔΝΜ
623 1905 817 1983 4484,
854 1923 1127 1970 sanam-E
1168 1921 1547 1970 ιΝΝοοεΝτιο
1595 1922 1709 1968 vm
1757 1922 1831 1968 m
1876 1922 2206 1970 rmnluuco
2255 1924 2328 1970 111
2380 1924 2560 1970 inpa-

110 2028 337 2077 anons
388 2029 758 2078 sumnum:
814 2030 880 2078 m
929 2029 1187 2077 eunuco
1241 2026 1677 2077 consis‘roiuo.

487 2225 599 2279 Ad
639 2225 1000 2281 coelestem
1039 2224 1331 2294 patriam
1373 2223 1665 2281 evolavit
1706 2238 1883 2279 enno
1924 2225 2093 2279 1136.

117 2423 149 2508 ἓ
189 2430 259 2495 1.
315 2426 628 2511 Siquam
666 2423 938 2493 dicendi
979 2424 1396 2506 facultatem,
1450 2424 1508 2492 si
1543 2423 1723 2510 quod
1777 2424 2159 2493 humanum
2205 2425 2560 2515 ingenium

54 2528 217 2595 posse
251 2515 422 2584 satis
461 2513 707 2599 exequi
750 2511 988 2583 laudes
1022 2514 1240 2583 sancti
1276 2513 1594 2603 Leopoldi
1627 2514 1661 2548 '⁵
1699 2514 2185 2596 existimarem,
2221 2519 2290 2583 P.
2333 2518 2397 2582 S.
2437 2519 2565 2582 Re-

48 2600 506 2672 verendissimi
564 2600 871 2669 domini:
917 2622 1052 2670 non
1103 2624 1228 2692 ego
1285 2603 1468 2691 apud
1522 2624 1639 2671 vos
1685 2602 1855 2672 adeo
1903 2603 2253 2684 auderem,
2314 2616 2391 2671 ut
2428 2601 2567 2670 Viri

51 2689 189 2783 §anti
222 2692 512 2760 virtutes
550 2691 817 2779 exiguis
857 2689 1131 2759 dicendi
1180 2691 1442 2761 viribus
1491 2691 1729 2759 vellem
1787 2692 2143 2781 attingere,
2198 2703 2264 2760 et
2319 2690 2568 2760 debilis

50 2792 105 2840 in
140 2798 206 2845 re
253 2781 418 2848 tanti
478 2778 801 2868 ponderis
850 2780 1468 2866 inexercitatusque
1514 2779 1766 2848 athleta
1813 2793 2156 2850 certamen
2212 2781 2337 2850 hoc
2395 2780 2570 2849 inire

52 2867 471 2948 perarduum.
514 2867 641 2937 Sed
690 2869 1017 2955 quoniam
1072 2890 1273 2937 nemo
1308 2882 1441 2937 tam
1493 2868 1845 2955 eloquens,
1883 2882 2016 2938 tam
2070 2869 2249 2939 felici
2294 2870 2569 2959 ingenio

54 2955 373 3036 praeditus
421 2968 570 3035 est,
629 2968 707 3026 ut
745 2957 899 3043 ejus
951 2956 1413 3046 magnitudini
1456 2958 1784 3027 virtutum
1837 2959 2212 3027 orationem
2277 2977 2570 3046 aequare

55 3039 274 3112 valeat:
304 3047 522 3114 immo
548 3046 859 3132 cujusvis
884 3045 1494 3116 disertissimorum
1522 3045 1934 3131 eloquentia,
1968 3047 2301 3128 studium,
2333 3068 2564 3137 opera,

54 3123 334 3209 facultas,
388 3135 776 3223 ingenium,
826 3134 1025 3223 longe
1073 3149 1439 3222 superatur
1482 3146 1549 3203 et
1594 3133 1846 3215 deficit,
1885 3157 2040 3202 cum
2095 3135 2194 3204 vel
2239 3137 2563 3226 cogitare,

54 3216 138 3285 vel
171 3242 565 3310 expromere
598 3223 821 3293 verbis
860 3236 1171 3304 conatur,
1208 3237 1546 3311 quantum
1601 3221 1934 3302 moribus,
1985 3235 2321 3308 quantum
2374 3223 2572 3292 deni-

56 3323 167 3389 que
193 3322 319 3379 tota
362 3312 499 3380 vita
547 3310 915 3381 claruerit:
973 3312 1132 3380 hinc
1178 3334 1327 3402 eg0,
1376 3312 1498 3381 etsi
1556 3312 1621 3379 in
1673 3311 1802 3381 hoc
1858 3311 2029 3379 mihi
2079 3312 2403 3380 inusitato
2453 3332 2571 3399 ge-

60 3410 194 3489 nere
237 3399 510 3468 dicendi
546 3423 789 3490 parum
826 3401 1192 3472 vehemens
1238 3414 1465 3470 orator
1500 3400 1753 3480 videar,
1794 3413 2017 3469 tamen
2053 3420 2175 3490 pro
2225 3421 2370 3468 mea
2426 3411 2569 3468 turn

60 3500 115 3546 ln
145 3505 292 3554 eum
342 3489 573 3577 ipsum
667 3490 883 3568 ietate,
933 3502 1075 3559 tum
1114 3490 1181 3558 in
1218 3490 1609 3559 universam
1662 3489 2026 3558 Christiani
2078 3489 2249 3559 ritus
2297 3487 2572 3577 religio-

60 3588 189 3670 nem
220 3577 600 3647 observanti
656 3633 671 3659 ,
709 3578 1082 3647 dicendum
1113 3578 1212 3647 vel
1246 3578 1311 3647 id
1369 3578 1539 3647 mibi
1589 3600 1711 3667 pro
1749 3578 2012 3647 viribus
2044 3598 2312 3646 cense0.
2346 3582 2573 3663 Neque

61 3676 215 3729 emm
250 3664 311 3731 id
362 3665 665 3736 alienum
709 3667 850 3736 sive
897 3665 1200 3737 officium
1253 3667 1392 3737 sive
1442 3667 1900 3757 patrocinium
1952 3689 1990 3735 a
2046 3664 2356 3753 quolibet
2405 3676 2573 3753 puto

64 3742 310 3820 homine
349 3754 754 3835 ChristianO,
817 3755 1100 3843 quando
1154 3778 1393 3826 omnes
1451 3755 1819 3825 debiliores
1869 3769 2053 3835 sunt,
2111 3776 2319 3842 quam
2369 3766 2449 3823 ut
2488 3753 2573 3823 de

67 3843 224 3906 tanta
268 3863 336 3910 re
376 3844 540 3914 satis
589 3844 816 3914 dicere
862 3856 1141 3932 queant.
1193 3844 1451 3914 Accedo
1502 3845 1713 3931 igitur
1765 3843 1851 3912 ad
1902 3856 2200 3914 vestrum
2244 3864 2572 3912 veneran-

67 3919 206 3993 dum
237 3942 301 3997 et
348 3930 547 4020 plane
606 3932 919 4002 divinum
987 3948 1472 4023 conspectum:
1528 3943 1748 4000 vestra
1795 3943 1951 4000 utor
2001 3932 2286 4001 liberius
2346 3931 2571 4020 digni·

74 4018 202 4094 tate,
253 4016 461 4089 fretus
506 4020 817 4091 videlicet
867 4022 1133 4110 pietatis
1179 4042 1317 4108 quo
1365 4021 1618 4108 fungor
1664 4019 1926 4099 oflici0,
1979 4035 2343 4107 certusque
2389 4019 2575 4107 apud

72 4114 167 4166 Vos
197 4103 345 4189 plus
372 4108 591 4178 valere
625 4110 967 4197 loquentis
996 4111 1307 4179 animum
1339 4110 1406 4176 in
1445 4130 1654 4177 causa
1702 4109 1837 4197 pia,
1879 4108 2186 4189 honesta,
2225 4107 2565 4197 religiosa,

78 4203 300 4278 sancta,
333 4217 536 4282 quam
569 4200 899 4267 orationis
947 4199 1215 4287 copiam
1244 4210 1311 4265 et
1338 4209 1743 4265 ornamenta
1785 4218 1994 4265 vacua
2035 4197 2305 4287 negotio
2343 4217 2568 4264 rerum

79 4284 130 4340 et
160 4284 559 4355 auctoritate.
598 4292 674 4356 Et
706 4288 765 4356 si
817 4286 1276 4357 mansuetudo
1333 4284 1714 4354 sanctitatis
1781 4297 2037 4355 vestrae
2087 4305 2577 4373 saepenumero

122 4398 140 4419 ⁹
164 4402 300 4455 Hujus
316 4411 515 4453 nominis
535 4412 618 4460 111,
635 4413 729 4460 vel,
747 4413 803 4454 ut
822 4411 931 4454 altis
957 4414 1129 4464 plu-et,
1152 4414 1211 4453 11.
