2993 4837
520 216 647 278 6128
1256 232 1333 276 na
1382 232 1437 277 s.
1492 229 1865 279 coauuamo
1913 233 2152 279 Anaua
2641 214 2788 279 NOV·
2821 217 2876 277 2¹

430 314 806 386 vorandum
859 314 998 384 dat.
1044 319 1199 384 Post
1237 314 1466 384 adhuc
1515 330 1860 416 superstes
1907 316 2229 406 spiritum
2289 316 2574 397 ducens,
2627 316 2688 384 in
2721 338 2891 386 caree-

429 427 568 474 rem
610 403 922 486 mittitur;
967 402 1084 473 ubi
1123 424 1262 471 una
1302 402 1414 472 die
1444 402 1514 472 in
1563 417 1698 474 vita
1727 417 2214 485 commoratus,
2258 405 2586 495 postridie
2616 404 2896 494 lapidibus
2931 482 2932 491 ἵ

427 492 508 562 ad
556 490 760 581 pedes
793 492 943 581 ejus
993 491 1343 581 appensiS‚
1388 493 1456 561 in
1494 491 1802 564 medium
1852 516 2042 565 mare
2069 493 2519 585 demergitur.
2555 494 2703 565 Tale
2725 496 2932 585 Agapii]

429 581 834 670 martyrium
878 580 1090 651 fuisse
1130 593 1419 651 constat.

922 846 1161 1019 vim
1229 921 1310 1021 s,
1383 920 1974 1022 comitatui
2043 921 2492 1023 ABBA‘ris

424 1163 503 1209 AB
548 1162 698 1209 Esus
746 1163 1017 1219 AEQUALI
1064 1162 1222 1210 JONA
1270 1162 1534 1222 Annua,
1572 1161 1745 1218 Qum(
1791 1160 2037 1217 QUtnAu
2084 1161 2283 1209 vocu
2331 1161 2910 1211 msclpumnn'nm

512 1270 935 1327 DISCIPULUH,
987 1268 1400 1317 CONSCRIPTA:
1454 1268 1648 1317 CUJUS
1713 1265 1924 1315 'raum
1994 1269 2235 1316 snum
2298 1269 2617 1318 Nomffffln„
2660 1267 2908 1316 nxrouvtr

517 1377 703 1424 Lana.
758 1376 985 1425 sumus
1024 1352 1080 1421 ⁴.

905 1554 987 1609 In
1014 1554 1284 1609 coelum
1318 1553 1633 1622 migravit
1671 1518 1851 1612 anuo
1881 1555 1995 1609 615
2029 1581 2097 1593 --
2128 1553 2500 1612 Hibernus.

515 1737 549 1821 ἓ
598 1740 674 1806 1.
721 1732 1232 1814 Columbanus,
1304 1734 1422 1821 qui
1478 1732 1680 1801 etiam
1743 1733 2074 1803 Columba
2135 1745 2462 1815 vocatur,
2535 1736 2606 1804 in
2661 1732 2908 1804 Hibernia

427 1835 615 1892 ortus
654 1836 753 1892 est
777 1823 868 1903 ⁴⁰⁵,
928 1822 1154 1891 insula
1207 1823 1273 1891 in
1324 1834 1625 1892 extremo
1673 1821 1802 1891 sita
1860 1826 2148 1891 Oceano.
2191 1826 2348 1890 Eam
2402 1827 2763 1895 Scotorum
2800 1840 2904 1912 gens

428 1910 701 1981 incolit:
741 1933 908 2000 gens
955 1931 1374 1998 quamquam
1432 1912 1857 1979 caeterarum
1955 1911 2214 1979 entium
2280 1911 2558 2001 legibus
2607 1922 2907 2003 carens&

429 2014 650 2070 tamen
689 1999 1109 2069 Christianae
1160 2000 1513 2089 religionis
1546 1998 1634 2067 do
1688 2012 1865 2067 mate
1972 2020 2196 2075 orans,
2243 2000 2332 2069 ita
2390 2013 2465 2069 ut
2513 2002 2813 2070 omnium
2851 2019 2904 2063 n·

426 2090 735 2158 cinarum
812 2089 1116 2178 gentium
1185 2087 1387 2157 fidem
1454 2087 1633 2156 excel
1672 2099 1760 2156 at.
1826 2092 1901 2155 In
1953 2109 2032 2156 ea
2097 2102 2299 2157 natus
2356 2103 2458 2159 est
2509 2089 2902 2160 columbane·

429 2180 601 2247 inter
642 2178 789 2266 ipsa
836 2177 992 2246 fidei
1043 2175 1183 2245 illic
1234 2176 1578 2245 nascentis
1637 2176 2036 2265 primordia,
2083 2189 2160 2246 ut
2204 2176 2396 2258 fides,
2465 2200 2680 2279 quam
2730 2173 2900 2267 partim

430 2265 908 2337 infoecundam
947 2287 1114 2355 gens
1175 2264 1291 2333 illa
1342 2264 1667 2343 habebat,
1715 2264 1866 2352 ejus
1917 2278 1982 2333 et
2021 2266 2361 2335 sociorum
2410 2266 2606 2337 illius
2668 2267 2900 2335 exhorta·

430 2356 732 2426 tionibus
792 2354 1201 2441 culturaque
1250 2353 1446 2423 uberi
1501 2352 2054 2424 foecundaretur.
2117 2359 2483 2442 Postquam
2556 2368 2763 2425 mater
2800 2369 2900 2418 eum

426 2446 661 2523 edidit,
704 2456 890 2513 tanta
937 2465 1098 2511 cura
1151 2443 1462 2524 servavit,
1503 2453 1578 2511 ut
1618 2441 2034 2523 illis·etiam,
2082 2465 2378 2529 quorum
2427 2445 2718 2515 habebat
2750 2459 2899 2509 stiores

425 2534 733 2624 cognitos
786 2543 849 2600 et
896 2531 1309 2620 exploratoS‚
1369 2531 1471 2599 vix
1530 2552 1687 2600 eum
1744 2531 2022 2601 credere
2080 2544 2198 2601 aut
2255 2535 2683 2603 committere
2743 2529 2897 2623 vellet.

426 2622 643 2690 donec
681 2621 1084 2708 pubescenS,
1125 2619 1388 2689 Christo
1422 2618 1621 2700 duce,
1663 2619 1812 2688 sine
1845 2642 1982 2706 quo
2036 2620 2209 2690 nihil
2254 2622 2418 2691 boni
2469 2624 2718 2713 agitur,
2769 2619 2897 2688 bonis

425 2708 814 2779 excolendis
862 2709 1184 2797 operibus
1233 2708 1545 2777 animum
1598 2707 2002 2798 applicaret.

513 2801 548 2885 ξ
600 2803 686 2868 ².
742 2798 1006 2865 Exactis
1057 2796 1381 2865 infantiae
1416 2796 1645 2875 annis,
1702 2819 1859 2865 cum
1893 2797 1959 2866 in
2006 2796 2338 2886 pueritiae
2389 2811 2606 2869 aetate
2642 2798 2895 2888 pubesce·

430 2899 548 2966 ret,
596 2884 993 2955 liberalium
1044 2885 1420 2955 litterarum
1476 2885 1727 2956 studiis
1774 2899 1839 2954 et
1886 2887 2508 2957 Grammaticorum
2561 2887 2788 2957 litteris
2828 2902 2896 2948 ca·

432 2976 580 3063 paci
632 2974 906 3062 ingenio
953 2996 1229 3063 operam
1272 2995 1520 3043 navare
1566 2973 1827 3063 coepit:
1870 2974 1936 3042 in
1974 2995 2189 3061 eaque
2227 2998 2347 3076 per
2385 2998 2588 3046 omne
2639 2971 2895 3067 pueritiae

425 3076 489 3133 et
535 3061 1031 3132 adolescentiae
1081 3076 1353 3152 tempus
1416 3083 1900 3151 perseverans,
1956 3084 2180 3150 usque
2227 3086 2298 3133 in
2351 3065 2612 3135 virilem
2678 3071 2893 3133 aetatem

424 3176 573 3222 eam
629 3174 874 3241 magna
910 3152 1123 3220 animi
1174 3151 1606 3220 contentione
1650 3165 2054 3240 prosecutus
2092 3165 2217 3222 est.
2252 3153 2378 3223 Sed
2423 3177 2575 3226 cum
2628 3173 2771 3222 eum
2810 3146 2894 3215 sor·

430 3265 577 3311 mae.
624 3240 983 3331 elegantia,
1038 3240 1344 3329 corporis
1393 3239 1653 3310 candor
1685 3252 1750 3309 et
1801 3240 2054 3311 nobilis
2099 3242 2423 3331 pubertas
2455 3243 2762 3313 omnibus
2789 3255 2892 3326 gra·

426 3346 568 3400 tum
621 3329 953 3410 redderet,
1008 3329 1228 3417 coepit
1275 3329 1606 3414 antiquus
1655 3328 1872 3398 hostis
1908 3330 1974 3397 in
2011 3351 2168 3398 eum
2222 3329 2528 3400 lethifera
2577 3352 2696 3399 sua
2743 3330 2892 3414 intorf

422 3441 627 3506 quere
699 3418 871 3496 tela;
928 3430 1001 3486 ut
1050 3439 1251 3503 quem
1306 3429 1491 3485 tanto
1568 3417 1892 3486 cernebat
1958 3416 2214 3508 pollere
2287 3420 2601 3510 ingenio,
2647 3417 2774 3487 suis
2797 3468 2829 3509 ,‚
2853 3428 2888 3474 ³1

428 3519 674 3594 posset,
718 3506 1005 3575 nexibus
1030 3505 1436 3595 implicaret.
1468 3505 1878 3596 Aggreditur
1912 3506 2127 3595 igitur
2175 3506 2464 3578 lascivas
2497 3507 2761 3598 puellas,
2785 3517 2886 3588 ejus

423 3618 652 3666 amore
686 3596 839 3665 illas
875 3595 1284 3675 inflammat,
1346 3594 1641 3663 maxime
1680 3617 1856 3682 quas
1910 3594 2170 3664 formae
2217 3598 2525 3686 corporis
2572 3593 2879 3685 perfuncto·

428 3686 570 3754 rius
610 3684 815 3754 decor
854 3682 1195 3753 horrendo
1229 3682 1570 3754 desiderio
1623 3683 1687 3751 in
1735 3684 2145 3752 miserorum
2189 3686 2461 3757 animos
2508 3685 2815 3755 insinuare
2843 3681 2883 3766 el

423 3776 833 3863 immergere
883 3771 1072 3843 solet.
1128 3771 1252 3841 Sed
1291 3794 1446 3840 cum
1485 3771 1806 3861 egregius
1841 3773 2038 3842 miles
2074 3784 2162 3844 tot
2207 3773 2516 3862 undique
2550 3772 2681 3843 telis
2719 3771 2879 3867 appefl

422 3878 487 3932 et
537 3863 766 3950 urgeri
806 3883 877 3931 se
910 3861 1358 3951 conspiceret,
1417 3859 1924 3947 micantemque
1967 3862 2220 3931 versuti
2264 3863 2480 3933 hostis
2529 3864 2718 3934 sicam
2760 3867 2875 3949 ιυξθ

427 3951 677 4021 vibrari
727 3963 1053 4031 cerneret,
1133 3950 1476 4019 humanae
1539 3948 1930 4039 fragilitatis
1990 3972 2124 4019 non
2184 3950 2514 4040 ignarus,
2563 3967 2741 4037 quam
2788 3949 2875 4041 9¹¹9

426 4039 716 4110 labendo
767 4052 1137 4129 margatum
1192 4038 1416 4112 sciens
1450 4038 1681 4119 etiam,
1725 4038 2314 4126 quemadmodum
2368 4041 2585 4111 Livius
2619 4037 2719 4113 ait,
2752 4020 2867 4098 nihil

475 4239 500 4266 ¹⁸
531 4240 625 4279 Non
656 4248 767 4278 vero
797 4238 1040 4286 quaedam.
1067 4237 1140 4277 vel
1177 4239 1289 4288 quit
1323 4238 1532 4280 rabulam
1566 4238 1828 4284 redoleant,
1865 4234 1937 4277 vel
1972 4234 2085 4287 qui·
2122 4247 2318 4288 prorsus
2349 4236 2529 4280 inutilia
2545 4235 2662 4277 nobi:
2678 4226 2862 4271 viduum

423 4292 873 4338 praetermittemus.

475 4344 530 4369 *Ψ*
563 4346 690 4381 Auno
722 4348 811 4388 550,
843 4343 1049 4384 circiter.
