2993 4837
515 287 640 351 728
1136 302 1212 346 niz
1261 301 1314 347 s.
1371 296 1690 347 s‘rssrnmo
1737 299 2006 347 JUNIORE
2052 301 2241 346 naar.
2624 280 2772 344 xot‘.
2805 282 2866 344 ΞΒ
2941 266 2942 269 “

425 389 496 457 in
546 385 1033 476 angustissima
1073 384 1370 471 quadam
1421 383 1734 453 aedicula
1781 383 1989 472 degit,
2043 382 2219 452 duas
2257 404 2360 452 me
2390 382 2716 472 Imagines
2758 381 2874 451 ado-

426 498 573 545 rare
596 474 828 564 jussit,
870 495 1076 542 unam
1111 495 1285 559 quae
1334 472 1603 553 Christi,
1657 472 1938 541 alteram
1980 493 2157 559 quae
2207 473 2532 561 Deiparae
2568 471 2872 546 dicebatur;
2941 540 2942 545 ,

422 587 499 635 ac
539 562 851 653 protinus
887 561 1229 641 convalui,
1284 583 1674 649 corpusque
1719 561 2003 629 omnino
2050 560 2254 630 erexi.
2291 584 2326 627 »
2374 565 2453 629 At
2499 560 2686 648 impii
2725 558 2800 628 illi
2831 571 2876 626 et

420 650 883 734 conscelerati,
921 671 1166 719 manus
1195 671 1325 718 non
1391 650 1539 718 sine
1565 671 1811 739 magno
1843 662 2091 718 terrore
2117 648 2708 735 complaudentes:
2740 674 2764 709 ι
2788 652 2872 714 Vae

421 740 566 821 tibi,
607 739 951 826 inquiunt,
1025 738 1143 825 qui
1187 739 1251 806 in
1314 737 1768 807 idololatriam
1821 739 2242 827 proruisti.»
2293 737 2660 807 Confestim
2719 738 2876 821 itaque

420 852 575 898 eum
628 827 810 917 apud
857 849 1206 897 summum
1245 827 1567 895 Thraciae
1600 826 2014 925 praesectum
2047 826 2386 906 deferunt;
2416 826 2540 912 qui
2568 847 2718 894 cum
2745 825 2804 891 dc
2828 845 2883 889 eo

421 918 890 1003 quaestionem
944 915 1316 996 habuisset,
1365 914 1557 984 nulla
1605 915 2004 1005 interposita
2055 918 2267 994 mora,
2325 937 2487 983 eum
2523 913 2607 981 ad
2658 918 2891 1001 [inpera-

424 1018 633 1075 torem
672 1004 879 1072 misit.
911 1008 975 1071 Is
1016 1025 1167 1073 vero
1199 1026 1356 1073 cum
1407 1004 1799 1074 accuratius
1844 1026 2000 1072 eum
2036 1004 2522 1083 examinasset,
2561 1024 2645 1070 an
2682 1022 2892 1088 recupe
2941 1070 2942 1083 ,

426 1106 608 1162 ratae
650 1091 1060 1161 valetudinis
1111 1091 1387 1160 modum
1434 1090 1894 1172 intellexisset,
1952 1114 2076 1191 pro
2121 1114 2200 1160 ea
2237 1114 2376 1178 qua
2411 1090 2757 1160 laborabat
2799 1102 2892 1157 sto-

428 1182 706 1263 liditate,
777 1202 908 1249 non
976 1178 1336 1249 intellexit:
1391 1202 1625 1249 verum
1658 1235 1673 1259 ,
1725 1180 1905 1268 quod
1960 1181 2092 1269 ipsi
2133 1202 2412 1249 summo
2479 1179 2701 1248 studio
2743 1190 2887 1245 erat.

421 1270 950 1361 percontabatur
980 1290 1163 1349 eum,
1215 1268 1335 1356 qui
1388 1270 1622 1338 morbo
1655 1269 1983 1339 liberatus
2030 1268 2273 1348 fuerat,
2313 1290 2401 1337 an
2442 1268 2516 1336 in
2557 1266 2891 1336 simulacre

422 1381 578 1430 rum
647 1358 839 1427 cultu
906 1369 1251 1447 perstaret.
1306 1358 1433 1438 Qui
1482 1379 1642 1426 cum
1681 1370 1744 1426 et
1792 1357 1862 1426 in
1913 1358 2050 1427 enti
2102 1356 2556 1445 poenitudine
2615 1378 2683 1426 se
2725 1353 2888 1423 affici.

424 1467 627 1535 atque
666 1445 1064 1534 hujusmodi
1104 1445 1474 1515 simulacra
1522 1446 1820 1515 execrari
1860 1380 2160 1526 dixisset,
2218 1459 2591 1534 tyrannus,
2628 1457 2701 1512 ut
2728 1446 2782 1511 ei
2813 1445 2890 1508 iin-

424 1535 694 1626 pietatis
757 1534 1132 1603 mercedem
1193 1533 1511 1614 referret,
1565 1535 2033 1604 centurionem
2091 1556 2253 1604 eum
2287 1535 2573 1603 creavit.
2613 1538 2889 1602 Caeterum

428 1623 673 1693 vindex
723 1624 834 1691 Dei
874 1623 1141 1710 justitia
1188 1644 1223 1691 e
1254 1622 1535 1711 vestigio
1586 1623 1930 1713 ingratum
1992 1622 2187 1691 illum
2224 1636 2593 1712 persecuta
2622 1635 2735 1691 est.
2781 1624 2892 1688 Nam

425 1735 582 1783 cum
627 1712 850 1781 statim
885 1712 971 1779 ab
1003 1711 1158 1780 aula
1196 1716 1658 1792 reverteretur,
1712 1724 1914 1799 atque
1961 1732 2214 1798 equum
2250 1711 2712 1781 conscendere
2755 1727 2894 1798 para·

427 1814 549 1882 ret,
595 1800 709 1868 ille
741 1800 966 1869 subito
1002 1799 1311 1868 saltitans
1346 1800 1412 1867 in
1450 1810 1697 1869 terram
1753 1800 1977 1890 ipsum
2031 1800 2417 1888 prostravit,
2476 1814 2680 1887 atque
2709 1794 2895 1866 contri-

425 1890 542 1989 vit,
600 1910 722 1958 nec
787 1887 1094 1987 calcibus
1163 1889 1229 1955 in
1298 1910 1451 1956 eum
1506 1888 1770 1957 insilire
1830 1889 2110 1968 destitit,
2164 1888 2389 1975 quoad
2463 1889 2584 1958 ille
2631 1889 2894 1976 ingratam

427 2000 730 2048 animam
771 1988 1204 2045 evomuisset.

515 2068 551 2153 ἓ
597 2071 753 2139 84.
798 2072 1155 2153 Tyrannus
1206 2064 1435 2154 igitur,
1476 2078 1821 2151 tamquam
1876 2065 2036 2133 hinc
2068 2066 2338 2154 arrepta
2401 2069 2604 2143 ansa,
2656 2074 2894 2133 sanctuni

429 2156 652 2224 viruni
718 2176 924 2240 quam
984 2154 1233 2223 rimum
1300 2175 1337 2220 e
1387 2158 1809 2222 Proconneso
1871 2154 1957 2222 ad
2019 2175 2086 2223 se
2140 2152 2395 2222 adduci
2456 2155 2662 2242 jubet
2685 2153 2732 2231 ⁴¹,
2776 2144 2892 2217 illud

429 2243 714 2323 addenS,
768 2264 902 2328 quo
1003 2264 1084 2310 rie
1130 2240 1445 2311 exsilium
1512 2241 1787 2327 quidem
1836 2240 2225 2320 mulctatuS,
2287 2241 2422 2311 sibi
2464 2250 2890 2330 temperasset,

476 2333 593 2400 uin
641 2331 904 2422 plebem
944 2330 1143 2400 idolis
1189 2329 1451 2399 cultum
1487 2330 1813 2398 adhibere
1853 2330 2143 2400 doceret.
2197 2334 2364 2399 Cum
2407 2352 2582 2422 ergo
2629 2330 2784 2398 illinc
2806 2321 2892 2391 ad·

427 2354 680 2490 ductus
709 2434 906 2501 esset,
960 2432 1034 2488 ut
1071 2420 1137 2486 in
1178 2418 1445 2508 phialae
1476 2441 1805 2508 perquam
1848 2418 2139 2489 obscuro
2165 2420 2518 2519 ergastulo
2551 2435 2688 2490 tum
2717 2410 2893 2482 vinctis

429 2510 605 2579 ferro
649 2509 1015 2582 manibus,
1074 2521 1213 2576 tum
1269 2508 1562 2597 pedibus
1630 2508 1714 2576 ad
1779 2506 2043 2597 lignum
2109 2509 2497 2579 arctissime
2564 2501 2885 2578 adstrictis,

428 2597 921 2676 includeretur,
963 2596 1193 2665 edixit.
1250 2597 1626 2684 Interjectis
1674 2608 1897 2666 autem
1934 2595 2353 2684 quibusdam
2396 2597 2670 2675 diebuS,
2716 2593 2782 2662 ad
2807 2593 2893 2687 lit}-

428 2686 707 2766 haeum,
748 2686 862 2772 qui
910 2686 1166 2753 Pharus
1200 2684 1475 2764 dicitur,
1530 2685 1802 2755 duobus
1838 2697 2102 2754 tantum
2158 2685 2473 2774 primarii
2513 2683 2761 2755 ordinis
2781 2695 2889 2745 viris

428 2775 812 2854 comitatu5‚
859 2786 1170 2842 sanctum
1217 2773 1434 2842 virum
1484 2787 1749 2863 praesto
1786 2792 1933 2841 esse
1953 2773 2174 2861 jubet.
2229 2777 2393 2842 Cum
2439 2787 2670 2844 autem
2690 2769 2762 2840 ad
2782 2784 2888 2835 eutii

429 2863 770 2932 adductus
834 2862 1093 2942 fuisset,
1148 2884 1186 2930 a
1252 2863 1361 2951 pio
1416 2862 1713 2947 quodam
1768 2862 1908 2930 viro
1961 2884 2326 2931 nummum
2379 2863 2600 2951 petiit,
2671 2870 2888 2950 eumque

428 2949 741 3022 cucullae
776 2971 941 3020 suae
996 2949 1229 3019 furtim
1292 2950 1642 3038 imposuit.
1696 2956 2059 3038 Tyrannus
2117 2951 2377 3037 utique,
2433 2966 2510 3021 ut
2557 2971 2704 3020 eum
2748 2943 2883 3013 vidit,

429 3039 809 3109 exclamare
842 3039 1098 3127 coepit:
1155 3061 1190 3103 «
1238 3041 1288 3107 Ο
1328 3038 1464 3106 vim
1511 3039 1677 3108 mibi
1729 3039 2013 3119 illatam,
2070 3060 2109 3107 o
2154 3038 2643 3118 calamitatem,
2691 3059 2727 3105 o
2761 3051 2886 3102 arro·

429 3128 729 3220 gantiam
764 3132 775 3196 l
831 3127 1058 3196 Videte
1088 3149 1127 3195 a
1156 3147 1452 3213 quonam
1494 3127 1859 3215 imperium
1893 3149 2118 3197 meum
2150 3127 2573 3197 contumelia
2600 3124 2881 3218 afficiatur.-

430 3240 467 3287 a
516 3238 815 3305 quonam
879 3215 1180 3286 ludibrio
1246 3215 1616 3284 habeatur!
1664 3239 1700 3282 »
1751 3221 1913 3285 Cum
1986 3230 2215 3285 autem
2283 3215 2384 3283 vir
2444 3230 2718 3285 sanctus
2771 3201 2884 3278 nihil

429 3307 712 3376 omnino
747 3305 1227 3393 respondisset,
1275 3325 1508 3372 verum
1543 3303 1736 3372 humi
1773 3304 2036 3373 defixus
2071 3305 2398 3383 haereret,
2442 3317 2758 3395 tyrannus
2779 3314 2883 3365 eum

431 3394 760 3464 iracunde
810 3393 1254 3482 prospicienS,
1302 3393 1694 3482 ignemque,
1739 3405 1815 3462 ut
1874 3391 2010 3461 dici
2045 3392 2235 3474 solet,
2288 3393 2592 3482 spirans,
2641 3403 2810 3475 atque
2840 3391 2885 3448 ul

429 3484 559 3572 ipsi
612 3484 679 3551 in
725 3504 910 3551 more
976 3481 1268 3571 positum
1310 3494 1474 3561 erat,
1539 3503 1821 3550 manum
1874 3481 1941 3549 in
1993 3484 2232 3551 orbem
2285 3495 2645 3568 torquenS,
2693 3477 2884 3558 alteque

426 3571 818 3641 exclamans
844 3626 858 3651 ,
913 3593 948 3636 «
977 3576 1121 3640 Non
1173 3569 1339 3637 milii
1380 3570 1770 3658 respondeS,
1833 3570 2081 3656 inquit,
2121 3569 2488 3639 scelestum
2521 3568 2751 3658 caput?
2777 3588 2803 3626 i»
2836 3565 2882 3623 At

426 3660 581 3728 ille:
636 3682 672 3724 «
705 3660 769 3728 Si
815 3681 922 3727 me
969 3660 1059 3727 ita
1110 3657 1343 3726 leviter
1380 3657 1837 3728 condemnare
1878 3657 1945 3726 in
1988 3659 2220 3727 animo
2268 3657 2508 3738 babe5‚
2561 3660 2879 3744 Imperator,

428 3746 772 3838 supplicio
804 3768 1009 3833 quam
1040 3745 1393 3816 celerrime
1440 3746 1656 3815 affice.
1703 3748 1816 3816 Sin
1845 3760 2069 3816 autem
2113 3746 2248 3816 huc
2281 3768 2390 3816 me
2432 3746 2680 3816 idcirco
2711 3740 2879 3811 adesse

413 3837 707 3927 jussisti,
762 3848 835 3905 ut
871 3857 979 3904 me
1034 3837 1513 3924 interrogareS‚
1550 3858 1627 3904 ac:
1665 3835 1963 3906 vicissim
2027 3835 2327 3915 audires,
2383 3834 2780 3905 iracundiam
2817 3823 2877 3889 le·

423 3927 633 3995 nitate
698 3938 1021 4014 tempera,
1075 3936 1278 4011 atque
1322 3945 1539 4009 aequo
1588 3924 1818 3993 animo
1853 3936 1915 3992 et
1964 3924 2330 4013 interroga,
2379 3939 2447 3994 et
2478 3924 2659 3993 audi.
2693 3944 2722 3985 i>
2760 3919 2870 3982 Tum

421 4020 839 4103 Imperator:
895 4036 930 4078 «
964 4012 1103 4091 Dic,
1157 4035 1303 4102 age,
1357 4012 1777 4099 quibusnam
1831 4013 2131 4101 paternis
2178 4012 2474 4081 decretis
2524 4011 2770 4080 minime
2795 4018 2870 4087 pa·

419 4104 713 4180 ruimuS‚
749 4112 824 4170 ut
858 4101 1042 4191 apud
1081 4113 1141 4170 te
1167 4101 1237 4169 in
1264 4100 1763 4171 haereticorum
1798 4122 2085 4170 numero
2116 4104 2558 4170 censeamur?
2591 4118 2730 4163 ι-ᾱ
2751 4096 2870 4171 01¹⁰·

421 4191 635 4270 niam,
682 4190 904 4276 inquit
939 4190 1076 4271 ille,
1121 4188 1665 4259 venerandarum
1697 4189 2088 4289 Imaginum
2129 4190 2498 4279 picturam,
2538 4185 2743 4258 multis
2765 4186 2864 4269 ³111,ss

426 4278 854 4367 temporibus
911 4301 949 4347 a
1005 4278 1256 4347 divinis
1318 4279 1633 4348 Patribus
1700 4278 2039 4359 traditam,
2112 4277 2440 4348 scelerate
2499 4279 2584 4347 ab
2635 4268 2866 4343 Ecclesns

481 4404 505 4426 ¹⁸¹
535 4404 665 4441 Anno
697 4405 785 4442 765.
