2993 4837
48 329 191 395 Nov.
238 328 307 392 2¹
818 348 894 393 na
943 349 996 394 s.
1052 347 1426 395 commemo
1474 348 1714 394 anama
2319 333 2446 397 623

48 429 337 501 madidit:
388 451 466 499 ex
498 431 703 522 cujus
741 430 1030 501 lectione
1064 432 1369 522 prudens
1409 431 1618 501 lector
1648 430 1749 499 vel
1785 430 2058 501 auditor
2092 432 2289 502 facile
2320 446 2537 523 potest

47 518 557 601 animadvertere,
610 533 871 608 quanta
911 520 1036 590 viri
1086 521 1302 592 sancti
1338 520 1542 590 fuerit
1581 519 1976 610 disciplina.

102 610 243 695 §a
296 607 684 678 Merebatur
730 609 863 679 alio
912 631 1154 680 rursus
1206 622 1505 699 tempore
1557 609 1624 677 in
1676 629 1756 678 eo
1795 609 2064 699 scopuli
2127 611 2336 692 sinu,
2414 611 2533 681 ubi

43 696 128 764 diu
156 697 449 768 oratione
494 711 560 766 et
592 698 859 789 jejunio
916 720 1169 787 corpus
1216 698 1569 767 afflixerat.
1623 699 1946 799 Cognovit
2000 711 2224 769 autem
2268 721 2387 789 per
2438 722 2536 769 re·

42 783 396 855 velationem
435 785 698 868 fratres,
750 786 870 874 qui
920 786 1199 856 Luxovii
1246 798 1440 856 erant
1488 787 1777 855 diversis
1809 787 2211 858 morborum
2264 790 2534 878 generi-

37 874 139 942 bus
174 874 428 944 vexari:
483 897 607 944 nec
664 875 899 965 plures
947 894 1304 965 superesse
1353 874 1759 956 incolumes,
1812 897 2021 961 quam
2071 877 2191 964 qui
2231 879 2531 968 aegrotis

38 964 486 1033 ministrarent.
540 966 871 1054 Egressus
921 965 1148 1052 itaque
1196 964 1281 1034 de
1329 986 1564 1053 specu,
1618 964 1992 1034 Luxovium
2048 966 2273 1046 venit3
2327 989 2524 1036 cum-

35 1073 138 1136 que
177 1074 409 1122 omnes
454 1052 737 1124 afflictos
766 1067 1094 1135 cerneret,
1132 1052 1330 1143 jubet
1360 1074 1598 1123 omnes
1648 1073 1953 1143 surgere,
2010 1065 2074 1122 et
2129 1072 2419 1124 messem
2459 1056 2523 1124 in

37 1160 161 1209 area
188 1140 387 1232 virgis
434 1141 739 1211 caedere.
796 1147 1249 1213 Sui-rexerunt
1272 1163 1457 1232 erg0,
1511 1162 1803 1229 quorum
1848 1141 2338 1212 conscientiam
2376 1145 2532 1214 obe-

38 1228 285 1299 dientiae
308 1230 530 1300 fervor
556 1230 987 1312 incendebat,
1012 1231 1094 1301 ad
1119 1253 1273 1301 area
1285 1251 1485 1318 mque
1509 1232 1875 1312 venienteS,
1895 1230 2105 1319 virgis
2127 1229 2358 1322 fruges
2383 1254 2533 1302 cae-

41 1317 163 1386 dere
203 1318 462 1389 ardenti
515 1319 647 1388 fide
676 1321 978 1420 aggressi
1016 1334 1201 1391 sunt.
1253 1319 1503 1389 videns
1528 1330 1754 1389 autem
1787 1331 1978 1409 pater
2010 1319 2216 1389 fidem
2263 1322 2330 1390 in
2365 1320 2531 1390 filiis

41 1407 517 1478 etobedienti‘ae
615 1423 852 1478 ranam
895 1409 1286 1479 abundare:
1342 1431 1377 1475 «
1420 1409 1655 1490 Sinite,
1707 1408 1957 1495 inquit,
2012 1408 2187 1478 sessa
2234 1410 2533 1499 aegritu-

40 1492 164 1564 dine
186 1497 487 1567 membra
520 1519 556 1565 a
603 1497 807 1566 abore
834 1498 1148 1568 recreari.
1190 1520 1226 1564 »
1256 1497 1589 1567 Mirantur
1613 1496 2006 1567 obedientes
2031 1498 2298 1580 fratres,
2338 1498 2532 1567 nullo

41 1581 250 1654 doloris
295 1586 578 1677 vestigio
626 1600 1043 1667 remanente,
1095 1587 1365 1675 integra
1399 1607 1471 1655 se
1510 1586 1837 1675 sospitate
1889 1585 2049 1656 frui.
2100 1588 2302 1659 Jubet
2341 1600 2534 1677 pater

42 1674 310 1772 apparari
373 1696 671 1756 mensaS,
736 1687 812 1744 ut
871 1674 1067 1745 uberi
1108 1675 1361 1765 gaudio
1407 1694 1649 1744 omnes
1697 1674 2161 1746 reficerentur.
2218 1674 2537 1765 I‘n'crepat

43 1759 242 1832 demde
278 1763 771 1844 inobedienteS,
815 1764 1044 1853 arguit
1085 1763 1289 1833 fidem
1351 1763 1694 1853 ignavam,
1748 1763 2203 1853 aegritudinis
2255 1764 2531 1856 longam

43 1870 252 1919 moram
306 1851 706 1922 denunciat.
767 1852 936 1921 Mira
991 1851 1183 1923 ultio.
1240 1857 1462 1941 Supra
1522 1852 1688 1921 anni
1729 1864 2002 1941 tempus
2054 1854 2531 1944 immorigeros

44 1939 217 2009 morbi
252 1940 448 2011 dolor
501 1953 639 2010 tam
691 1940 1126 2011 vehementer
1173 1940 1450 2023 attrivit,
1510 1954 1584 2011 ut
1625 1940 1730 2010 vix
1772 1952 2059 2010 mortem
2117 1942 2526 2023 evaderent;

43 2025 583 2123 impleveruntque
632 2050 1026 2100 mensuram
1081 2030 1538 2120 poenitentiae
1589 2052 1710 2120 pro
1739 2029 2086 2101 admissae
2134 2030 2530 2101 inobedien-

42 2124 140 2183 tiae
178 2118 450 2187 ratione.
1192 2152 1203 2164 ·
2519 2166 2538 2185 .

107 2205 239 2289 ξθ.
287 2206 535 2277 Aderat
580 2206 994 2294 quandoque
1045 2219 1339 2296 tem‘puS,
1392 2228 1530 2295 quo
1571 2216 1876 2298 segetum
1927 2207 2125 2296 copia
2176 2207 2242 2274 in
2287 2207 2526 2276 horrea

43 2291 412 2376 conderetur,
477 2316 599 2364 nee
640 2307 863 2364 tamen
920 2295 1018 2363 vis
1057 2307 1408 2365 ventorum
1467 2296 1684 2364 nubes
1731 2315 1971 2386 cogere
2019 2296 2354 2366 cessabat.
2403 2301 2527 2365 Ur-

42 2380 200 2466 gebat
228 2407 369 2455 vero
404 2385 800 2465 necessita5‚
860 2405 943 2454 ne
994 2396 1260 2454 matura
1314 2384 1556 2455 messis
1605 2406 1637 2454 s
1693 2384 1834 2454 icae
1883 2384 1953 2453 in
2007 2383 2264 2476 stipula
2315 2385 2528 2456 misso

41 2472 289 2555 germine
335 2474 755 2563 deperirent.
811 2478 965 2542 Erat
1000 2485 1145 2543 tum
1184 2474 1284 2541 vir
1320 2472 1430 2542 Dei
1479 2495 1620 2562 apu
1718 2479 2141 2545 Fontanense
2181 2487 2524 2544 monaste-

40 2557 218 2640 rium,
266 2563 384 2632 ubi
466 2562 793 2632 messium
859 2562 1128 2651 copiam
1208 2583 1423 2631 novus
1471 2584 1634 2651 ager
1700 2562 2103 2652 locupletem
2180 2562 2520 2633 attulerat.

40 2648 344 2721 irruebant
403 2651 684 2719 interim
736 2664 1090 2722 ventorum
1149 2649 1363 2720 flabra
1413 2672 1572 2719 cum
1627 2650 1842 2720 multa
1879 2651 1939 2719 vi
1991 2652 2348 2734 imbrium,
2407 2673 2526 2720 nec

38 2737 268 2832 omnino
314 2752 506 2810 atrae
560 2739 776 2809 nubes
817 2739 1014 2809 terris
1056 2738 1356 2828 pluviam
1400 2737 1686 2808 fundere
1736 2740 2295 2810 intermittebant.
2349 2740 2523 2823 Quid

38 2837 172 2893 inter
206 2826 364 2898 haec
416 2840 649 2918 ageret
690 2829 790 2896 vir
824 2828 961 2909 Dei,
999 2829 1202 2897 anxio
1241 2841 1507 2918 pectore
1565 2828 1968 2919 pensitabat.
2024 2830 2325 2899 Armavit
2375 2851 2528 2898 vero

38 2927 278 2984 ruentem
328 2917 529 2997 fides,
597 2915 833 2986 docuit
878 2939 918 2986 a
969 2922 1098 2986 Deo
1166 2917 1531 3005 impetrare
1580 2929 1966 3006 opportuna
2009 2941 2023 2984 :
2079 2918 2368 2988 accersit
2427 2919 2528 2986 vir

37 3001 118 3095 Dei
152 3004 379 3076 fratres
425 3027 693 3086 omneS,
760 3016 1053 3095 segetem
1125 3004 1425 3094 praecidi
1480 3005 1702 3106 jubet.
1758 3006 2093 3075 Mirantur
2144 3007 2239 3076 illi
2313 3008 2529 3098 patris

34 3094 381 3180 tmperium,
446 3116 572 3163 nec
641 3105 866 3163 tamen
918 3094 1281 3180 quisquam
1321 3095 1381 3162 ei
1437 3092 1627 3174 dicit,
1683 3093 1848 3181 quid
1911 3095 2179 3164 sentiat.
2234 3098 2529 3165 Veniunt

34 3195 248 3264 mnes,
315 3184 496 3253 inter
542 3181 833 3252 diffusos
882 3181 1138 3253 imbres
1196 3181 1491 3253 falcibus
1542 3194 1777 3252 secant
1811 3182 2102 3273 frugeS,
2159 3184 2526 3254 observant

34 3269 159 3349 quid
216 3283 403 3361 pater
445 3271 753 3341 facturus
802 3269 910 3340 sit.
975 3270 1111 3342 Ille,
1143 3285 1441 3358 quatuor
1490 3270 1748 3361 insigni
1812 3270 2138 3361 religione
2180 3273 2359 3348 viros
2411 3294 2528 3361 per

32 3369 281 3438 quatuor
338 3360 583 3432 messis
628 3359 924 3450 angulos
972 3359 1298 3451 disponit,
1356 3371 1519 3450 puta
1573 3360 2006 3429 Comininnm
2047 3415 2060 3440 ,
2116 3364 2521 3440 Eunocum,

29 3455 193 3531 atque
224 3453 702 3536 Atquonanum
741 3470 817 3517 ex
856 3453 1206 3519 Scotorum
1258 3470 1530 3539 genere,
1583 3461 1903 3536 quartum
1958 3453 2355 3538 Garganum
2403 3469 2524 3516 na-

29 3530 173 3604 tione
201 3539 538 3607 Britonem
575 3560 588 3605 ε
644 3537 788 3639 ipse
818 3561 976 3607 cum
1016 3537 1298 3624 reliquis
1348 3537 1618 3606 medius
1663 3536 1992 3626 praecidit
2030 3550 2312 3626 segetes,
2361 3537 2528 3605 Mira

27 3621 246 3719 Virtusl
302 3627 631 3716 Fugiebat
676 3626 960 3696 imbera
1009 3638 1256 3717 segete,
1308 3640 1564 3697 etcum
1601 3625 1909 3712 undique
1945 3624 2348 3696 funderetur
2373 3624 2528 3716 plu-

27 3728 133 3792 via,
182 3714 443 3794 medios
493 3727 753 3784 tantum
792 3737 1129 3786 messores
1178 3715 1343 3784 solis
1385 3714 1682 3785 torrebat
1736 3714 1964 3794 ardor,
2019 3726 2383 3801 aestusque
2424 3736 2527 3781 ve·

26 3793 319 3884 hemen8‚
374 3803 590 3873 donec
653 3825 942 3873 messem
993 3803 1409 3883 conderent,
1462 3803 1739 3873 afflavit.
1796 3803 1902 3872 Sic
1964 3802 2137 3871 fides
2200 3815 2263 3872 et
2310 3803 2525 3871 oratio

26 3892 390 3973 promeruit,
430 3904 504 3962 ut
537 3891 734 3981 pulsa
770 3892 1025 3981 pluvia,
1078 3906 1343 3962 aestum
1382 3894 1558 3961 inter
1589 3892 1842 3961 imbres
1884 3891 2234 3961 haberent.

92 3977 125 4062 ξ
164 3982 253 4048 0.
308 3984 615 4050 Creverat
656 3980 799 4068 jam
857 3981 1109 4070 passim
1162 3981 1381 4050 sancti
1416 3981 1541 4050 viri
1573 3980 1755 4050 sama
1792 3980 1859 4049 in
1896 3979 2237 4049 universis
2268 3978 2527 4049 Galliae

28 4072 198 4150 atque
239 4068 643 4139 Germaniae
699 4070 1094 4159 provinciiS,
1133 4080 1413 4156 eratque
1466 4069 1780 4138 omnium
1841 4091 2156 4138 sermone
2203 4066 2519 4147 celebris,

28 4155 301 4226 omnium
365 4157 556 4228 cultu
607 4158 1039 4238 venerabiliS,
1096 4158 1303 4245 idque
1363 4156 1555 4238 adeo,
1606 4170 1680 4226 ut
1737 4157 1941 4226 etiam
1985 4156 2446 4226 Theodoricus
2495 4156 2527 4189 ⁴⁸

32 4240 163 4337 Rex,
194 4247 307 4332 qui
340 4268 419 4316 eo
450 4259 747 4338 tempore
776 4247 1132 4335 regnabat,
1173 4246 1255 4315 ad
1293 4268 1448 4314 eum
1489 4267 1689 4335 saepe
1723 4246 2000 4326 veniret,
2038 4258 2102 4314 et
2136 4247 2524 4314 orationum

30 4346 153 4414 ejus
196 4335 516 4426 suffragia
556 4336 746 4406 omni
794 4357 953 4405 cum
998 4335 1385 4405 humilitate
1438 4347 1799 4425 expeteret.
1858 4334 2252 4426 Sigebertus
2309 4333 2520 4414 enim,

74 4453 95 4481 ⁸
120 4456 254 4510 Vulgo
272 4463 458 4514 nter-ry
472 4464 530 4510 11,
546 4465 722 4513 junior,
739 4463 1028 4505 ehudebertt
1045 4464 1090 4504 11
1111 4460 1237 4506 filius
1260 4460 1322 4515 (n.
1348 4464 1439 4511 687,
1459 4473 1519 4504 m.
1540 4461 1650 4514 ⁶13).
