2993 4837
86 299 233 363 Nol:
284 299 321 363 3
770 320 841 364 ns
889 319 943 365 s.
996 317 1312 365 »iamenu
1363 320 1458 365 ar.
1517 320 1859 366 ulnarum
2410 306 2491 367 855

83 401 379 489 coepisset
428 423 554 490 pro
602 399 816 471 officio
864 424 989 471 suo
1037 424 1260 491 agere,
1304 416 1463 472 tunc
1507 403 1841 472 intellexit
1884 404 2087 473 homo
2138 405 2276 484 Dei,
2314 425 2448 473 non
2493 405 2574 474 ad

80 489 358 559 homines
405 509 525 569 se,
597 489 710 558 sed
758 490 839 559 ad
892 490 1146 560 bestias
1192 490 1638 561 destinatum.
1713 497 2062 579 Nusquam
2125 493 2354 562 adhuc
2413 491 2580 564 tales

78 589 358 668 expertus
406 576 632 647 fuerat
692 579 753 646 in
805 592 1363 666 quantacumque
1425 580 1764 650 barbarie.
1821 586 2175 668 Nusquam
2240 594 2581 671 repererat

78 665 162 736 sic
194 680 525 755 protervos
572 666 657 735 ad
711 689 955 749 moreS‚
1001 669 1098 739 sic
1146 668 1387 737 ferales
1429 668 1515 737 ad
1555 670 1749 748 ritus,
1792 669 1891 738 sic
1939 669 2023 739 ad
2061 669 2262 740 fidem
2299 671 2574 758 impios,

82 754 153 824 ad
185 754 347 847 leges
395 756 746 836 barber-OS,
795 758 1173 826 cervicosos
1220 756 1301 826 ad
1355 757 1826 846 disciplinam,
1869 779 2156 848 spurcos
2203 758 2289 827 ad
2343 758 2575 828 vitam.

83 842 403 913 Christiani
448 845 748 926 nomine,
789 868 860 915 re
901 848 1175 936 pagani.
1232 851 1371 915 Non
1425 846 1755 924 decimas,
1812 868 1945 916 non
1999 846 2339 936 primitias
2388 847 2575 929 dare,

85 951 191 1003 non
222 931 513 1023 legitima
560 935 740 1003 inire
788 935 1135 1025 conjugia,
1178 956 1310 1004 non
1346 934 1566 1004 facere
1598 934 2085 1016 confessioneS,
2127 936 2581 1025 poenitentias

80 1042 183 1090 nec
222 1023 332 1108 qui
383 1036 655 1112 peteret,
708 1045 833 1093 nec
881 1025 996 1111 qui
1041 1024 1256 1104 daret,
1317 1025 1586 1113 penitus
1637 1023 1952 1092 inveniri.
2007 1025 2295 1095 Ministri
2346 1025 2581 1095 altaris

78 1111 251 1200 pauci
294 1110 664 1181 admodum
718 1125 936 1182 erant.
992 1111 1123 1181 Sed*
1167 1113 1349 1182 enim
1402 1112 1568 1201 quid
1618 1134 1795 1202 opus
1851 1112 2201 1202 plurium,
2261 1114 2379 1184 ubi
2433 1115 2580 1204 ipsa

84 1198 353 1286 paucitas
401 1201 575 1269 inter
626 1199 841 1271 laicos
891 1201 1388 1303 propemodum
1425 1202 1640 1271 otiosa
1682 1202 1999 1271 vacaret?
2045 1206 2185 1272 Non
2218 1201 2575 1303 eratquod

84 1373 274 1445 clesiis
297 1391 410 1446 aut
438 1378 901 1467 praedicantis
930 1401 1077 1459 vox,
1118 1394 1235 1470 aut
1267 1380 1610 1449 cantantis
1643 1379 2074 1449 audiebatur.
2122 1380 2296 1463 Quid
2335 1379 2580 1449 faceret

74 1461 293 1534 'athleta
317 1467 631 1535 Domini?
659 1474 785 1536 Aut
814 1468 1195 1538 cedendum
1230 1469 1541 1558 turpiter,
1577 1481 1692 1537 aut
1722 1469 2106 1559 periculose
2142 1468 2573 1539 certandum.

85 1551 187 1621 Sed
215 1554 321 1640 qui
353 1578 423 1624 se
451 1568 824 1645 pastorem,
855 1571 920 1626 et
948 1580 1081 1627 non
1121 1556 1619 1627 mercenarium
1661 1558 2097 1648 agnoscebat,
2135 1558 2339 1648 elegit
2372 1571 2572 1635 stare,

80 1661 253 1726 quam
282 1641 511 1733 fugere
541 1667 555 1711 z
617 1659 895 1733 paratus
941 1659 1006 1715 et
1053 1647 1357 1714 animam
1394 1668 1592 1715 suam
1624 1645 1787 1716 dare
1824 1667 1943 1736 pro
1974 1647 2240 1728 ovibuS,
2287 1647 2343 1715 si
2378 1667 2580 1736 opor-

82 1731 271 1799 tuerit.
319 1736 391 1801 Et
436 1755 864 1821 quamquam
908 1756 1147 1803 omnes
1190 1732 1359 1824 lupi,
1399 1748 1463 1804 et
1493 1757 1651 1804 oves
1701 1735 1955 1815 nullae,
2014 1737 2193 1805 stetit
2243 1735 2310 1804 in
2357 1734 2580 1804 medio

86 1815 356 1908 luporum
411 1834 646 1910 pastor
699 1821 1107 1910 intrepidus,
1162 1823 1581 1894 omnimodis
1629 1835 2183 1914 argumentosus,
2231 1822 2577 1911 quomodo

82 1905 286 1978 faceret
312 1929 464 1981 oves
512 1910 602 1980 de
639 1911 846 2001 lupis,
885 1916 1151 1980 Monere
1184 1913 1675 1981 communiter:
1725 1926 1978 1983 secreto
2038 1935 2363 2001 arguere:
2419 1914 2578 1980 flere

86 1999 185 2090 §er
219 1997 561 2088 singulos-t
624 2021 811 2069 nunc
850 2022 1110 2087 aspere,
1159 2021 1343 2070 nunc
1389 2001 1629 2070 leniter
1660 2001 2045 2081 convenire,
2089 2014 2290 2091 prout
2329 2001 2579 2087 cuique

92 2084 348 2176 mire
380 2088 681 2158 videbat.
716 2093 792 2157 In
818 2090 1075 2175 quibus
1111 2110 1231 2178 per
1257 2089 1421 2158 haec
1453 2089 1684 2157 minus
1721 2088 2137 2178 profecisset,
2179 2110 2297 2158 cor
2325 2090 2578 2158 contri-

80 2177 755 2273 'ttngethumiliatum
788 2177 1111 2247 offerebat
1133 2200 1255 2266 pro
1286 2179 1410 2247 eis.
1450 2177 1726 2261 Quoties
1762 2189 1990 2246 noctes
2020 2190 2187 2246 totas
2219 2177 2579 2267 pervigiles

22 2291 25 2292 ⁷
88 2257 259 2350 'dunt
291 2266 667 2350 extendens
719 2271 963 2336 manus
1005 2267 1070 2334 in
1109 2267 1455 2336 oratione?
1505 2272 1579 2335 Et
1616 2288 1773 2336 cum
1813 2267 2039 2335 venire
2080 2266 2164 2335 ad
2208 2265 2572 2335 ecclesiam

19 2379 23 2445 3
98 2347 336 2449 afilem,
403 2375 523 2445 per
595 2356 780 2425 vicos
827 2370 891 2426 et
940 2355 1196 2446 plateas
1252 2355 1654 2426 occurrebat
1709 2355 1985 2425 invitis:
2040 2370 2105 2425 et
2153 2355 2576 2425 circumiens

19 2520 29 2528 Ἴ,
86 2439 396 2524 ‚civitatem
436 2445 884 2534 perquirebat
932 2444 1225 2513 anhelus
1261 2456 1534 2531 ,⁶quem
1586 2444 1850 2515 Christo
1889 2444 2297 2532 acquireret.
2340 2443 2467 2513 Sed
2517 2458 2582 2512 et

19 2555 21 2563 ⁸
72 2592 83 2607 ,
146 2527 220 2598 ris
259 2552 402 2601 rura
433 2545 499 2602 et
533 2533 794 2623 oppida
838 2533 1292 2603 nihilominus
1327 2533 1603 2622 saepius
1636 2535 2106 2623 percurrebat,
2137 2556 2296 2603 cum
2341 2545 2578 2602 sancto

19 2624 24 2649 ³
92 2610 508 2715 illocomitatu
544 2621 1049 2710 discipulorum
1103 2642 1410 2701 suorum,
1456 2622 1577 2709 qui
1638 2644 1992 2709 nunquam
2053 2622 2336 2692 deerant
2386 2622 2578 2691 lateri

19 2734 22 2795 ζ
92 2720 225 2791 ejus.
256 2706 407 2789 Ibat,
442 2724 509 2779 et
547 2710 874 2800 erogabat
915 2709 1011 2777 vel
1056 2710 1343 2799 ingratis
1393 2709 1704 2781 coelestis
1747 2712 1950 2781 tritici
1990 2733 2406 2781 mensuram.
2445 2715 2575 2780 Nec

90 2788 397 2867 vehebatur
426 2819 636 2886 equo,
687 2798 801 2867 sed
849 2798 1052 2889 pedes
1102 2799 1281 2880 ibat,
1325 2813 1389 2868 et
1441 2801 1506 2867 in
1562 2800 1687 2869 hoc
1738 2801 1960 2870 virum
1997 2822 2069 2870 se
2109 2799 2568 2890 Apostolicum

18 2916 22 2970 j
84 2880 354 2967 ¹tttfflans.
402 2893 577 2957 ,Iesu
610 2888 816 2959 bone.
868 2899 1125 2973 quanta
1177 2909 1421 2977 passus
1468 2901 1569 2958 est
1633 2911 1754 2979 pro
1814 2889 2087 2959 nomine
2141 2901 2256 2958 tuo
2294 2888 2582 2958 bellator

18 2982 26 2993 ’
106 2974 274 3042 Utin
308 2974 467 3045 filiis
502 2975 912 3045 sceleratis?
960 2980 1224 3057 Quanta
1267 2978 1595 3046 sustinuit
1645 2977 1731 3046 ab
1787 2978 1894 3046 his
1943 2978 2135 3078 ipsiS,
2180 2977 2460 3079 quibuS,
2516 2990 2581 3045 et

30 3072 31 3075 ’
108 3062 452 3148 pm'quibus
485 3065 901 3151 loquebatur
933 3065 1110 3133 bona
1147 3064 1532 3147 ubst-Quis
1563 3065 1770 3155 digne
1803 3079 2162 3167 exprimat,
2202 3088 2270 3134 in
2303 3067 2581 3153 quantis

94 3160 335 3233 vexatus,
371 3154 634 3239 quibus
669 3154 953 3223 affectus
981 3153 1068 3222 sit
1099 3154 1560 3234 contumeliis,
1598 3155 1852 3241 quibus
1887 3155 2161 3245 injuriis
2196 3154 2574 3229 lacessitus

19 3267 20 3324 j
168 3237 307 3307 oties
350 3240 650 3312 lassatus
702 3241 925 3310 inedia
962 3297 976 3321 ,
1016 3242 1306 3328 quoties
1354 3242 1647 3312 afflictus
1698 3243 1762 3311 in
1818 3242 2068 3332 frigore
2113 3257 2178 3313 et
2228 3243 2582 3312 nuditate?

19 3351 20 3354 ¹
88 3322 339 3396 Attamen
368 3352 522 3398 cum
563 3330 696 3411 his,
733 3331 851 3418 qui
887 3330 1180 3400 oderunt
1231 3353 1491 3420 pacem,
1529 3346 1671 3401 erat
1708 3332 2063 3423 pacificuS,
2105 3332 2370 3401 instans
2399 3331 2581 3398 nihi-

22 3440 27 3447 ·
90 3404 344 3507 luminus
385 3433 798 3508 opportune,
857 3420 1271 3509 importune.
1326 3420 1870 3511 BlasphematuS.
1905 3420 2342 3490 obsecrabat:
2400 3420 2580 3505 inju-

22 3527 31 3537 ·
94 3510 288 3600 flatus,
334 3510 723 3608 opponebat
772 3523 1042 3577 scutum
1101 3509 1485 3596 patientiae,
1523 3523 1586 3578 et
1621 3510 1931 3579 vincebat
1971 3511 2039 3578 in
2077 3509 2255 3579 bono
2289 3507 2575 3576 malum.

94 3586 302 3667 Quidni
330 3597 644 3666 vicisset?
671 3597 1124 3666 Perseveravit
1159 3597 1468 3686 pulsam,
1507 3609 1571 3667 et
1602 3599 1979 3669 secundum
2020 3598 2571 3687 promissionem,

96 3677 318 3777 tandem
374 3684 750 3772 aliquando
811 3686 1111 3775 pulsanti
1161 3700 1470 3775 apertum
1532 3700 1654 3755 est.
1723 3687 2075 3768 Quomodo
2125 3697 2386 3775 poterat
2444 3705 2573 3753 non

96 3781 269 3864 sequi,
314 3773 486 3858 quod
528 3775 777 3844 veritas
811 3775 1421 3865 praenunciaverat
1472 3779 1930 3845 secuturum?
1976 3780 2254 3844 Dextera
2307 3774 2576 3843 Domini

100 3846 221 3952 lectt
262 3859 589 3944 virtutem,
628 3863 793 3949 quia
832 3885 909 3931 os
962 3863 1225 3931 Domini
1277 3863 1579 3932 locutum
1631 3875 1731 3932 est
1783 3865 2150 3933 veritatem.
2195 3864 2405 3933 Cessit
2453 3860 2578 3930 du-

102 3952 258 4043 ntia,
306 3949 555 4035 quievit
604 3952 1002 4021 barbaries:
1055 3963 1120 4021 et
1167 3951 1416 4021 domus
1477 3973 1887 4041 exasperans
1922 4008 1936 4031 ‚
1995 3952 2323 4041 paulatim
2378 3950 2577 4019 leniri

19 4094 22 4122 ,
86 4044 313 4126 20981111,
372 4039 695 4127 paulatim
749 4040 1244 4129 correptionem
1296 4039 1688 4121 admittere,
1750 4041 2045 4128 recipere
2105 4040 2569 4130 disciplinam.

100 4116 263 4215 Fiunt
304 4124 381 4193 de
428 4127 650 4198 medio
697 4128 1095 4199 barbaricae
1144 4128 1351 4217 legeS,
1406 4133 1751 4196 Romanae
1783 4128 2337 4198 introducuntur.
2389 4130 2579 4197 Reci-

108 4220 343 4290 piuntur
383 4214 636 4303 ubique
686 4216 1193 4287 Ecclesiasticae
1233 4216 1791 4295 consuetudines,
1830 4217 2209 4286 contrariae
2255 4218 2579 4306 rejiciun-

110 4300 209 4361 tur.
242 4302 768 4373 Reaediflcantur
820 4306 1160 4387 basilicae,
1198 4304 1557 4372 ordinatur
1598 4303 1825 4371 clerus
1868 4304 1932 4372 in
1970 4303 2149 4374 illis:
2191 4325 2579 4375 sacramen-

114 4388 283 4452 torum
334 4392 446 4459 rite
479 4391 809 4462 solemnia
841 4393 1293 4462 celebrantur.
1334 4392 1801 4461 Confessiones
1839 4391 2033 4471 liunt,
2089 4393 2169 4460 ad
2216 4392 2573 4460 ecclesiam

82 1284 151 1358 de
186 1288 319 1357 suis
364 1287 861 1359 fructificarent
906 1289 1148 1360 officiis
1198 1291 1266 1359 in
1322 1290 1575 1380 populo
1628 1312 1942 1377 nequam.
1982 1296 2113 1360 Nec
2152 1291 2335 1360 enim
2375 1313 2440 1360 tn
2475 1313 2582 1360 ec·
2650 1371 2656 1378 ‚

2719 4492 2812 4545 ΑΓ
