2993 4837
525 295 650 358 264
1279 311 1357 356 na
1405 310 1461 357 s.
1515 307 1754 357 canobo
1803 307 2134 356 aoaaouao
2673 288 2817 353 NOV.
2855 291 2885 354 4
2935 266 2936 269 ¹

526 398 561 481 ξ
610 398 743 466 82.
800 394 1262 465 Concionandi
1311 415 1601 471 munus,
1662 392 1843 481 quod
1907 393 2357 483 praecipuum
2415 393 2706 482 Episcopi
2754 413 2887 470 esse,

439 483 871 554 Tridentinae
912 483 1168 574 Sffnodi
1214 483 1698 553 constitutione
1747 481 2136 570 judicatum
2188 482 2495 562 viderat,
2544 480 2806 552 studiose
2839 482 2892 550 in

440 572 682 661 primis
733 572 1081 663 suscepit;
1127 594 1205 641 ac
1256 571 1479 662 primo
1534 575 1811 652 Romae,
1865 583 1940 640 ut
1989 585 2092 640 est
2139 570 2692 647 demonstratum,
2729 592 2895 638 remo-

438 661 728 730 tioribus
778 661 944 731 locis
992 682 1138 730 sese
1203 661 1270 729 in
1320 682 1399 729 eo
1462 659 1786 729 exercuit.
1859 658 2222 729 Mediolani
2281 658 2529 728 deinde
2585 658 2799 728 sedens
2834 658 2895 727 ad

436 750 669 830 altare,
725 771 946 837 neque
993 749 1366 819 admodum
1410 748 1822 835 frequenter,
1868 749 2072 817 verba
2107 747 2305 829 secit;
2356 748 2573 817 donec
2613 747 2900 817 calamito-

435 838 710 908 sissimo
760 839 967 927 pestis
1016 851 1319 927 tempore
1368 838 1436 905 in
1489 850 1890 928 suggestum
1933 836 2302 907 ascendere
2332 892 2348 918 ,
2409 835 2901 924 frequentiusque

433 926 514 995 ad
581 926 911 1017 populum
979 927 1377 997 necessitate
1427 947 1599 1015 pene
1648 938 1949 1005 coactus,
2004 924 2229 1015 coepit
2284 926 2696 996 concionari.
2747 926 2902 995 Insti-

434 1029 651 1084 tutum
704 1037 974 1105 semper
1019 1015 1345 1105 deinceps
1392 1014 1650 1084 tenuit:
1704 1028 1770 1083 et
1814 1013 1997 1101 quod
2060 1014 2255 1084 initio
2314 1013 2783 1084 difficillimum
2821 1036 2906 1082 ex·

435 1103 845 1195 periebatur,
899 1127 1033 1174 usu
1122 1104 1405 1175 aulatim
1458 1102 1657 1172 facile
1703 1102 2078 1172 admodum
2130 1102 2261 1172 sibi
2314 1102 2634 1173 reddidit.
2675 1108 2815 1174 Cum
2855 1103 2904 1169 in

486 1192 729 1262 rivatis
763 1127 1197 1263 sermonillus
1244 1215 1324 1263 ex
1376 1190 1733 1282 praecipiti
1779 1191 2075 1279 quadam
2132 1193 2717 1281 pronunciatione,
2752 1191 2909 1260 verba

465 1294 821 1367 requenter
869 1282 1101 1351 minus
1147 1303 1468 1371 expressa
1519 1279 1883 1370 proferret,
1944 1280 2195 1349 mirum
2248 1279 2315 1348 in
2370 1281 2655 1351 modum
2702 1280 2761 1349 id
2802 1279 2909 1348 vitii

436 1369 711 1460 publice
771 1370 1008 1440 dicens
1076 1369 1493 1460 temperavit.
1550 1375 1624 1438 At
1685 1368 1877 1439 aliud
1948 1369 2107 1437 item
2177 1382 2322 1438 erat
2393 1369 2857 1460 impedimentu

435 1458 944 1546 quodammodo
999 1459 1447 1539 contrarium,
1501 1457 1678 1545 quod
1724 1480 1925 1557 aegre
1987 1458 2188 1527 verba
2245 1458 2657 1540 inveniebat,
2706 1457 2885 1547 quibu

437 1547 651 1616 animi
700 1547 806 1616 sui
839 1548 1317 1637 conceptiones
1349 1546 1763 1636 explicaret:
1820 1545 2027 1632 1dque
2073 1568 2152 1615 ea
2198 1546 2335 1615 fere
2382 1547 2467 1616 de
2496 1570 2758 1628 caussa,
2789 1546 2908 1632 quic

436 1636 796 1704 verborum
851 1648 1194 1705 momenta
1241 1635 1577 1725 singulari
1634 1634 1929 1723 quodam
1980 1634 2249 1723 judicio
2306 1635 2767 1726 ponderabat,
2816 1655 2882 1702 no

437 1724 684 1804 solum,
739 1736 813 1793 ut
851 1723 1030 1810 quod
1072 1724 1331 1793 volebat
1369 1724 1641 1815 proprie
1675 1722 2167 1815 significarent,
2211 1724 2394 1809 quod
2428 1725 2708 1811 quidem
2743 1724 2886 1811 mag‘

436 1834 801 1882 commune
834 1826 956 1893 est,
1003 1812 1115 1883 sed
1168 1814 1370 1882 etiam
1415 1827 1490 1881 ut
1531 1812 1856 1882 decorum
1905 1811 2250 1898 quoddam
2305 1813 2640 1884 haberent
2693 1813 2881 1883 hornia

435 1923 653 1983 sacro,
706 1914 770 1971 et
814 1902 1121 1972 Antistite
1153 1902 1471 1993 dignum,
1511 1902 1596 1971 de
1627 1923 1764 1989 quo
1805 1922 1938 1970 non
1977 1902 2047 1969 in
2082 1900 2423 1973 locutione
2457 1903 2708 1983 solum,
2742 1896 2873 1972 sed‘

434 1989 587 2063 aliis
634 1992 959 2061 omnibus
1006 1990 1313 2060 limatius
1361 1990 1530 2078 ipse,
1567 2012 1773 2077 quam
1812 1988 1928 2058 alii
1966 1990 2295 2079 plerique,
2332 1989 2597 2061 solebat
2621 1990 2882 2078 jndicare

433 2078 767 2167 exiguitas
815 2101 1087 2166 quoque
1136 2079 1460 2168 temporis
1510 2079 1591 2147 ad
1649 2078 2009 2170 legendum
2045 2133 2059 2159 ‚
2107 2079 2725 2167 meditandumque
2769 2074 2872 2147 dati

431 2182 575 2237 erat
633 2168 1174 2257 impedimento;
1232 2189 1451 2268 neque
1527 2168 1710 2236 enim
1786 2178 2046 2256 poterat
2108 2166 2196 2235 ab
2254 2169 2812 2258 occupationibus

433 2257 773 2342 tantisque
802 2257 1178 2335 districtus,
1219 2278 1467 2345 maJuS‚
1507 2277 1713 2343 quam
1750 2255 2213 2327 antecedentis
2247 2256 2385 2326 sere
2415 2260 2638 2329 noctis
2671 2254 2862 2348 spatiu

433 2345 514 2414 ad
554 2345 620 2413 id
658 2346 789 2415 sibi
838 2366 1131 2414 sumere.
1186 2349 1263 2414 In
1306 2344 1492 2415 hisce
1525 2343 2048 2414 difficultatibus
2077 2357 2143 2413 et
2178 2357 2486 2425 naturae,
2532 2361 2600 2416 et
2637 2341 2892 2416 muneri

434 2434 564 2504 sibi
631 2445 851 2503 tamen
905 2434 1472 2504 committendum
1540 2433 1823 2503 minime
1883 2433 2337 2516 existimavit,
2397 2449 2475 2505 ut
2536 2451 2674 2506 tam
2724 2454 2832 2525 gra

432 2534 656 2613 partes
690 2545 851 2592 suas
902 2522 1356 2609 relinqueret:
1410 2522 1592 2609 quod
1645 2523 1821 2592 sacri
1889 2523 2203 2593 nonnulli
2256 2525 2576 2594 homines
2622 2521 2914 2615 interdurn.

433 2624 819 2680 suaserunt.
873 2617 948 2680 At
989 2633 1141 2700 vero
1191 2634 1349 2681 cum
1400 2610 1483 2680 ad
1536 2633 1608 2680 se
1654 2611 2054 2681 concionem
2108 2623 2370 2682 tantum
2462 2616 2753 2685 ertinere
2775 2606 2871 2700 jud

430 2710 635 2779 caret,
688 2712 1023 2786 quantum
1065 2712 1130 2769 et
1163 2698 1558 2770 Tridentina
1592 2700 2009 2779 constituti0‚
2053 2711 2118 2768 et
2152 2702 2342 2778 ratio,
2447 2702 2766 2789 ivinaque
2798 2719 2858 2767 co

434 2787 739 2856 firmaret
787 2790 1199 2869 auctoritaS,
1256 2788 1578 2858 habilitas
1625 2788 1827 2857 etiam
1884 2802 2066 2857 tanta
2111 2802 2278 2870 erat,
2336 2803 2598 2860 tantum
2639 2805 2888 2880 persona

433 2875 753 2965 gravitas,
790 2890 853 2944 et
882 2876 949 2945 in
992 2876 1207 2954 vultu,
1245 2890 1571 2964 motuque
1600 2877 1789 2946 omni
1820 2877 2169 2958 sanctitas,
2205 2891 2669 2968 paternusque
2692 2877 2892 2948 animu

431 2964 734 3042 elucens,
780 2963 1138 3044 efficiebat,
1172 2975 1436 3035 tantum
1474 2987 1583 3034 res
1614 2966 1701 3034 ab
1735 2987 1812 3034 eo
1846 2966 2280 3037 sanctissime
2317 2990 2397 3037 ac
2430 2963 2918 3058 prudentissime

432 3053 651 3123 dictae
707 3053 1067 3134 valebant,
1135 3066 1208 3124 ut
1270 3052 1351 3122 ad
1417 3076 1575 3123 eum
1631 3053 1785 3123 licet
1845 3053 2083 3123 crebro
2131 3057 2654 3126 concionantem
2717 3068 2915 3140 magna

430 3155 863 3213 concurreret
914 3142 1306 3224 multitudO,
1363 3164 1539 3229 quae
1586 3142 1922 3212 dicentem
1965 3144 2414 3214 attentissime
2452 3144 2772 3222 audiret3
2817 3155 2916 3207 non

434 3231 632 3300 multi
657 3231 934 3318 quidem
974 3231 1260 3311 nobileS‚
1291 3230 1405 3300 sed
1445 3231 1493 3300 ii
1535 3254 1828 3318 quorum
1860 3231 2153 3302 debebat
2176 3232 2366 3303 salus
2400 3255 2549 3304 esse
2575 3230 2912 3323 carissima·

432 3325 505 3389 In
543 3342 622 3391 eo
661 3341 931 3410 genere,
985 3321 1165 3390 sicut
1213 3318 1384 3390 alias
1425 3342 1718 3410 semper,
1757 3319 2063 3390 facultati
2112 3344 2276 3391 suae
2327 3322 2559 3391 minus
2592 3322 2790 3390 etiam
2833 3328 2916 3382 tn-

431 3408 672 3490 buenS‚
716 3431 922 3497 quam
974 3408 1123 3498 ipsa
1164 3431 1272 3478 res
1312 3421 1676 3497 pateretur,
1730 3431 1878 3478 eam
1923 3409 2051 3478 sibi
2114 3410 2178 3478 in
2225 3409 2513 3479 dicendo
2564 3409 2912 3479 tenuitatem

430 3498 587 3568 usui
621 3520 768 3567 esse
799 3509 1038 3567 contra
1071 3497 1431 3566 elationem
1469 3497 1709 3578 animi,
1751 3496 2184 3586 nimiumque
2213 3521 2376 3590 erga
2410 3521 2480 3569 se
2513 3499 2741 3589 ipsum
2770 3511 2912 3564 arno·

433 3608 600 3668 rem,
653 3599 717 3655 et
756 3598 1111 3676 propterea
1163 3597 1425 3676 gratam
1470 3585 1774 3655 dicebat:
1818 3586 2282 3674 quoniamque
2321 3587 2621 3657 fructum
2673 3600 2912 3655 eorum.

431 3675 1109 3761 quantuluscumque
1148 3686 1347 3754 esset,
1406 3673 1676 3743 nolebat
1722 3674 2026 3764 deperdi,
2070 3676 2188 3762 qui
2238 3677 2508 3746 curioso
2555 3673 2910 3745 doctrinae,-

430 3776 788 3833 ornataeve
841 3763 1171 3834 orationis
1229 3762 1479 3844 studi0,
1535 3763 1897 3834 conciones
1944 3785 2115 3833 cura
2161 3776 2224 3833 et
2278 3766 2340 3833 vi
2397 3765 2532 3834 iliis
2579 3763 2917 3832 elaboratas

428 3866 807 3939 quaerunt:
861 3853 1373 3922 concionatores
1405 3874 1641 3921 eorum
1695 3852 1853 3921 item
1894 3874 2140 3922 caussa
2179 3787 2464 3922 curabat
2496 3852 2563 3921 in
2598 3874 2676 3922 eo
2714 3861 2918 3940 gene-re

428 3941 829 4012 excellentes
868 3941 1131 4011 haberi.
1176 3946 1329 4031 Ipse
1362 3939 1519 4010 aliis
1565 3953 1948 4020 contentus,
1988 3943 2153 4011 satis
2194 3942 2465 4011 interim
2501 3962 2625 4010 suo
2663 3953 2912 4035 munerf.

432 4030 677 4118 pioque
742 4029 1201 4119 plurimorum
1256 4028 1596 4098 desiderio
1663 4028 1996 4110 faciebat,
2049 4043 2113 4098 et
2160 4029 2445 4100 salutari
2496 4024 2915 4099 multitudnus

429 4117 657 4188 fructu
710 4118 1111 4208 potiebatur.
1178 4123 1255 4187 At
1301 4118 1481 4186 enim
1536 4118 1768 4187 divino
1823 4118 2121 4205 quodam
2175 4119 2446 4209 spiritu,
2511 4127 2764 4208 praeter
2806 4129 2914 4178 mo·

430 4227 597 4285 rem,
654 4207 992 4276 interdum
1045 4207 1245 4276 etiam
1304 4219 1566 4296 praeter
1616 4207 1960 4287 meditata,
2018 4207 2116 4275 sic
2166 4207 2547 4285 ferebatur,
2601 4218 2673 4273 ut
2715 4215 2913 4272 omnes

430 4306 884 4362 commoveret
933 4294 1390 4365 vehementer.
1446 4294 1537 4363 Ad
1588 4295 2086 4367 ecclesiasticos
2133 4308 2359 4365 autem
2400 4294 2703 4366 homines
2748 4283 2912 4386 verba

434 4380 689 4449 faciens
730 4404 885 4449 cum
933 4383 1075 4469 ipse
1114 4383 1389 4453 coelesti
1436 4383 1735 4470 quodam
1791 4383 2035 4453 ardore
2078 4384 2635 4470 inflammaretur,
2685 4378 2910 4448 dimna-5
