2993 4837
556 324 677 387 2194
1299 342 1375 386 nia
1425 341 1478 386 s.
1535 338 1773 386 canopo
1825 339 2154 386 noaaouao
2706 321 2853 387 Not.
2895 324 2922 386 l

465 427 732 505 comite,
798 437 1177 514 martyrum
1233 445 1305 494 se
1357 424 1551 494 ulcra
1608 435 1968 494 veneratus
2016 436 2138 492 est.
2178 429 2252 492 At
2302 424 2412 493 his
2461 424 2656 493 rebus
2701 425 2926 492 minime

468 514 758 595 usitatis,
811 534 961 582 eam
1019 527 1244 582 tamen
1346 512 1528 582 ivino
1576 511 1911 582 beneficio
1945 513 2281 603 praestitit
2329 511 2752 591 modestiam,
2803 512 2930 581 cha·

464 606 729 673 ritatem
765 616 829 670 et
877 603 1305 684 suavitatem,
1346 624 1563 688 eaque
1613 600 1846 671 itidem
1885 623 2058 671 usus
2091 615 2192 670 est
2236 600 2620 690 prudentia,
2653 615 2743 681 ut,
2773 601 2930 669 etiam

462 692 583 780 qui
631 691 992 761 alieniores
1050 690 1502 770 videbantur,
1555 691 1861 770 amicos·‚
1934 689 2432 777 benevolosque
2483 690 2614 760 sibi
2656 688 2930 767 redderet,

462 781 923 866 omnibusque
962 779 1401 849 satisfaceret.
1455 777 1874 859 CardinaleS,
1929 780 2120 870 Regii
2173 779 2416 870 legati,
2462 778 2742 849 civitatis
2787 778 2934 847 Prin·

462 871 673 959 cipes,
734 868 1111 949 Praesules‚
1155 870 1308 955 ejus
1362 867 1975 948 consuetudinem,
2030 890 2341 938 mensam
2389 880 2456 937 et
2507 866 2932 957 disciplinam,

463 980 597 1028 non
635 956 856 1028 solum
908 957 994 1026 ab
1041 980 1120 1027 eo
1179 957 1442 1026 invitati
1493 978 1627 1027 non
1686 955 2159 1048 defugiebant,
2228 955 2344 1026 sed
2396 971 2710 1115 affictere
2749 956 2932 1029 etiam.

464 1068 934 1136 magnumque
997 1047 1264 1136 pietatis
1311 1045 1612 1116 fructum
1664 1044 1825 1115 inde
1894 1047 2242 1135 percipere
2292 1045 2444 1115 vide
2542 1058 2717 1114 ntur.
2761 1049 2941 1129 Neque

461 1158 618 1205 vero
665 1134 926 1204 aditum
977 1134 1061 1205 ad
1124 1134 1339 1205 multa
1393 1156 1511 1225 pro
1563 1156 1634 1205 se
1690 1135 2031 1221 rebusque
2077 1134 2226 1206 suis
2273 1133 2703 1204 conficienda
2749 1133 2936 1202 diffici-

464 1224 593 1294 lem
642 1224 901 1305 habuit,
953 1246 1129 1311 quae
1164 1224 1434 1313 magnis
1495 1223 2008 1313 impedimentis
2056 1223 2140 1293 ad
2203 1222 2271 1292 id
2342 1238 2616 1313 tempus
2662 1245 2775 1292 sus
2853 1244 2925 1288 n

464 1313 888 1383 tenebantur.
946 1318 1218 1382 Decreta
1262 1310 1541 1382 concilii
1572 1325 1814 1400 quarto
1865 1311 2010 1381 loco
2049 1334 2205 1381 cum
2246 1313 2606 1402 Episcopis
2647 1310 2781 1380 cele
2827 1310 2934 1387 rati,

462 1425 632 1471 cum⁴
682 1415 754 1471 ut
812 1400 1137 1482 diximus,
1165 1400 1320 1558 gam
1385 1401 1509 1471 diu
1556 1402 2016 1490 agitarentur3
2078 1401 2224 1490 ipse
2275 1423 2503 1471 rerum
2558 1400 2924 1501 singularun

462 1492 789 1561 rationem
828 1490 919 1559 ita
968 1490 1155 1559 reddi
1215 1490 1432 1573 it3'ita
1479 1512 1655 1577 quae
1704 1512 1824 1560 sua
1881 1502 2061 1559 esset
2106 1489 2518 1560 decernendi
2567 1504 2759 1568 ratio,

461 1601 768 1661 caussae,
819 1600 995 1666 quae
1042 1601 1199 1668 spes
1245 1578 1624 1666 exequendi
1674 1577 2186 1659 demonstravit,
2232 1592 2308 1649 ut
2345 1579 2581 1648 omnia
2628 1577 2878 1656 fuerint,
2906 1601 2938 1635 ιι

457 1667 734 1756 quidem
786 1668 1007 1737 amico
1059 1667 1256 1755 plane
1303 1668 1538 1737 animo
1587 1667 1867 1737 demum
1920 1668 2388 1756 comprobata,
2445 1690 2573 1736 nec
2615 1690 2696 1738 ea
2741 1665 2829 1736 sol
2886 1696 2937 1742 ι»,

460 1756 574 1826 sed
625 1779 800 1844 quae
850 1757 1003 1824 item
1040 1756 1106 1824 in
1139 1756 1378 1844 quinto
1415 1778 1637 1846 nuper
1670 1755 1940 1825 fuerant
1969 1757 2362 1837 constituta,
2414 1778 2559 1843 qua
2605 1756 2865 1844 quidem
2920 1797 2938 1810 -·

458 1867 529 1914 re
576 1844 1038 1925 conficienda,
1107 1846 1500 1933 rationeque
1575 1844 1919 1914 reddenda
1969 1846 2237 1914 Antonii
2315 1851 2613 1915 Senecae
2682 1841 2888 1914 Mediol

459 1934 692 2003 nensis
738 1933 1062 2005 ecclesiae
1113 1935 1377 2014 Decani,
1432 1948 1496 2003 et
1540 1934 1605 2003 in
1654 1957 1733 2002 ea
1785 1933 2151 2023 disciplina
2202 1933 2322 2002 diu
2381 1935 2733 2004 exercitati
2788 1954 2880 2021 op·
2912 1933 2935 1962 '‘

459 2022 751 2092 multum
791 2045 959 2093 usus
987 2035 1109 2092 est.
1144 2023 1323 2093 Illud
1367 2023 1637 2112 insigne
1672 2022 1819 2103 fuit,
1865 2027 1993 2093 Gre
2043 2024 2267 2092 orium
2306 2023 2534 2112 ipsum
2578 2035 2760 2092 tanta
2789 2041 2923 2091 occu

460 2113 811 2201 pationum
872 2112 1382 2181 Pontificiarum
1436 2112 1784 2202 gravitate,
1842 2116 2075 2182 Caroo
2139 2125 2364 2182 tamen
2416 2112 2482 2180 id
2535 2112 2841 2190 dedisse,
2901 2139 2907 2160 ¹

456 2201 685 2270 omnia
742 2201 966 2287 quarti
1016 2200 1289 2270 concilii
1339 2199 1609 2271 decreta
1651 2200 1797 2290 ipse
1854 2201 2127 2302 legeret,
2181 2214 2384 2287 atque
2435 2208 2912 2296 recognosceret

456 2313 612 2359 cum
667 2288 797 2358 alia
838 2302 1181 2378 praeterea
1218 2289 1433 2358 multa
1480 2288 1745 2369 audire,
1789 2290 2240 2376 judlrareque
2296 2311 2572 2358 necesse
2635 2291 2937 2383 habuerit·

460 2378 544 2448 de
596 2378 799 2465 rebus
849 2378 1141 2447 civitatis
1189 2392 1253 2448 et
1313 2378 1700 2467 provinciae
1748 2378 2305 2459 Mediolanensis‚
2355 2378 2442 2448 de
2489 2378 2795 2466 querelis
2826 2375 2874 2445 ci
2922 2424 2929 2429 -

458 2469 613 2537 tatis
649 2467 923 2536 nomine
971 2467 1247 2551 habitis3
1302 2467 1385 2536 de
1418 2466 2060 2548 administrationis,
2105 2481 2307 2554 atque
2339 2468 2508 2536 adeo
2561 2469 2739 2537 vitae
2780 2464 2937 2556 ipsi

457 2557 756 2626 ratione:
809 2556 1036 2624 omnia
1090 2557 1269 2624 enim
1326 2556 1597 2645 publica
1648 2571 1711 2626 et
1763 2557 2019 2645 privata
2060 2556 2423 2645 diligenter
2470 2556 2556 2624 ad
2603 2579 2762 2626 eum
2798 2560 2867 2622 lla
2906 2582 2933 2640 ¹:

458 2644 567 2713 lus
620 2658 964 2730 tamquam
1017 2643 1101 2712 ad
1170 2659 1423 2734 patrem
1478 2644 1842 2714 deferebat.
1899 2647 2049 2734 Egit
2104 2646 2304 2715 etiam
2363 2645 2448 2714 de
2505 2641 2938 2739 communibg

456 2755 690 2801 sacrae
724 2732 1230 2817 jurisdictionis
1284 2734 1572 2815 caussis,
1627 2756 1798 2821 quas
1837 2734 2209 2804 Alcannisii
2262 2735 2587 2816 MarchiO,
2633 2757 2789 2804 cum
2834 2730 2919 2798 ali

455 2821 889 2910 adjutoribus
946 2843 1026 2890 ex
1074 2821 1283 2891 altera
1349 2835 1536 2912 parte
1582 2823 1862 2911 agebat:
1918 2823 2033 2892 sed
2098 2845 2202 2892 res
2268 2845 2423 2892 cum
2487 2838 2675 2893 esset
2725 2823 2908 2909 majo

454 2923 585 2978 tem
643 2911 803 2988 oris,
869 2909 1379 2997 multorumque
1436 2934 1673 2980 curam
1719 2925 1922 2999 atque
1970 2935 2008 2980 o
2062 2934 2247 2981 eram
2299 2911 2770 2990 desideraret,
2819 2930 2938 2977 nna*

453 3021 575 3067 con
607 2999 835 3067 ‘ectum
888 3012 1008 3066 est.
1066 2998 1279 3069 Caroli
1332 3015 1474 3069 acta
1523 3001 1822 3070 Pontifex
1867 2934 2163 3089 pubiicis
2211 2999 2509 3087 querelis
2561 3002 2880 3102 impugna

451 3088 941 3176 comprobavit,
984 3087 1444 3158 moderatione
1494 3101 1718 3158 tamen
1787 3089 2117 3159 nonnulla
2177 3088 2597 3176 quibusdam
2671 3114 2737 3157 in
2793 3086 2938 3156 rebu‘

451 3177 936 3245 demonstrata.
996 3181 1228 3263 Itaque
1279 3200 1638 3267 suspensa,
1695 3177 1792 3245 vel
1833 3179 2220 3247 intermissa
2272 3177 2551 3247 Carolus
2590 3177 2844 3266 perfici,
2910 3202 2938 3227 2--

453 3267 766 3335 novarive
817 3264 1212 3346 Mediolani,
1277 3266 1531 3355 jussit,
1604 3288 1722 3356 per
1781 3266 2131 3337 Nicolaum
2185 3266 2528 3336 Galerium
2587 3266 2916 3360 Patavina„

450 3356 859 3423 canonicum
931 3354 1628 3442 etjurisconsultum3
1681 3377 1817 3443 quo
1859 3355 2135 3442 quidem
2200 3355 2529 3444 gravibus
2578 3356 2648 3423 in
2707 3365 2931 3443 negoti!

451 3444 1016 3530 muneribusque,
1060 3456 1191 3513 toto
1224 3443 1720 3513 ecclesiasticae
1769 3443 2388 3514 administrationis
2436 3466 2604 3513 suae
2659 3458 2786 3513 tem
2837 3458 2922 3508 ore

446 3555 619 3603 usus
667 3546 788 3613 est,
845 3545 1007 3601 tunc
1046 3547 1271 3602 autem
1323 3531 1709 3622 generalem
1758 3554 1921 3602 suae
1988 3532 2334 3622 potestatis
2383 3533 2734 3602 Vicarium
2825 3526 2911 3598 ed

447 3634 587 3700 rat;
645 3642 899 3710 perque
935 3627 1269 3691 Joannem
1336 3626 1707 3691 Fontanam
1777 3622 2225 3691 Mutinensem
2260 3676 2275 3703 ‚
2330 3643 2517 3690 nunc
2573 3622 2930 3711 Episcopu,

446 3710 987 3779 Ferrariensem:
1048 3732 1251 3798 quem
1312 3710 1995 3800 Archipresbyterum
2063 3709 2392 3780 ecclesiae
2463 3709 2938 3779 Mediolanens-

444 3798 714 3879 secerat,
768 3811 832 3869 et
871 3821 949 3867 eo
986 3812 1286 3888 tempore
1323 3799 1728 3887 primarium
1779 3821 1946 3869 suae
1975 3799 2495 3890 gubernationis
2545 3798 2830 3868 babebat
2857 3787 2921 3861 ad

443 3887 868 3957 ministrum.
924 3893 1021 3957 Ita
1063 3886 1146 3956 de
1195 3888 1609 3976 spectaculis
1656 3888 1878 3958 edicta
1924 3910 2169 3957 rursus
2213 3889 2541 3977 proponi;
2593 3885 2933 3978 saltation

440 3978 736 4046 coerceri
772 3999 786 4057 ;
840 3976 1169 4048 festorum
1223 3976 1493 4047 dierum
1523 3976 1786 4047 cultum
1822 3978 2236 4056 conservari;
2272 3977 2530 4064 januae
2557 3976 2627 4044 in
2670 3973 2909 4071 ecclesi

443 4087 594 4134 rum
650 4066 977 4136 lateribus
1025 4065 1299 4137 clausae
1350 4066 1610 4151 baberi;
1649 4066 1783 4135 alia
1833 4065 2253 4144 confirmari,
2290 4087 2468 4153 quae
2502 4066 2570 4134 in
2604 4065 2936 4134 discrimen

439 4153 733 4224 adducta
772 4170 989 4236 erant,
1038 4177 1289 4247 magna
1325 4156 1594 4241 piorum
1630 4155 1940 4225 omnium
1966 4154 2405 4244 jucunditate
2454 4163 2831 4244 coeperunt.
2869 4150 2935 4242 Da

440 4241 918 4314 saltationibus
984 4266 1140 4314 cum
1201 4244 1475 4334 legisset
1523 4243 1823 4314 Pontifex
1895 4243 2249 4324 libellum,
2305 4246 2391 4314 ab
2451 4265 2589 4313 uno
2634 4265 2712 4311 ex
2757 4230 2936 4308 Caroli

442 4330 775 4400 ministris
807 4355 883 4401 eo
937 4346 1237 4422 tempore
1276 4334 1785 4422 conscriptum,
1840 4333 2394 4402 constitutionem
2453 4329 2818 4421 generalem
2871 4319 2934 4386 d<²

440 4419 524 4488 iis
575 4418 827 4505 ubique
882 4421 1048 4490 festo
1109 4421 1218 4490 die
1276 4422 1552 4511 penitus
1599 4421 2091 4492 interdicendis
2165 4421 2723 4512 promulgaturus
2771 4424 2928 4484 erat}
