2993 4837
516 330 643 394 482
1273 348 1351 393 nc
1400 349 1456 394 s.
1511 346 1752 396 canoro
1802 346 2132 395 nonnoimo
2691 329 2844 396 Nov.
2885 333 2930 397 t.

429 432 800 521 praecipuo
839 432 904 499 in
937 430 1276 510 Carolum‚
1311 431 1741 520 patriamque
1774 454 2028 512 amore,
2060 431 2538 521 gratulationis
2569 437 2794 502 caussa
2820 439 2921 501 Me·

427 520 783 589 diolanum
848 520 1071 598 venit,
1124 534 1191 589 et
1237 520 1321 589 de
1380 534 1710 611 suggestu
1771 522 2172 590 concionem
2222 523 2292 590 in
2341 521 2622 591 ecclesia
2675 524 2922 607 majore,

431 621 784 698 praesente
817 609 1074 685 Carolo,
1129 609 1594 679 Gubernatore
1643 609 2287 699 Magistratibusque
2335 610 2418 679 ad
2477 610 2787 699 populum
2835 611 2930 679 lia-

434 698 579 767 buit
613 720 776 769 sane
831 698 1012 785 piam
1063 710 1127 766 et
1177 697 1596 767 luculentam
1609 749 1742 767 .....

1377 916 1622 982 LIBER
1670 916 2024 996 QUINTUS

515 1058 552 1141 ξ
598 1058 737 1127 Μ.
794 1058 956 1123 Cum
996 1075 1103 1124 res
1139 1065 1364 1125 tantas
1392 1053 1676 1123 Carolus
1707 1054 2074 1155 gessisset,
2132 1054 2449 1136 restabat,
2488 1066 2564 1123 ut
2608 1054 2735 1144 piis
2780 1076 2818 1144 p
2864 1081 2905 1112 -=

427 1143 585 1213 miis
614 1143 1019 1223 afficeretur,
1054 1165 1231 1231 quae
1271 1143 1863 1232 praestantissimo
1895 1143 2171 1229 cuique,
2209 1164 2292 1212 ex
2338 1143 2425 1212 iis
2461 1144 2584 1231 qui
2633 1142 2917 1212 christu

430 1244 858 1320 sequuntur,
920 1231 989 1299 in
1050 1232 1247 1303 terris
1301 1231 1582 1319 quidem
1642 1244 1803 1302 sunt
1855 1231 2363 1321 exspectanda3
2416 1231 2595 1311 dico,
2650 1243 2723 1301 ut
2769 1229 2906 1300 var'‘

425 1342 671 1392 rursus
706 1320 1038 1390 molestiis
1069 1320 1697 1407 acerbitatibusque
1734 1333 2180 1410 premeretur.
2221 1319 2297 1389 Id
2337 1342 2499 1391 cum
2534 1320 2846 1391 Diabolus
2901 1344 2902 1347 ¹

425 1409 943 1500 impediendum
1003 1431 1373 1480 commune
1421 1408 1667 1481 salutis
1715 1409 2066 1500 negotium
2117 1431 2393 1498 semper
2444 1423 2687 1490 curet,
2737 1430 2897 1479 sae·-

426 1520 714 1568 numero
760 1499 966 1568 etiam
1020 1498 1354 1568 Dominus
1403 1497 1773 1588 permittit,
1831 1520 1914 1567 ne
1961 1519 2111 1568 sese
2171 1497 2377 1567 homo
2419 1519 2675 1589 magno
2727 1497 2864 1567 salu
2900 1541 2913 1552 ·-

425 1588 734 1678 periculo
782 1587 1058 1667 efferat,
1129 1599 1195 1656 et
1249 1607 1329 1656 eo
1392 1586 1722 1674 majorem
1792 1586 2052 1678 gloriae
2117 1587 2499 1656 mercedem
2566 1587 2849 1677 accipiat
2885 1585 2903 1646 ἰ

422 1676 612 1745 coelo
644 1730 659 1757 ,
714 1698 849 1763 quo
898 1675 1332 1766 gravioribus
1392 1677 1461 1743 in
1534 1688 1712 1745 terra
1771 1674 2170 1764 perfunctus
2230 1689 2332 1746 est
2395 1676 2726 1764 periculis
2771 1673 2879 1745 etl

424 1765 735 1835 boribuS.
790 1764 1007 1833 Caroli
1042 1786 1150 1835 res
1182 1764 1392 1854 pestis
1440 1768 1689 1834 caussa
1736 1777 1983 1854 gestas,
2035 1775 2424 1853 praesentes
2471 1766 2917 1851 absentesque

425 1853 474 1921 ii
507 1874 783 1940 quoque
829 1853 948 1940 qui
1002 1853 1197 1923 initio
1245 1854 1313 1922 in
1355 1852 1593 1922 multis
1630 1853 2141 1932 dissenserant,
2197 1853 2450 1925 divinis
2502 1853 2825 1924 laudibus
2861 1885 2905 1896 ··

429 1941 782 2022 tulerunt,
835 1953 900 2011 et
947 1963 1120 2030 pene
1167 1964 1247 2011 ex
1294 1941 1560 2011 ultimis
1607 1943 1829 2022 terriS,
1881 1942 2084 2012 etiam
2137 1942 2364 2031 regiae
2413 1942 2669 2013 missae
2707 1942 2816 2012 fue
2862 1973 2869 1998 ·

425 2030 962 2122 gratulationes3
1017 2031 1224 2099 alieni
1275 2030 1613 2110 homines,
1671 2053 1749 2099 ac
1802 2029 2112 2101 malevoli
2148 2032 2362 2100 coacti
2398 2044 2564 2101 sunt
2598 2031 2704 2101 vel
2738 2031 2905 2104 obm:

426 2133 705 2200 tescere‚
752 2119 850 2188 vel
899 2121 1187 2209 probare
1238 2118 1478 2189 multa.
1536 2119 1661 2189 Sed
1713 2141 1849 2189 non
1900 2119 2052 2189 ideo
2101 2131 2326 2189 tamen
2381 2140 2515 2189 non
2571 2120 2805 2199 fuere,
2858 2149 2899 2176 ι’

426 2208 762 2298 proximis
811 2209 1015 2277 annis
1060 2208 1357 2290 duobus,
1413 2208 1764 2299 negotium
1806 2208 1868 2277 ei
1899 2208 2178 2299 gravius
2224 2208 2427 2278 etiam
2480 2221 2546 2278 et
2596 2208 2879 2279 molesti

423 2318 631 2384 quam
684 2309 886 2367 antea
920 2297 1128 2367 variis
1175 2296 1261 2365 de
1311 2297 1516 2367 rebus
1563 2296 2019 2377 facesserent,
2071 2318 2151 2366 ac
2199 2296 2286 2366 ob
2334 2318 2415 2365 ea
2452 2296 2607 2387 ipsa
2657 2320 2829 2386 quae
2870 2319 2921 2356 ··

425 2386 766 2457 stilentiae
798 2385 1048 2456 caussa
1078 2384 1348 2468 fecerat,
1402 2385 1719 2456 criminis
1750 2385 2008 2474 aliquid
2047 2385 2429 2457 invenirent
2459 2385 2542 2456 ad
2585 2385 2891 2457 Pontifica

425 2475 827 2567 Gregorium
880 2474 1352 2545 deferendum.
1408 2475 1628 2566 Igitur
1673 2476 2123 2557 Gubernator,
2162 2475 2284 2563 qui
2324 2475 2465 2563 jam
2510 2476 2680 2546 inde
2710 2475 2793 2546 ab
2827 2475 2897 2563 ej

420 2565 537 2633 cui
585 2576 1007 2634 successerat
1053 2575 1380 2652 tempore,
1437 2564 1742 2635 alienum
1813 2587 1854 2634 a
1910 2563 2145 2634 Carolo
2209 2564 2520 2634 animum
2578 2577 2848 2656 propter
2894 2610 2913 2631 -.

421 2674 598 2739 quae
634 2665 776 2721 tum
827 2651 1228 2722 acciderunt
1274 2652 1603 2723 habuisse
1650 2652 2010 2722 videbatur
2037 2706 2053 2731 ,
2108 2653 2213 2722 vix
2252 2652 2473 2722 morbi
2519 2654 2817 2725 sublatis
2846 2674 2925 2720 ιιι·

422 2740 858 2826 pedimentis,
885 2740 1393 2829 jurisdictionis
1421 2741 1922 2812 ecclesiasticae
1957 2741 2307 2843 negotium
2341 2742 2723 2813 instaurari
2755 2764 2836 2812 cu
2878 2770 2901 2799 :2

423 2835 713 2900 Senatus
764 2829 1041 2898 nomine
1104 2834 1387 2899 Romam
1438 2852 1517 2900 ea
1580 2830 1667 2899 de
1716 2852 1786 2900 re
1836 2830 2011 2899 mitti
2051 2830 2251 2919 Jubet
2281 2853 2305 2918 ;⁸
2350 2829 2664 2902 delectus
2722 2842 2818 2902 est
2856 2828 2923 2897 J

419 2918 637 2987 cobus
668 2917 1004 2987 Ricardus
1024 2918 1572 3008 jurisconsultus
1615 2919 1992 2989 Laudensis
2016 2973 2031 3000 ,
2074 2940 2261 2989 nunc
2289 2922 2578 2990 Senatus
2616 2918 2905 2990 Mediola

422 3012 721 3087 Praese8‚
770 3007 971 3097 cujus
1021 3008 1382 3087 virtutem,
1436 3008 1866 3098 diligentiam
1919 3008 2405 3095 studiumque,
2458 3030 2621 3078 cum
2670 3009 2832 3100 regii

419 3096 562 3186 gati
605 3097 1013 3184 probarent,
1073 3097 1618 3184 modestiamque
1665 3118 1960 3185 quoque,
2013 3110 2080 3167 et
2126 3096 2454 3166 adversus
2502 3099 2821 3169 Carolum

421 3185 788 3254 verentiam
842 3185 974 3274 ipsi
1024 3206 1297 3273 quoque
1346 3184 1568 3256 Caroli
1618 3199 2096 3276 procuratores
2145 3185 2545 3255 laudabant.
2601 3192 2693 3256 Ac

419 3273 556 3344 fere
603 3285 907 3361 tempore
956 3275 1140 3343 venit
1185 3297 1224 3343 a
1275 3279 1454 3365 Rege
1520 3274 1773 3344 missus
1832 3296 1912 3344 ex
1973 3275 2307 3363 Hispania
2373 3274 2680 3345 Marchio
2737 3275 2899 3345 Alea

420 3363 619 3443 nisii,
681 3362 780 3431 vir
831 3362 1137 3453 prudens
1182 3376 1248 3432 et
1295 3363 1452 3452 pius
1482 3417 1498 3444 ‚
1551 3363 1669 3451 qui
1722 3363 1843 3432 diu
1882 3364 2028 3453 jam
2078 3364 2389 3433 omnium
2421 3363 2608 3450 juris
2657 3361 2902 3434 ecclesi

418 3451 569 3521 stici
619 3452 1236 3522 controversiarum
1289 3454 1536 3523 caussa
1582 3454 2129 3541 exspectabatur,
2158 3473 2335 3539 quae
2374 3453 2443 3521 in
2495 3452 2658 3523 aliis
2705 3471 2873 3541 quoq
2923 3492 2925 3495 ·

420 3553 617 3610 erant
667 3541 871 3630 Regis
920 3540 1292 3630 provinciis
1339 3540 1423 3609 de
1471 3563 1608 3628 quo
1660 3541 1970 3630 principe
2021 3541 2165 3611 viro
2215 3540 2560 3611 silendum
2615 3563 2751 3611 non
2793 3537 2905 3606 vid

421 3640 580 3709 tur,
637 3628 796 3699 licet
846 3628 1102 3718 regiam
1161 3651 1476 3699 caussam
1543 3643 1739 3699 caute
1813 3652 1894 3699 ac
1951 3629 2318 3719 diligenter
2379 3651 2417 3699 e
2466 3630 2641 3710 erit,
2715 3628 2844 3718 opti
2918 3640 2937 3681 ε’·

417 3730 641 3787 tamen
680 3718 938 3799 anim0,
992 3740 1402 3806 summaque
1449 3720 1882 3788 observantia
1933 3719 1999 3787 in
2053 3718 2371 3788 Carolum
2437 3720 2666 3789 uisse:
2713 3737 2857 3787 nam
2900 3742 2911 3771 ·-

416 3829 453 3874 a
503 3813 684 3897 Rege
737 3806 1016 3896 plurimi
1069 3806 1265 3877 illum
1318 3807 1465 3876 fieri
1514 3806 1859 3877 affirmare
1895 3807 2182 3886 solebat,
2220 3806 2650 3895 stultumque
2688 3804 2938 3878 omniun.

416 3916 565 3965 esse
613 3895 839 3984 palam
894 3917 1165 3984 semper
1201 3895 1639 3986 praedicavit,
1688 3895 1772 3965 de
1804 3897 2027 3986 ipsius
2061 3907 2287 3966 mente
2332 3896 2712 3984 quidquam
2745 3918 2780 3964 a
2810 3910 2912 3960 san

416 3985 644 4053 ctitate
703 3984 1005 4054 alienum
1068 3985 1432 4086 suspicari.
1487 3990 1724 4072 Itaque
1792 3985 2099 4086 Gregorii
2148 3990 2339 4054 Pont.
2389 3986 2597 4074 jussu
2657 3977 2935 4054 nonnul

417 4072 832 4153 CardinaleS,
889 4072 1053 4142 viris
1099 4074 1255 4143 aliis
1301 4073 1793 4145 eruditissimis
1840 4073 2219 4165 adjunctiS,
2274 4094 2413 4143 rem
2467 4085 2674 4144 totam
2720 4092 2895 4161 cogn·

416 4160 738 4231 scendam
790 4174 1265 4252 susceperunt.
1322 4163 1448 4233 Sed
1488 4162 1576 4232 ad
1617 4163 1942 4253 pristinas
1990 4184 2274 4233 caussas
2331 4161 2494 4232 addi
2544 4162 2902 4232 Gubernato

406 4249 620 4340 Jussit
654 4262 986 4320 recentem
1023 4250 1108 4321 de
1136 4251 1523 4341 pestilentia
1553 4251 1900 4339 querelam
1930 4305 1947 4331 ,
1985 4251 2166 4340 quod
2198 4251 2282 4320 de
2315 4251 2530 4322 sacris
2563 4246 2930 4321 bominibus

413 4411 992 4506 zssupaztcicongitcarolus,
1014 4415 1099 4461 qui
1119 4417 1232 4461 tum.
1250 4414 1441 4464 hospitii
1464 4414 1622 4460 causa.
1641 4415 1702 4456 ad
1727 4413 1880 4465 ignem
1905 4416 2270 4465 aliquantulum,
2296 4413 2608 4456 familiaribus
2642 4414 2737 4454 suls
2764 4413 2914 4457 stupen-

439 4476 451 4505 ι
550 4494 560 4510 ,
783 4491 794 4501 .
