2993 4837
1474 204 1503 229 ρ

62 317 211 383 NOV.
259 319 283 381 t
424 337 501 382 ns
547 334 642 383 ss.
689 333 1002 382 cassino
1052 332 1218 381 nuc.
1264 333 1339 380 m·
1384 332 1651 380 summo
1700 334 1993 382 rausum.
2047 335 2160 381 uu.
2389 318 2474 383 25

59 431 311 489 mortem
359 419 588 507 patris,
638 419 832 489 misit
877 416 1172 500 militeS‚
1216 418 1333 506 qui
1387 429 1693 488 tenerent
1745 418 2028 489 Felicem
2092 420 2560 510 presbyterum

58 521 107 577 et
140 508 491 579 Eusebium
543 507 991 587 monachum,
1047 528 1297 594 eosque
1333 506 1399 575 iu
1436 505 1663 577 forum
1714 507 1784 576 in
1829 507 2067 598 populi
2116 521 2559 600 conspectum

56 598 487 686 perducerent.
541 601 755 684 Atque
804 596 902 665 ibi
948 595 1063 665 ille
1098 597 1404 666 residens
1447 619 1607 664 cum
1654 596 2076 686 primoribus
2125 598 2406 679 civium,
2459 598 2559 667 ait

1 759 2 762 ,
53 686 123 753 ad
167 708 315 757 eos:
365 709 397 752 «
427 685 685 756 Edicite
728 685 952 767 nobiS,
985 686 1157 756 servi
1211 706 1292 755 ne
1332 706 1417 753 an
1458 685 1743 775 ingenui
1779 686 2000 755 sitis.»
2052 685 2235 756 Felix
2275 687 2563 777 presby-

53 788 139 843 ter
180 775 551 865 respondit:
592 798 631 841 «
661 775 851 844 Servi
890 796 1134 844 sumus
1170 773 1436 843 Domini
1476 774 1690 844 nostri
1739 775 1914 845 Jesu
1963 774 2298 845 Christi.»
2351 779 2562 844 Leon-

53 862 168 932 tius
208 863 405 933 dixit:
444 886 480 930 «
519 865 732 933 Dicite
779 864 899 951 qui
936 863 1293 932 vocemini.
1332 887 1366 930 »
1419 863 1948 952 Responderunt
1993 864 2246 933 Sancti:
2310 887 2346 931 «
2378 863 2561 933 Felix

50 964 104 1020 et
142 953 458 1023 Eusebius
504 952 1016 1042 appellamur.»
1044 952 1363 1021 Leontius
1410 952 1541 1021 ait:
1578 974 1614 1018 «
1646 951 1820 1034 Quid
1860 951 1950 1021 ita
1979 967 2214 1022 contra
2265 952 2554 1022 salutem

50 1041 432 1131 reipublicae
477 1055 543 1111 et
577 1041 998 1130 principum,
1036 1039 1447 1131 praedicatis
1474 1041 1873 1110 insaniam?
1903 1065 1937 1107 »
1980 1040 2160 1111 Felix
2195 1042 2555 1132 presbyter

46 1130 403 1219 respoudit:
450 1152 485 1196 α
515 1135 650 1200 Nos
679 1128 1024 1199 insaniam
1070 1151 1203 1199 non
1241 1128 1746 1219 praedicamus,
1793 1130 1908 1199 sed
1949 1152 2191 1200 sanam
2228 1142 2295 1201 et
2324 1153 2554 1199 veram

50 1218 419 1298 doctrinam,
470 1232 549 1289 ut
599 1219 925 1289 timeatur
954 1222 1128 1288 Deus
1175 1231 1240 1287 et
1277 1230 1770 1308 cognoscatur:
1802 1240 2008 1306 quem
2037 1220 2093 1290 si
2144 1241 2263 1289 vos
2297 1242 2553 1321 cogno-

48 1307 271 1389 veritis,
321 1308 546 1378 licebit
592 1308 788 1376 vobis
839 1307 1043 1376 vitam
1077 1307 1386 1376 obtinere
1431 1318 1853 1377 aeternam.»
1906 1308 2223 1378 Leontius
2272 1308 2554 1377 dixttad

52 1396 380 1483 populum:
434 1420 469 1463 «
501 1395 760 1484 Ecquid
818 1395 1007 1465 vobis
1039 1395 1411 1466 videtur?»
1460 1395 1588 1465 Alii
1635 1395 2052 1479 clamabant,
2106 1397 2354 1468 bonam
2399 1419 2552 1467 eam

44 1504 172 1553 esse
211 1485 608 1565 doctrinam,
647 1484 767 1554 alii
824 1484 891 1553 id
954 1484 1332 1574 negabant,
1385 1484 1693 1555 dicentes
1741 1507 1821 1554 ea
1877 1484 2211 1587 populum
2275 1486 2544 1556 seduci.

46 1572 139 1641 Sic
178 1573 487 1663 ergoillis
520 1573 1040 1654 altercantibus,
1077 1574 1394 1643 Leontius
1430 1594 1546 1643 eos
1568 1573 1780 1662 jussit
1828 1572 1988 1643 duct
2020 1575 2085 1643 in
2125 1574 2542 1645 custodiam.

42 1665 220 1757 {tocte
245 1675 458 1732 autem
497 1663 688 1733 misit
735 1662 821 1732 ad
874 1661 1051 1744 illos,
1103 1663 1223 1749 qui
1271 1685 1387 1733 eos
1434 1662 1922 1752 compellerent
1961 1663 2379 1733 sacrificare.
2418 1663 2549 1733 Sed

1 1785 6 1816 :
42 1746 131 1817 illi
173 1749 519 1821 irridentes
563 1764 631 1821 et
677 1764 1195 1822 contemnentes
1243 1750 1657 1821 daemonum
1711 1751 2076 1832 sacrificia,
2121 1751 2549 1822 clamabant:

47 1861 76 1903 ι
106 1837 311 1909 Gloria
340 1840 406 1909 in
437 1839 729 1911 excelsis
779 1845 933 1910 Deo.
976 1863 1012 1905 »
1062 1838 1309 1909 Eadem
1363 1862 1525 1930 ergo
1570 1852 1762 1909 nocte
1808 1843 2126 1910 Leontius
2173 1862 2290 1910 eos
2330 1842 2556 1931 capite

46 1924 379 2010 damnavit,
420 1930 771 2019 jussitque
819 1950 1104 2017 corpora
1147 1929 1215 1997 in
1266 1929 1526 1998 flumen
1569 1928 1843 2017 jactari.
1898 1934 1986 1997 Ea
2041 1951 2197 1999 vero
2249 1951 2368 2020 per
2422 1930 2556 2000 ssu-

54 2034 181 2113 tttffl
226 2017 472 2109 perlata
504 2018 771 2088 suntin
803 2040 1030 2087 mare:
1075 2016 1397 2103 claraque
1435 2018 1582 2105 jam
1629 2016 1803 2099 luce,
1847 2018 2041 2105 ejecit
2089 2017 2209 2087 illa
2259 2040 2447 2089 mare
2479 2020 2550 2088 in

55 2099 213 2177 huus
241 2106 432 2195 juxta
460 2108 716 2198 pineta.
746 2112 916 2177 Ecce
940 2120 1165 2176 autem
1195 2106 1478 2194 quidam
1520 2106 1874 2195 presbyter
1917 2111 2308 2195 Capuanus,
2348 2112 2556 2188 Quar-

1 2219 4 2278 ι
62 2200 159 2265 ltu
182 2196 466 2276 nomine,
518 2219 680 2267 cum
729 2196 942 2265 exiret
986 2194 1069 2264 ad
1120 2217 1365 2285 agrum
1418 2218 1652 2275 suum,
1696 2194 1954 2264 invenit
1996 2208 2239 2265 trunca
2281 2210 2555 2266 sancto-

1 2305 4 2322 .
70 2296 522 2375 mcorpora,
579 2284 990 2386 collegitque
1022 2306 1098 2353 ea
1147 2297 1211 2353 et
1253 2284 1480 2374 posuit
1528 2283 1595 2352 in
1635 2283 2058 2364 vehiculum,
2116 2283 2448 2370 duxitque
2478 2286 2550 2354 in

1 2446 4 2477 Ι
71 2364 305 2446 domm
338 2396 575 2455 suam,
629 2386 857 2462 capita
921 2395 1156 2444 eorum
1208 2373 1476 2474 curiose
1541 2373 1971 2464 perquirens.
2027 2378 2214 2474 Quae
2260 2373 2544 2474 quidem

1 2486 4 2559 Ι
70 2469 295 2544 poam
326 2462 472 2535 luce
521 2464 787 2533 invenit
818 2463 1241 2552 incorrupta,
1276 2474 1646 2551 junxitque
1692 2484 1770 2531 ea
1815 2463 2224 2552 corporibus
2258 2475 2541 2543 sanctis,

63 2555 127 2614 Εἰ
163 2547 420 2639 &petitu
455 2553 661 2644 juxta
710 2574 962 2641 corpus
1012 2552 1191 2622 beati
1248 2551 1542 2620 Caesarii
1594 2550 1869 2621 Diaconi
1909 2564 1974 2622 et
2023 2552 2370 2641 martyris
2428 2551 2553 2622 Ubi

58 2633 423 2735 orationibus
487 2663 733 2712 eorum
807 2640 1134 2710 beneficia
1208 2652 1644 2730 praestantur
1713 2662 1928 2728 usque
1988 2640 2055 2710 in
2175 2653 2550 2710 raesentem

56 2719 235 2826 sstem,
281 2727 359 2799 ad
398 2728 681 2801 laudem
728 2741 794 2799 et
912 2728 1151 2799 loriam
1214 2728 1480 2798 Domini
1555 2730 1770 2799 nostri
1833 2734 1999 2800 Jesu
2070 2734 2114 2800 C
2171 2731 2357 2812 risti‚
2428 2730 2551 2818 qui

56 2825 189 2884 rint
223 2828 285 2887 et
316 2833 550 2909 regnat
590 2818 663 2888 in
714 2753 945 2902 sec‘la
984 2816 1403 2899 seculorum,
1456 2823 1666 2887 Amen
1701 2818 1754 2883 ¹⁴¹.

104 2983 297 3036 ‘m
319 2987 565 3032 πίτυρα
596 2987 830 3031 memoria.
858 2989 903 3030 Β.
930 2989 1138 3030 Caenei-11
1167 2988 1405 3038 martyris.
1435 2985 1647 3029 Ecclesia
1673 2991 1775 3030 erat
1805 2987 1914 3029 olim
1947 2998 2033 3029 suo
2053 2988 2556 3039 nominratcnt⁸,quao

52 3035 405 3084 mma-u
432 3045 529 3084 tuit
546 3041 598 3083 in
619 3044 826 3088 mulum.
844 3049 892 3085 et
916 3044 990 3083 cut
1015 3042 1204 3083 abbati·
1226 3042 1585 3091 adjungebatur,
1605 3052 1697 3082 uns
1716 3049 1770 3082 ex
1791 3041 2144 3092 vigintiduobus
2163 3053 2280 3093 qun
2299 3045 2483 3082 notatu
2505 3045 2554 3083 m

1 3116 4 3169 μ
228 3094 406 3142 m.
433 3098 567 3147 qnod
588 3098 642 3137 in
662 3097 885 3137 Vnicum
907 3094 1201 3137 Bibliotheca
1218 3097 1434 3141 habetur.
1454 3094 1685 3136 Batonius
1702 3095 1834 3137 vidit.
1855 3096 1918 3137 Εᾶ
1938 3095 2110 3143 diruta,
2129 3107 2301 3147 corpus
2320 3094 2558 3145 Martyria,

172 3143 229 3187 Ν
251 3157 276 3187 ι
298 3147 558 3193 Terracina
588 3149 801 3190 delatum
838 3154 963 3196 erat,
996 3147 1261 3198 depositum
1305 3150 1397 3188 fult
1431 3148 1478 3189 in
1515 3146 1715 3189 basilica
1751 3150 2036 3195 Heleni-na,
2072 3151 2203 3190 dicta
2235 3150 2330 3190 ullo
2364 3150 2553 3189 nomino

1 3176 4 3241 Ι
40 3195 76 3234 fl-
98 3197 237 3241 (butio
257 3205 313 3243 ιὰ
337 3205 623 3245 Jerusalem
653 3201 703 3242 in
738 3205 868 3243 Atrio
904 3203 1192 3249 sessoriano,
1225 3203 1308 3243 ubl
1342 3203 1573 3243 hactenus
1607 3201 1965 3253 religiosi-nme
1987 3204 2280 3244 adservatur.
2302 3203 2554 3252 Antiquam

0 3244 7 3393 ν’
36 3258 153 3297 βοτη
173 3253 213 3295 8.
236 3255 434 3297 oman-it
466 3258 730 3298 ecclesiam
760 3257 1111 3303 restituendam,
1144 3257 1553 3306 exornandamque
1583 3259 1769 3298 curavit
1788 3258 2002 3299 Clemen-
2022 3259 2103 3307 Pp.
2130 3258 2238 3296 V111
2259 3254 2343 3306 (Ex
2363 3253 2552 3298 Buonti

34 3304 216 3348 M
231 3310 286 3350 ιιΙ
302 3311 499 3360 notre.
520 3311 702 3362 Rom).
