2993 4837
534 276 660 341 594
981 290 1060 337 m:
1107 289 1164 336 s.
1215 285 1582 347 nasama,
1638 287 1817 335 mtms
1865 286 2234 335 nunctiant
2279 287 2448 334 ritui
2627 267 2764 333 NOY.
2799 270 2852 333 ⁴9

443 396 735 464 quorum
786 387 851 444 et
899 395 1149 443 manus
1194 385 1260 442 et
1308 371 1516 461 pedes
1570 394 1730 441 cum
1781 370 2157 451 abluisset,
2218 392 2355 441 non
2414 384 2508 440 est
2549 369 2716 440 verita
2747 369 2856 439 abo-

446 463 1061 533 minatissimorum
1093 461 1332 531 tubera
1358 460 1667 531 locorum
1699 459 1936 529 osculo
1960 459 2382 560 contingere.
2411 464 2614 545 Neque
2636 458 2860 548 deinoeps

443 553 609 622 tales
643 573 954 639 unquam
1019 563 1351 629 aversata,
1406 549 1577 638 ipsis
1672 548 1910 618 erinde
1958 561 2162 635 atque
2220 548 2542 618 incolumi
2596 547 2862 637 glabr-aque

440 655 593 712 cute
630 640 1028 720 nitentibus,
1084 638 1309 709 locuta
1357 650 1480 707 est.
1535 659 1605 708 se
1662 637 1844 724 itque
1896 636 2140 706 vicina.
2212 642 2381 705 Turn
2431 636 2512 705 ad
2578 635 2862 726 patientiam

441 730 696 799 affatim
747 728 1142 808 exhortans,
1195 727 1442 795 stidem
1493 726 1866 795 liberaliter
1909 726 2323 815 porrigebat.
2366 730 2579 805 Nocte,
2626 746 2760 811 quae
2784 727 2866 792 Pt-

444 839 760 889 rasceven
802 815 1163 896 antecedit,
1200 816 1267 884 in
1303 815 1610 885 oratione
1639 835 1718 884 ac
1747 815 2137 885 Dominicae
2178 814 2519 903 passionis
2550 811 2878 883 meditatione

446 920 812 986 transacta,
861 904 1233 975 mandabat
1269 902 1568 984 ancillis,
1605 914 1919 974 caverent
1951 902 2265 984 sollicite,
2297 925 2382 973 ne
2426 924 2618 990 quem
2661 901 2762 971 sibi
2790 912 2882 969 toto

446 996 558 1065 die
589 995 987 1064 exhiberent
1034 994 1386 1063 honorem.
1441 991 1699 1061 Exinde
1732 993 2180 1061 concinnatos
2217 1014 2431 1061 manu
2461 1013 2580 1062 sua
2611 991 2717 1060 lini
2740 988 2876 1057 lasei-

446 1085 666 1166 cuIOS,
706 1084 1005 1170 itemque
1050 1103 1355 1151 acerram
1408 1080 1631 1150 thuris
1691 1081 1989 1170 plenam,
2055 1092 2258 1167 atque
2304 1080 2616 1169 elychnia
2666 1079 2881 1173 adinstar

451 1173 1075 1243 munitissimarum
1111 1168 1557 1240 candelarum
1608 1181 1858 1250 cerata,
1898 1169 2504 1240 numerosissimos
2535 1167 2877 1254 deniquemt-

449 1262 740 1333 nutioris
790 1273 1097 1330 monetae
1137 1280 1461 1328 nummos
1520 1279 1828 1339 sumens,
1869 1257 2206 1328 lustrabat
2265 1257 2475 1327 nudis
2522 1257 2772 1346 pedibus
2793 1274 2878 1323 unt

446 1373 605 1420 cum
642 1348 1095 1440 popularibus
1136 1346 1354 1417 turbis
1402 1345 1561 1414 fana
1607 1347 1864 1427 omnia,
1916 1368 2210 1433 arasque
2244 1345 2555 1445 singulas
2585 1344 2788 1415 ordine
2819 1363 2878 1409 η-

448 1451 705 1519 nerata,
760 1436 1089 1527 imposuit
1135 1434 1430 1524 singulis
1479 1433 1604 1504 lini
1653 1434 2062 1505 fasciculum
2096 1488 2113 1515 ,
2195 1435 2422 1505 thuris
2479 1456 2787 1525 granum,
2825 1451 2882 1499 tt·

446 1527 856 1613 dentemque
902 1524 1270 1596 cereolum.
1324 1528 1401 1592 In
1453 1523 1742 1613 plateis,
1819 1545 2378 1611 quaquaversum
2433 1524 2593 1604 iret,
2641 1538 2882 1613 perquu

448 1614 817 1685 liberaliter
866 1636 1190 1684 nummos
1262 1605 1687 1712 pauperibus
1738 1613 2083 1702 erogabat.
2150 1617 2281 1682 Nec
2329 1612 2625 1693 deerant,
2661 1606 2884 1704 quirili-

445 1716 647 1774 tatem
715 1725 1158 1772 nummorum
1210 1701 1555 1771 tenacitati
1609 1700 1928 1771 referrent
1977 1715 2354 1789 acceptam,
2419 1700 2731 1780 dicenteS,
2772 1703 2888 1784 Regi

444 1814 606 1862 nam
661 1791 1132 1862 munificentia
1182 1790 1369 1880 regia
1418 1790 1517 1859 uti
1547 1788 1815 1872 debere,
1851 1789 2287 1876 carioresque
2328 1811 2644 1860 nummos
2671 1784 2884 1880 elargiri}

445 1881 847 1971 popularem
904 1880 970 1949 in
1031 1879 1374 1951 Elisabeth
1409 1878 1764 1960 vilitatem,
1803 1900 2239 1965 nequaquam
2291 1878 2667 1949 sanctitatis
2706 1891 2764 1946 et
2797 1873 2888 1943 reli-

497 1970 697 2049 ionis,
736 1969 853 2039 sed
889 1969 1211 2038 avaritiae
1260 1961 1832 2067 magisffndicem
1874 1989 2045 2038 esse.
2093 1972 2337 2053 Verum
2403 1967 2545 2049 illa,
2593 1974 2888 2052 contempto

474 2059 958 2130 evissimorum
996 2057 1355 2128 hominum
1383 2055 1677 2144 judiciO,
1729 2056 1910 2143 quod
1945 2056 2299 2145 sapienter
2337 2056 2699 2146 inceperat,
2749 2072 2889 2143 pers».L

444 2161 755 2218 veranter
804 2147 1046 2218 sectari
1093 2145 1463 2232 quotannis
1506 2166 1636 2213 non
1676 2144 1953 2226 destitit,
1989 2145 2371 2225 consciens,
2404 2159 2472 2215 et
2509 2145 2791 2214 animum
2816 2145 2888 2209 nen

447 2249 685 2306 notum
737 2258 908 2315 esse,
963 2249 1026 2304 et
1075 2246 1210 2303 tam
1263 2256 1335 2303 se
1384 2233 1450 2301 in
1489 2232 1713 2303 officio
1753 2245 2150 2323 assumptae
2191 2233 2677 2304 submissionis
2704 2233 2891 2320 longua

444 2325 803 2394 tenacitate
842 2324 1103 2404 abesse,
1142 2344 1349 2409 quam
1384 2321 1485 2391 illi
1511 2323 1851 2391 temerarii
1888 2321 2324 2411 perversique
2351 2322 2741 2412 interpretes
2764 2319 2890 2403 longe

444 2414 727 2484 aberant
759 2437 797 2483 a
831 2412 1078 2501 judicii
1118 2412 1415 2481 veritate.
1461 2412 1989 2493 Lustrationem,
2043 2410 2429 2483 Christiano
2487 2434 2696 2491 more,
2740 2407 2888 2500 prius·

443 2525 652 2590 quam
708 2503 1099 2571 Dominicae
1128 2500 1563 2571 Ascensionis
1610 2501 2009 2571 solemnitas
2055 2500 2307 2590 agitur,
2360 2500 2510 2570 fieri
2556 2499 2815 2576 solitam,
2856 2505 2891 2560 el

445 2592 597 2681 ipsa
646 2590 863 2661 laneis
896 2591 1171 2670 amicta,
1227 2588 1553 2675 nudaque
1590 2590 1881 2679 pedibus
1912 2589 2352 2660 observabat:
2408 2590 2656 2659 Christi
2698 2593 2890 2657 crucem

443 2703 522 2750 ac
557 2685 959 2750 Sanctorum
995 2678 1321 2765 reliquias
1352 2677 1821 2747 indifferenter
1851 2701 2011 2748 cum
2049 2676 2252 2767 vulgo
2284 2678 2618 2760 insecuta,
2669 2676 2765 2745 Dei
2789 2691 2892 2759 quo·

441 2791 577 2856 que
641 2768 922 2837 verbum
975 2767 1334 2848 auditura,
1401 2789 1539 2856 pau
1591 2767 1929 2838 erioribus
1984 2788 2055 2837 se
2102 2766 2423 2836 foeminis
2470 2789 2730 2856 semper
2767 2764 2890 2831 inter·

444 2857 745 2937 miscuit,
803 2878 934 2926 non
990 2857 1352 2943 ignorans,
1411 2877 1530 2925 coe
1561 2870 1699 2927 este
1755 2878 1987 2926 semen
2056 2855 2126 2931 in
2189 2854 2442 2925 humili
2499 2856 2720 2926 cordis
2764 2848 2890 2941 gleba

439 2944 726 3017 uberius
762 2966 1147 3035 exsurgere.
2881 3019 2890 3029 .

529 3034 561 3123 ἓ
606 3039 763 3107 1⁰.
817 3039 1056 3103 Exorta
1107 3033 1285 3103 same
1344 3054 1463 3122 per
1508 3033 1902 3103 universam
1952 3031 2377 3103 Alemaniam
2439 3055 2623 3104 anno
2678 3053 2716 3099 a
2756 3021 2893 3124 natali

446 3123 835 3194 Christiano
873 3122 1238 3192 millesimo
1259 3121 1732 3192 ducentesimo
1766 3122 2357 3209 vicesimoquinto,
2386 3144 2546 3192 cum
2577 3123 2641 3192 in
2668 3115 2894 3208 Apuliam

446 3213 770 3302 princeps
832 3211 917 3280 ad
980 3216 1465 3300 Imperatorem
1539 3210 1883 3300 profectus
1944 3224 2165 3291 esset,
2220 3209 2568 3280 Elisabeth
2613 3201 2894 3297 explendae

444 3301 715 3390 pietatis
745 3300 1172 3370 occasionem
1226 3312 1444 3382 nacta,
1484 3297 1911 3370 frumentum
1959 3321 2163 3369 omne
2212 3321 2377 3369 suae
2437 3297 2709 3368 ditionis
2754 3288 2894 3361 colle·

444 3401 658 3469 ctum,
699 3389 1123 3479 pauperibus
1148 3409 1428 3477 erogare
1463 3410 1674 3457 manu
1701 3383 2090 3478 largissima
2118 3388 2364 3478 coepit,
2397 3388 2704 3479 pluribus
2725 3394 2895 3470 eorum

445 3478 649 3547 etiam
686 3478 935 3578 integri
1002 3477 1221 3547 victus
1276 3498 1623 3547 annonam
1674 3476 1978 3565 quotidie
2037 3477 2408 3567 praebens:
2461 3494 2735 3565 quorum
2777 3461 2895 3536 null!

446 3588 757 3654 unquam
798 3566 1031 3637 divino
1068 3587 1349 3635 munere
1382 3565 1582 3635 cibus
1615 3565 1871 3648 defuit,
1925 3566 2195 3636 etiarnsi
2228 3566 2484 3645 minus,
2527 3583 2741 3652 quam.
2768 3547 2893 3642 <1⁰⁰³

445 3655 514 3723 in
566 3655 747 3724 diem
799 3654 1162 3736 sufficeret,
1202 3654 1599 3742 accepisset.
1656 3655 1781 3725 Sed
1832 3678 1991 3725 cum
2028 3654 2405 3725 adverteret
2453 3654 2761 3741 plurimos
2789 3660 2894 3741 ege·
2941 3651 2942 3698 ³

442 3766 688 3814 norum
749 3766 909 3833 prae
963 3743 1249 3812 adversa
1315 3743 1726 3825 valetudine,
1793 3743 2420 3841 autqmembrorum
2470 3730 2887 3827 incommodtb
2941 3737 2942 3828 l

441 3833 917 3920 eleemosynae
949 3832 1340 3901 communis
1389 3853 1666 3901 manere
1713 3847 2044 3921 experteS,
2086 3831 2268 3919 quod
2338 3852 2622 3901 ascensu
2666 3831 2883 3892 monus·

441 3923 511 3991 in
539 3922 650 4012 cuj
664 3946 744 3992 us
773 3921 1015 3990 vertice
1045 3943 1164 3989 arx
1189 3921 1319 3990 sita
1348 3932 1514 4002 erat,
1549 3922 2139 4010 praepedirentur,
2171 3921 2446 4012 insigne
2477 3909 2883 3989 xenodochium

442 4011 591 4082 loco
642 4009 1061 4080 humillimo’
1097 4009 1226 4079 sub
1275 4032 1429 4079 arce
1476 4010 1997 4099 quamprimum
2031 4021 2430 4079 construere
2479 4020 2764 4097 aggressa
2799 4001 2880 4088 Θξῑ·

443 4101 563 4171 Cui
617 4121 737 4190 per
774 4121 1107 4188 expensas
1145 4120 1274 4168 non
1314 4099 1714 4181 mediocres,
1769 4112 1842 4170 ut
1878 4098 2202 4181 voluerat,
2260 4098 2569 4188 perfecto,
2617 4109 2714 4188 eos
2739 4092 2879 4180 potis·
2941 4119 2942 4126 κ

442 4190 699 4258 simum
753 4210 1090 4277 pauperes
1138 4187 1396 4268 intulit,
1462 4210 1638 4274 quos
1688 4187 1786 4256 vel
1841 4187 2239 4257 morborum
2290 4187 2564 4257 vexabat
2606 4181 2870 4261 imquitas,

441 4277 547 4345 vel
601 4277 1068 4346 membrorum
1127 4276 1446 4346 debilitas
1480 4276 1739 4367 insigni
1790 4277 2395 4347 dehonestamento
2443 4271 2705 4369 notabat·
2747 4262 2869 4350 Quos

445 4365 593 4454 ipsa
631 4419 646 4446 ,
710 4365 838 4434 etsi
910 4365 1110 4436 ardui
1181 4366 1435 4437 montis
1501 4364 1894 4456 perdifficili
1964 4365 2354 4448 descensu,
2427 4384 2551 4434 non
2617 4351 2867 4425 1mmer¹t⁰
