2993 4837
81 342 227 408 Nov.
275 344 312 407 4
874 361 953 406 na
1001 360 1056 406 s.
1111 359 1350 408 canoto
1398 357 1733 409 aonaouao
2359 344 2486 408 263

82 467 137 513 se
176 445 449 525 incitari,
489 467 651 514 cum
693 465 773 514 eo
809 466 880 513 se
920 444 1066 513 loco
1114 466 1263 515 esse
1311 467 1530 515 unum
1586 446 1953 526 sentiebat,
2006 468 2143 534 quo
2193 458 2577 536 spectarent

80 534 286 621 reliqui
330 555 591 615 omneS,
631 547 696 602 et
730 532 915 602 unde
946 535 1217 603 virtutis
1263 533 1652 624 exemplum
1704 535 1834 604 sibi
1875 535 2167 623 quisque
2209 547 2430 624 petere
2463 534 2577 604 de-

80 623 251 705 beret,
299 622 850 710 commoverique
886 622 1337 703 vehementer,
1373 623 1555 711 quod
1607 623 1755 694 suis
1801 623 2105 711 quotidie
2138 624 2358 693 oculis
2398 626 2578 714 aspi-

74 725 222 781 ceret
264 710 557 781 filiorum
604 712 1066 795 necessitateS,
1102 724 1247 781 tum
1287 733 1438 780 vero
1472 712 1784 781 animum
1823 733 2085 793 eorum,
2140 735 2219 781 ac
2262 712 2577 782 volunta-

82 811 185 867 tem
234 813 481 869 tantum
538 801 610 868 in
668 800 777 869 via
839 799 1122 870 salutari
1176 799 1492 890 progredi
1561 813 1909 889 paratam,
1970 813 2307 888 quantum
2361 803 2575 890 patris

80 908 290 969 amore,
327 888 697 976 studioque
719 889 1100 979 juvaretur.
1156 890 1554 958 Animarum
1596 889 1926 959 charitate
1972 891 2070 959 sic
2110 890 2469 980 flagrabat,
2502 903 2579 960 ut

81 975 386 1066 dignitatis
432 1000 601 1047 suae
642 976 1153 1066 quodammodo
1200 977 1479 1059 oblitus,
1533 1000 1768 1046 eorum
1811 980 2360 1068 presbyterorum
2412 1000 2577 1048 con-

76 1063 353 1134 ditionem
401 1066 821 1154 quandoque
856 1080 989 1135 toto
1018 1065 1224 1136 corde
1258 1065 1602 1135 videretur
1649 1079 1980 1157 expetere,
2021 1067 2140 1156 qui
2187 1068 2575 1158 agrestibus

78 1155 427 1244 asperisque
468 1151 642 1225 locis
694 1156 1056 1244 parochias
1104 1155 1454 1236 habenteS,
1507 1156 1820 1245 inopem,
1877 1156 2426 1242 laboriosamque
2473 1157 2577 1225 vi-

83 1254 187 1309 tam
248 1244 310 1310 in
358 1244 718 1313 curatione
796 1245 1187 1313 animarum
1258 1243 1586 1334 agebant3
1653 1243 1747 1312 ibi
1822 1244 2100 1314 demum
2172 1245 2572 1315 charitatem

78 1331 297 1399 ostendi
345 1354 566 1421 posse,
623 1334 737 1402 cui
787 1332 959 1401 nihil
999 1333 1287 1401 humani
1337 1332 1685 1414 desiderii,
1740 1333 2167 1402 commodive
2228 1349 2404 1403 esset
2452 1333 2574 1402 ad-

80 1419 340 1489 mistum.
401 1425 595 1489 Hanc
633 1443 915 1492 suorum
965 1420 1360 1491 Oblatorum
1415 1421 1856 1510 praecipuam
1898 1444 2045 1491 esse
2085 1423 2400 1493 virtutem
2452 1444 2574 1491 cu-

85 1507 258 1595 piens,
314 1509 600 1579 docebat
660 1530 775 1581 eos
828 1510 1256 1597 frequenter,
1323 1532 1530 1597 quam
1584 1510 2018 1579 vehementer
2063 1532 2209 1579 eam
2288 1512 2568 1598 quaeri,

85 1595 303 1682 colique
346 1598 432 1667 ab
481 1599 569 1667 iis
609 1599 1023 1677 conveniret,
1059 1599 1180 1685 qui
1223 1619 1293 1669 se
1334 1598 1446 1667 Dei
1501 1598 1851 1668 ministros
1893 1599 2395 1690 profiterentur.
2441 1604 2579 1668 Me·

74 1687 257 1754 moria
301 1699 515 1767 teneo,
570 1708 732 1756 cum
784 1687 852 1755 in
897 1686 1185 1757 aedibus
1231 1700 1429 1767 esset,
1484 1708 1659 1773 quae
1699 1689 2075 1758 Canonicae
2117 1688 2396 1758 nomine
2460 1709 2582 1778 ap-

86 1772 397 1859 pellantur,
451 1776 763 1863 quotidie
812 1786 995 1844 certa
1041 1775 1208 1845 hora
1260 1774 1512 1844 multos
1568 1776 1717 1865 ejus
1776 1776 2046 1867 collegii
2094 1776 2403 1857 clericOS,
2459 1778 2580 1863 qui

58 1878 282 1939 ssmmen
331 1866 396 1933 in
447 1865 853 1935 Oblatorum
902 1864 1286 1933 societatem
1345 1864 1697 1945 dederant,
1754 1864 2144 1946 advocasse,
2209 1867 2581 1937 sententias

60 1966 145 2047 Ἰ,ει
168 1954 509 2043 Evangelio
544 1954 856 2034 selectaS,
909 1974 1086 2039 quae
1117 1953 1197 2021 ad
1257 1974 1406 2022 eam
1460 1974 1603 2022 rem
1658 1955 1953 2022 maxime
2001 1952 2324 2034 valerent,
2367 1953 2581 2022 tradi-

60 2034 245 2121 uisse,
289 2065 362 2111 ac
392 2042 769 2133 diligenter
812 2041 1226 2131 explicasse:
1261 2041 1344 2111 de
1382 2042 1641 2128 quibus
1683 2041 1894 2110 altero
1928 2041 2061 2123 die,
2091 2064 2247 2111 cum
2302 2043 2576 2112 interim

60 2118 178 2219 :ficas
212 2131 503 2201 meditati
551 2144 817 2208 essent,
886 2129 1290 2220 singillatim
1361 2130 1850 2231 interrogabat,
1923 2129 2086 2217 quid
2148 2132 2574 2209 sensissent;

98 2228 247 2301 quam
310 2220 593 2307 quidem
645 2218 1192 2288 exercitationem
1246 2218 1418 2287 miro
1467 2219 1742 2300 studio,
1807 2240 1884 2287 ac
1947 2220 2150 2288 etiam
2202 2219 2583 2306 abjectione

62 2300 258 2374 ,obivit
303 2308 701 2398 complures
756 2308 928 2387 dies;
980 2307 1162 2395 quod
1213 2329 1369 2376 cum
1421 2307 1796 2395 aliquando
1858 2307 2145 2388 faceret,
2214 2309 2582 2397 praecipuo

62 2391 332 2476 'quodam
364 2398 654 2467 affectus
684 2396 949 2475 ardore,
979 2396 1059 2466 ad
1095 2418 1219 2466 nos
1245 2416 1637 2468 conversus:
1667 2421 1700 2463 «
1733 2402 1950 2481 Quam
1985 2396 2293 2476 libenter,
2330 2397 2576 2482 inquit,

95 2477 194 2549 nisi
225 2483 338 2554 hoc
385 2508 611 2557 essem
657 2487 825 2567 loco,
864 2507 1011 2555 eam
1050 2485 1498 2574 amplecterer
1543 2485 2033 2565 conditionem,
2081 2499 2156 2554 ut
2205 2487 2382 2555 bono
2418 2486 2578 2575 Epi-

70 2585 253 2666 {copo
294 2573 591 2655 dedituS‚
649 2574 974 2661 nulloque
1023 2573 1409 2664 stipendio,
1463 2587 1726 2643 certove
1776 2575 2071 2666 hospitio
2124 2575 2323 2644 nixus
2354 2630 2368 2654 ,
2439 2574 2578 2643 huc

76 2654 224 2728 'illuc
265 2664 651 2734 animarum
702 2685 946 2732 caussa
989 2663 1313 2741 mitterer,
1387 2662 1579 2732 nulla
1626 2664 1933 2753 cujusvis
1981 2663 2424 2745 incommodi,
2478 2662 2581 2732 vel

92 2739 298 2818 laboris
326 2752 558 2822 habita
594 2753 878 2821 ratione.
913 2774 949 2816 >³
978 2755 1224 2821 Eorum
1263 2751 1379 2820 ille
1410 2751 1688 2839 quidem
1724 2775 1830 2822 res
1867 2753 2150 2822 minime
2176 2773 2585 2843 cognoscere

62 2835 375 2920 ‘.studebat‚
411 2842 532 2927 qui
588 2862 753 2911 suae
801 2862 1007 2909 curae
1040 2861 1172 2908 non
1224 2854 1487 2921 essent,
1544 2862 1763 2927 neque
1811 2863 2055 2932 operae
2119 2841 2377 2929 aliquid
2439 2841 2584 2910 suis

62 2923 586 3020 “subtrahendum
622 2929 924 3019 putabat,
965 2940 1038 2997 ut
1070 2928 1226 2997 aliis
1267 2928 1635 2998 tribueret:
1675 2952 1973 3017 cumque
1999 2929 2370 3017 aliquando
2397 2929 2586 3017 quis-

103 3027 235 3096 ptam
291 3017 631 3099 suaderet,
670 3029 747 3087 ut
795 3039 917 3109 pro
949 3016 1423 3086 cardinalatus
1462 3017 1715 3098 officio,
1754 3040 1903 3086 eam
1959 3040 2315 3102 personam
2370 3019 2587 3088 susci-

102 3113 215 3183 pere
251 3105 489 3187 vellet,
543 3128 721 3194 quae
751 3163 765 3188 ,
841 3105 923 3174 ad
1002 3106 1390 3174 universam
1444 3119 1778 3197 spectaret
1825 3107 2190 3175 Ecclesiam
2224 3162 2239 3188 ‚
2293 3119 2368 3175 ut
2417 3106 2585 3194 quid

102 3183 304 3285 ubique
348 3216 527 3284 opus
559 3207 735 3264 esset
783 3194 865 3263 ad
919 3193 1233 3284 pietatem
1270 3205 1446 3264 recte
1494 3194 1876 3276 colendam,
1921 3209 1984 3263 et
2033 3209 2281 3274 nosset,
2317 3209 2379 3264 et
2430 3216 2588 3284 pro-

58 3274 264 3348 .v1deri
296 3295 604 3362 curaret,
655 3285 716 3353 ei
765 3283 860 3351 rei
911 3304 982 3352 se
1032 3284 1361 3353 assentire
1416 3306 1550 3353 non
1603 3304 1802 3373 posse
1861 3282 2171 3362 dicebat,
2232 3295 2589 3372 propterea

58 3367 237 3446 {quod
270 3386 418 3438 ante
451 3371 687 3440 omnia
722 3372 853 3442 sibi
889 3372 1245 3441 ecclesiam
1281 3394 1474 3441 suam
1514 3371 1890 3441 curandam
1941 3393 2020 3439 ex
2071 3371 2283 3440 sacris
2320 3371 2589 3461 legibus

56 3459 468 3554 &agnosceress
523 3459 637 3529 cui
690 3483 773 3529 ne
821 3461 974 3528 totis
1031 3460 1309 3549 quidem
1359 3461 1622 3528 viribus
1673 3460 1838 3538 suis,
1893 3472 2164 3546 totoque
2215 3459 2387 3528 vitae
2433 3481 2586 3527 cur‘

54 3542 269 3626 ¹riculo
314 3562 538 3635 posset
607 3548 1017 3618 satisfacere.
1085 3547 1208 3618 S'ed
1260 3549 1420 3636 quia
1493 3562 1719 3617 tamen
1773 3548 1988 3617 multa
2049 3548 2584 3628 nunciabantur,

54 3630 256 3708 {multi
296 3636 376 3704 ad
417 3659 576 3706 eum
630 3637 1154 3727 confugiebant,
1207 3650 1270 3706 et
1318 3639 1601 3706 omnino
1648 3637 1732 3705 de
1785 3637 1985 3707 rebus
2031 3637 2325 3705 externis
2377 3636 2598 3706 multa·

52 3727 456 3813 {cognoscere
506 3747 784 3797 necesse
820 3738 986 3806 erat,
1027 3725 1292 3806 officiis,
1333 3726 1823 3807 admonitione,
1865 3724 2176 3806 consilio,
2208 3726 2407 3793 etiam
2443 3725 2591 3793 lon-

52 3810 332 3910 }gmquis
378 3835 581 3902 saepe
629 3816 968 3885 subvenit.
1026 3819 1113 3883 De
1160 3813 1511 3896 ecclesiiS,
1568 3815 2070 3905 provinciisque
2121 3813 2586 3893 sublevandiS,

50 3915 61 3972 ς
95 3905 186 3961 aut
226 3903 738 3989 componendis,
793 3903 876 3971 de
909 3903 1147 3993 legatis
1199 3901 1575 3982 mittendis,
1610 3903 2130 3989 visitationeque
2171 3900 2588 3980 mandanda,

97 3979 157 4047 ad
193 3987 571 4060 Pontificem
625 4013 825 4081 saepe
877 3991 1140 4070 retulit;
1206 3993 1503 4060 maxime
1560 4014 1716 4060 vero
1761 3992 2100 4078 frequenti
2150 3989 2595 4080 supplicatio-

100 4086 228 4137 num
279 4078 703 4164 publicarum
775 4081 1275 4160 exercitatione,
1330 4101 1437 4148 res
1486 4080 1827 4148 Ecclesiae
1877 4079 2084 4148 totius
2135 4084 2264 4146 Deo
2312 4078 2596 4147 curabat

101 4166 548 4256 commendari.
635 4171 722 4236 De
790 4168 1213 4258 regularium
1285 4189 1560 4255 quoque
1628 4167 1996 4258 disciplina
2058 4168 2378 4234 monebat
2424 4187 2597 4252 quos

101 4262 410 4338 pportereu
463 4256 654 4324 omni
695 4255 939 4336 offici0‚
982 4257 1345 4343 studioque
1387 4255 1737 4343 regulares
1771 4255 2070 4334 ordines,
2125 4255 2426 4340 juvabat.
2469 4253 2595 4321 Sed

102 4342 171 4483 ldla
203 4347 442 4435 tamen,
474 4358 552 4413 ut
588 4344 654 4410 in
706 4345 989 4414 ecclesia
1023 4368 1150 4415 sua
1184 4344 1733 4414 administranda
1783 4344 2055 4412 interim
2087 4341 2423 4425 desudare
2456 4362 2636 4435 non⁸

138 4440 429 4503 esisteret.
