2993 4837
16 354 213 419 JCT.
280 354 362 417 30

832 367 1355 415 MARTYROLOGmst
1420 368 1848 415 ILLUSTRATUM

2393 348 2556 416 963*

16 452 770 531 Episcopumjiiventutis
797 467 940 511 suae
966 452 1349 527 magistrum
1383 459 1476 511 tur
1503 498 1518 521 ,
1571 459 1750 526 atque
1817 449 2268 523 sacrificarent,
2338 450 2648 512 Marcellus

17 539 266 593 iactus
293 538 403 602 est,
436 532 563 609 qui,
596 539 910 608 postquam
941 530 1322 590 sanctissime
1376 530 1622 607 quidam
1644 546 1716 590 ex
1744 527 2209 592 Centurioribus
2233 530 2487 606 legionis
2507 530 2648 591 Tra·

16 627 171 672 :um
233 613 503 672 instituit
533 658 549 681 ,
592 611 1021 684 Presbyterum
1079 610 1321 670 ordina·
1372 611 1578 686 ianae,
1614 610 1856 686 profana
1890 616 2177 687 reputans
2208 609 2304 670 illa
2337 610 2644 684 convivia,

16 694 128 762 rit,
192 692 447 769 ipsoque
491 707 600 749 suo
642 691 987 751 ministerio
1030 689 1321 767 aliquam·

17 772 121 832 liu
190 788 354 832 usus
401 779 510 832 est.
564 769 628 830 In
691 773 935 846 patriam
996 785 1279 829 reversus
1305 816 1320 843 ,

17 851 524 924 sossessionibus
538 859 597 912 et
618 849 998 910 facultatibus
1012 850 1320 921 omuibuS,

17 949 182 1008 luas
202 930 491 1002 habebat,
513 932 575 990 in
600 929 1010 1006 eleemosynas
1031 930 1319 1003 erogatis,

17 1028 75 1070 ¹n
115 1009 542 1071 solitudinem
568 1055 581 1078 ,
616 1009 714 1070 ubi
746 1007 1079 1070 aediculam
1111 1007 1170 1069 S.
1208 1007 1323 1068 Eu·

16 1090 207 1151 sebio
234 1092 493 1149 dicatam
510 1090 869 1162 construxit,
888 1089 1149 1149 secessit.
1172 1086 1320 1147 Cum

16 1169 348 1247 plurimos
394 1171 522 1242 ejus
559 1168 909 1246 exemplum
942 1166 1013 1228 ad
1047 1169 1321 1227 eamdem

16 1248 440 1309 solitudinem
462 1252 821 1315 attraxisset,
850 1247 1190 1309 iscoenobia
1218 1260 1322 1321 pro

17 1331 179 1405 ipsis
233 1329 603 1392 aedificavit.
659 1329 820 1388 inter
866 1343 1019 1404 quae
1059 1326 1321 1387 celeber-

17 1406 1321 1485 rimumestillndS.Sympboi·iani.Duxet

24 1486 549 1547 Pastoromnium
570 1503 823 1547 suorum
859 1486 1321 1553 monachorum,

23 1583 152 1641 qua
166 1584 203 1626 u
217 1574 274 1625 ta
302 1566 690 1636 discretione,
715 1574 1059 1643 quantaque
1085 1565 1321 1641 sapien-

26 1652 113 1706 tia
149 1662 265 1706 eos
296 1647 756 1722 gubernaverit,
781 1660 902 1705 non
929 1645 1099 1706 facile
1121 1646 1319 1721 cujus·

21 1741 225 1802 quam
248 1725 460 1799 lingua
480 1726 829 1800 explicaret.
849 1723 1043 1800 Ipsum
1070 1724 1318 1784 maximi

22 1804 183 1865 fecit
244 1803 556 1880 Philippus
603 1804 1093 1882 Arcliiepiscopus
1138 1802 1319 1865 Vien-

26 1885 298 1954 nensiS,
358 1884 584 1961 ipsique
640 1891 870 1944 secreta
918 1882 1323 1945 conscientiae

21 1980 187 2025 suae
251 1970 524 2040 retegere
579 1962 792 2024 solitus
844 1970 995 2023 erat.
1058 1962 1323 2023 Decessit

25 2058 205 2102 anno
254 2043 495 2103 circiter
542 2042 682 2112 575,
734 2058 872 2104 cum
922 2043 1107 2102 variis
1145 2061 1178 2101 a
1206 2041 1325 2102 Deo

26 2124 264 2197 gratiis
294 2130 353 2183 et
382 2121 576 2197 signis
605 2125 761 2184 mire
794 2122 1127 2183 illustratus
1148 2128 1321 2182 esset.

29 2201 187 2269 (Cfr.
252 2201 471 2263 Baillet
497 2248 511 2275 ,
542 2210 603 2263 et
645 2202 1049 2283 Alenoloqium
1080 2200 1323 2262 Benedi-

36 2282 343 2355 clinum).

62 2444 297 2484 TERTIO
316 2443 447 2484 ΚΑΒ.
471 2444 605 2484 NOV.
887 2443 1013 2484 00'1'.
1037 2444 1139 2484 Dm
1170 2443 1298 2482 XXX.

299 2549 400 2611 SS.
450 2547 653 2609 CCXX
700 2547 1076 2610 nummum.

122 2682 492 2744 Mam-iinon.
561 2715 639 2725 —
704 2680 769 2741 In
840 2682 1037 2743 Africa
1116 2681 1326 2743 natalis

41 2770 400 2852 sauctorum
434 2763 769 2840 Martyrum
810 2761 1211 2823 ducentorum
1239 2762 1327 2822 vi-

51 2848 347 2982 gulgte'bis
381 2923 524 2981 item
556 2920 738 2991 Beda,
761 2919 1066 2981 Usuardus
1094 2929 1154 2981 et
1177 2919 1324 2993 Ado,

46 3003 572 3078 consentiuntque
628 3007 833 3062 vetera
895 3003 1322 3077 manuscripta.

47 3077 133 3139 lta
165 3080 247 3141 Ba
264 3082 495 3141 ronius.

127 3238 191 3301 S.
272 3238 727 3302 MARCELLUS
798 3237 1106 3302 Csnruato
1168 3238 1244 3302 M.

200 3347 437 3407 Passus
464 3351 553 3406 est
578 3348 745 3407 circa
778 3361 1017 3407 annu-m
1044 3344 1182 3407 298.

133 3476 496 3539 mammon.
530 3512 605 3524 —
636 3478 816 3552 Tingi
863 3478 921 3538 in
968 3478 1325 3538 Mauritania

54 3557 253 3631 passio
293 3561 472 3617 sancti
534 3558 849 3619 Marici-:tm
906 3556 1326 3631 centurionis,

53 3637 158 3711 qui
186 3638 764 3711 capitisabscissione
800 3639 1154 3711 martyrium
1172 3653 1331 3699 com·

57 3713 246 3789 plevit
311 3717 422 3776 sub
496 3716 808 3790 Agricolao
869 3725 1089 3795 agente
1170 3718 1332 3778 vices

60 3791 352 3857 Praefecti
386 3797 717 3858 Praetorio

137 3872 199 3932 S.
227 3875 489 3938 Marcelli
524 3877 664 3938 Acta
698 3896 729 3935 a
753 3877 1012 3947 Sario,a
1043 3875 1328 3949 Baronio,

60 3959 117 4010 et
142 3959 455 4017 recentius
478 3956 639 4017 inter
657 3957 891 4018 Selecta
909 3974 938 4018 a
961 3957 1331 4018 Theoderico

63 4026 386 4095 Ruinartio
442 4036 599 4097 edita
658 4043 832 4094 sunt:
893 4052 1046 4110 quae
1078 4045 1332 4113 praestat

65 4106 163 4196 hic
195 4114 431 4191 integra
465 4114 734 4175 referre:
779 4135 805 4168 α
834 4113 898 4174 ln
927 4116 1173 4176 civitate
1191 4115 1330 4175 Tin-

69 4195 276 4274 gitana
326 4192 535 4270 (vulgo
593 4194 824 4272 Tanqer
874 4195 935 4253 iu
993 4194 1335 4255 Marroclu'c’

67 4273 335 4349 emper-io)
363 4318 379 4345 ,
412 4282 775 4350 procurante
804 4271 1139 4334 Fortunato
1168 4289 1333 4349 prae·

66 4347 212 4436 side,
240 4353 489 4413 advenit
518 4352 735 4413 natalis
765 4352 889 4413 dies
925 4349 1328 4431 imperatoris

71 4418 152 4485 lbi
184 4445 313 4491 cum
344 4447 559 4494 omnes
591 4433 653 4493 in
683 4431 983 4493 conviviis
1021 4430 1335 4508 epularen-

232 4554 559 4636 Martyrol.
602 4555 832 4618 illustr.

1380 689 1608 765 reJecto
1637 691 1815 748 etiam
1849 690 2098 765 cingulo
2147 689 2396 749 militari
2448 706 2648 750 coram

1378 770 1572 846 signis
1624 768 1913 844 legionis,
1969 786 2122 845 quae
2180 775 2327 829 tunc
2379 769 2649 839 aderant,

1378 850 1535 910 clara
1587 865 1729 907 voce
1781 856 2029 909 testatus
2075 859 2189 918 est,
2234 848 2474 908 dicens:
2507 850 2652 910 ,lesu

1386 928 1626 989 Christo
1676 928 1821 1006 Περι·
1872 933 2118 988 aeterno
2173 928 2381 988 milito.
2418 928 2654 1004 Abjecit

1379 1024 1623 1085 quoque
1678 1009 1866 1068 vitem
1914 1018 1977 1068 et
2016 1024 2204 1077 arma,
2263 1016 2321 1068 et
2377 1009 2648 1069 addidit:

1378 1087 1477 1148 Ea:
1508 1088 1616 1147 hoc
1643 1087 1911 1148 militare
1939 1083 2411 1164 Imperatoribus
2442 1090 2656 1149 restris

1379 1166 1620 1240 desisto,
1664 1173 1719 1227 et
1768 1168 1920 1229 Deos
1962 1174 2185 1229 vestros
2233 1167 2455 1247 liyneos
2482 1174 2539 1227 et
2569 1167 2656 1228 la·

1378 1246 1572 1322 pideos
1621 1246 1881 1307 adorare
1929 1254 2261 1318 contemne,
2313 1261 2467 1324 quae
2504 1252 2656 1308 sunt

1378 1324 1538 1386 idola
1564 1326 1757 1387 surda
1784 1333 1840 1386 et
1884 1333 2079 1388 muta.
2127 1327 2198 1389 Si
2234 1327 2377 1387 talis
2404 1334 2489 1387 est
2520 1344 2656 1388 con-

1377 1405 1524 1466 ditio
1567 1407 1993 1473 militantium,
2042 1413 2113 1467 ut
2158 1407 2271 1468 diis
2298 1412 2350 1467 et
2381 1406 2649 1482 Impera·

1379 1484 1613 1547 toribus
1664 1503 1850 1547 sacra
1901 1486 2110 1559 facere
2169 1487 2605 1563 compellantur
2633 1534 2647 1555 ,

1377 1582 1506 1626 ecce
1530 1566 1784 1644 projicio
1809 1566 1986 1627 vite-m
2016 1567 2046 1602 ‘¹
2072 1572 2128 1626 et
2158 1567 2468 1645 cinyulum
2487 1591 2511 1640 ,·
2561 1586 2652 1628 rc·

1381 1649 1601 1707 numlo
1627 1646 1816 1723 siquis
1855 1653 1911 1706 et
1958 1646 2221 1706 militare
2247 1664 2481 1708 recuso.
2514 1646 2651 1708 Stu-

1379 1724 1589 1803 pefacti
1612 1734 1755 1785 sunt
1779 1732 1983 1787 autem
2007 1726 2232 1787 milites
2262 1726 2369 1787 ista
2401 1728 2652 1787 audien·

1385 1812 1500 1866 tes:
1538 1813 1877 1867 tenuerunt
1905 1822 2082 1879 eum,
2111 1815 2171 1867 et
2205 1808 2652 1867 nuntiaverunt

1382 1886 1692 1946 Anastasio
1723 1884 2059 1946 Fortunato
2088 1885 2340 1962 praesidi
2369 1884 2651 1962 legionis,

1381 1968 1485 2040 qui
1534 1966 1713 2042 iussit
1760 1980 1901 2025 eum
1954 1965 2171 2041 conjici
2226 1965 2286 2026 in
2320 1981 2647 2028 carcerem.

1381 2044 1599 2106 Finitis
1640 2052 1842 2106 autem
1868 2043 2080 2120 epulis,
2112 2044 2379 2105 residens
2412 2046 2471 2104 in
2504 2062 2652 2106 con-

1382 2126 1623 2184 sisiorio
1658 2123 2278 2200 praecepitintroduci
2308 2123 2648 2186 Marcellum

1381 2208 1829 2266 centurionem.
1865 2203 2332 2281 introductoque
2360 2251 2376 2275 ,
2410 2204 2653 2264 Anasta-

1382 2286 1508 2344 sius
1528 2283 1893 2345 Fortunatus
1917 2298 2153 2358 praeses
2174 2285 2228 2343 ei
2258 2282 2417 2344 dixit
2445 2306 2458 2341 :
2497 2283 2654 2357 Quid

1383 2360 1495 2424 tibi
1517 2364 1715 2424 visum
1743 2369 1828 2424 est
1859 2411 1872 2430 ,
1905 2368 1974 2423 ul
2003 2368 2222 2424 contra
2268 2362 2654 2442 disciplinam

1381 2443 1709 2504 militarem
1738 2451 1794 2503 te
1820 2442 2181 2522 discinqeres
2213 2491 2232 2512 ,
2262 2449 2316 2504 et
2346 2442 2655 2507 baltheum

1382 2539 1455 2583 ac
1509 2523 1688 2583 vitem
1741 2525 2124 2602 projiceres?
2180 2523 2496 2585 Marcellus
2555 2541 2653 2584 re-

1382 2603 1660 2679 spondit:
1706 2602 1842 2663 Jam
1883 2604 1976 2664 die
2002 2601 2342 2664 duodecimo
2372 2600 2655 2663 kalenda·

1383 2699 1527 2743 rum
1556 2682 1984 2760 Auyuslarum
2013 2681 2173 2759 apud
2201 2683 2378 2761 siqua
2415 2682 2656 2761 lenimus·

1383 2761 1585 2828 istim,
1618 2760 1856 2838 quando
1885 2763 2038 2824 diem
2061 2761 2291 2840 festum
2324 2762 2680 2841 Imperato-‘

1382 2843 1471 2902 ris
1518 2838 1860 2903 celebrastis
1885 2891 1900 2918 ,
1929 2840 2164 2918 publice
2202 2840 2373 2903 clara
2403 2859 2537 2902 voce
2566 2861 2655 2904 re·

1383 2920 1598 2998 spondi
1613 2937 1705 2979 me
1733 2919 2153 2984 Christianum
2174 2939 2320 2995 esse,
2343 2929 2397 2982 et
2437 2939 2618 2984 sacra
2635 2957 2652 2967 ·

1383 3007 1582 3061 mento
1639 2999 1782 3060 huic
1831 3001 2099 3062 militare
2148 3019 2271 3063 non
2318 3018 2510 3078 posse,
2540 3004 2665 3063 uisi

1384 3080 1527 3141 lesu
1561 3078 1801 3141 Christo
1829 3081 1950 3158 filio
1980 3082 2090 3142 Dei
2134 3082 2347 3142 Patris
2388 3084 2655 3158 omnipo·

1384 3161 1586 3221 lentis,
1621 3157 1966 3221 Anastasius
2002 3161 2372 3221 Fortunatus
2423 3178 2659 3236 praeses

1385 3241 1571 3300 dixit:
1616 3239 2031 3301 Temeritatem
2058 3246 2233 3301 tuam
2272 3239 2660 3303 dissimulare

1384 3336 1508 3379 novi.
1529 3334 1817 3394 possum;
1845 3326 1902 3381 et
1932 3318 2055 3381 ideo
2093 3319 2363 3397 referam
2393 3321 2500 3381 lzoc
2530 3321 2653 3381 Im-

1380 3394 1770 3476 peratoribas
1837 3406 1890 3460 el
1955 3399 2225 3462 Caesari.
2279 3401 2413 3478 Ipse
2462 3417 2657 3460 scmus

1385 3475 1827 3539 transmitteris
1911 3479 1990 3539 ad
2073 3478 2385 3540 dominum
2457 3497 2659 3541 meum

1387 3557 1711 3618 Aurelium
1734 3557 2149 3637 Ayricolaam,
2180 3566 2446 3639 aqenftem
2474 3560 2658 3622 vicem

1386 3636 1854 3714 Praefectorum
1942 3638 2218 3700 raetorio.
2254 3639 2515 3701 Mittitur
2544 3640 2658 3701 sub

1386 3717 1649 3778 custodia
1684 3716 1895 3778 Marcel
1932 3735 1997 3778 us
2025 3720 2305 3779 centurio
2339 3720 2401 3780 in
2431 3721 2657 3780 Mauri·

1391 3796 1616 3857 taniam
1678 3795 2062 3873 Tingitanam
2112 3796 2184 3859 ad
2220 3798 2539 3860 Aurelium
2585 3801 2658 3860 A·

1389 3876 1749 3948 gricolanm.
1823 3877 1932 3937 Die
2002 3880 2182 3938 tertio
2256 3878 2655 3940 kalendarum

1388 3954 1820 4016 Novembrium
1888 3959 1946 4016 in
2005 3960 2248 4018 civitate
2303 3958 2655 4034 Tingitana,

1392 4036 1738 4095 introducto
1765 4036 2041 4097 Marcello
2070 4053 2142 4099 ex
2168 4035 2661 4109 CenturionibuS,

1387 4129 1460 4172 ex
1521 4114 1718 4175 officio
1774 4116 2005 4176 dictum
2058 4124 2178 4177 est:
2231 4136 2260 4176 ‹
2311 4116 2661 4177 Anastasius

1389 4191 1762 4255 Fortunatus
1813 4210 2045 4271 praeses
2094 4195 2357 4272 legionis
2402 4194 2658 4256 Marce-l-

1439 4335 1464 4356 ·
1494 4335 1615 4375 Vitis
1646 4337 1983 4378 Centurionnm
2021 4337 2205 4386 insigne
2243 4338 2359 4379 erat.
2401 4337 2516 4377 Cum
2553 4336 2662 4384 ipss

1388 4394 1581 4442 milites.
1609 4399 1691 4447 qut
1719 4397 1900 4448 legibue
1929 4400 2214 4442 militaribus
2244 4411 2336 4442 non
2374 4401 2664 4449 obtempera-

1388 4461 1516 4504 bant.
1543 4460 1933 4503 verberabuntur.

2398 4557 2511 4620 64*
