2993 4837
546 307 670 369 -188
1254 286 1367 369 ἠε
1414 325 1468 370 s.
1524 324 1764 372 emoto
1821 323 2156 373 aoaaonso
2707 306 2858 372 NOV.

455 413 602 476 Mox
650 420 808 477 ante
853 407 1027 477 illud
1096 409 1164 476 in
1226 408 1486 496 majore
1532 408 1819 478 ecclesia
1868 408 2229 487 decenter,
2285 429 2445 477 cum
2508 422 2806 499 perpetua
2873 459 2897 494 ·.

452 517 732 566 crorum
781 497 1083 565 virorum
1131 508 1196 566 et
1242 497 1602 585 religiosae
1643 498 1927 567 militiae
1975 496 2311 578 custodia,
2350 496 2775 578 collocatum,
2804 519 2877 584 qna

453 585 771 675 draginta
806 586 1133 655 horarum
1170 585 1746 676 supplicationem
1784 586 1868 655 de
1900 608 2088 655 more
2137 586 2416 655 Carolus
2460 586 2763 665 instituit,
2789 586 2862 655 ho

452 674 638 743 clero
686 687 749 743 et
788 673 1049 764 populo
1101 674 1186 743 ad
1232 674 1779 744 conveniendum
1816 731 1831 750 ,
1898 675 2467 765 precandumque
2513 674 2812 745 distincte
2869 705 2893 758 ¹,

451 763 787 843 stributiS,
833 784 970 849 quo
1020 764 1087 831 in
1131 764 1660 853 supplicationis
1710 786 1993 833 munere
2041 778 2268 854 partes
2301 786 2464 834 suas
2501 765 2773 833 minime
2798 763 2859 831 d

451 851 678 920 derari
739 856 882 920 Dux
933 852 1080 940 ipse
1130 874 1417 941 passus;
1470 867 1572 922 est
1620 853 1916 943 singulis
1975 854 2206 932 horis,
2262 852 2578 943 singulas
2633 853 2883 922 concio

449 941 576 1010 viri
613 942 814 1020 sacri,
870 963 1068 1010 suam
1103 942 1421 1027 quisque,
1466 941 1703 1011 Carolo
1743 943 1826 1011 de
1861 964 2050 1012 more
2109 942 2175 1010 id
2217 942 2552 1031 exigente,
2604 942 2812 1011 habue

449 1030 651 1099 etiam
690 1030 1029 1119 Episcopi,
1064 1043 1131 1099 et
1160 1030 1543 1100 Cardinalis
1574 1031 1720 1121 ipse
1751 1030 2221 1101 Vercellensis.
2260 1030 2542 1100 Carolus
2575 1053 2727 1099 vero
2755 1030 2857 1120 plu
2873 1069 2883 1092 ,-

452 1119 717 1188 habuit.
772 1123 1078 1205 Cumque
1118 1119 1455 1207 plurimos
1506 1119 1993 1189 advenisse‘ex
2034 1120 2445 1209 propinquis
2491 1119 2778 1189 vallibus
2820 1119 2874 1186 h

450 1209 697 1277 reticos
731 1206 1289 1277 animadversum
1331 1220 1552 1289 esset,
1593 1221 1735 1277 tum
1773 1209 1858 1277 ad
1893 1230 2008 1278 eos
2049 1207 2396 1278 sanandos
2434 1229 2791 1278 conversae
2815 1230 2843 1275 s
2880 1209 2897 1264 J

449 1297 861 1375 conciones,
917 1309 1060 1365 tum
1130 1309 1403 1386 tempus
1465 1297 1908 1387 supplicandi
1963 1298 2166 1367 etiam
2230 1310 2697 1387 prorogatum.
2748 1304 2826 1366 Oc
2860 1329 2881 1358 ι-

451 1386 730 1454 demum
781 1384 892 1454 die
941 1386 1242 1465 CaroluS,
1299 1408 1457 1455 cum
1511 1399 1647 1456 toto
1695 1387 1845 1476 ejus
1896 1387 2221 1476 temporis
2268 1387 2489 1486 spatio
2545 1386 2611 1454 in
2661 1385 2872 1454 ecclesi

454 1476 631 1544 intra
683 1473 997 1563 parietes,
1038 1474 1103 1541 in
1150 1495 1409 1555 mensa,
1463 1488 1529 1543 et
1574 1475 1833 1561 ubique
1882 1474 2206 1545 salutaria
2260 1474 2466 1555 dicta,
2520 1475 2851 1565 exemplaq

452 1576 527 1632 ut
561 1564 812 1649 cuique
844 1563 1181 1651 conjicere
1210 1562 1407 1632 facile
1444 1576 1569 1643 est,
1602 1563 1877 1633 abunde
1911 1563 2328 1652 protulisset,
2358 1564 2501 1651 jam
2548 1564 2696 1652 jam
2738 1563 2876 1631 dis

450 1673 703 1730 suruS,
769 1651 1008 1740 longos
1057 1652 1299 1720 habuit
1344 1673 1503 1721 cum
1575 1656 1753 1722 Duce
1800 1652 1884 1721 de
1945 1653 2232 1743 imperio
2291 1654 2398 1741 pie
2444 1653 2871 1723 administrati

448 1740 848 1819 sermones;
904 1753 1047 1809 tum
1099 1762 1255 1809 vero
1302 1734 2123 1831 surrexiflamplissimus
2155 1741 2502 1830 PrincepS,
2557 1754 2627 1811 et
2662 1741 2744 1810 ad
2774 1744 2875 1809 Ca

454 1850 600 1899 sese
662 1827 867 1919 pedes
927 1828 1220 1913 ab'ecit3
1274 1828 1592 1917 idemque
1650 1829 1963 1900 Carolum
2028 1830 2467 1899 Emanuelem
2530 1830 2794 1908 filium,
2863 1857 2872 1890 ι

449 1918 784 2004 thumque
815 1922 980 1985 Ama
1033 1939 1187 1986 eum
1226 1918 1446 1987 facere
1479 1919 1713 2005 jussit,
1769 1942 1847 1987 ac
1881 1918 2192 2009 supplex,
2232 1932 2309 1988 ut
2348 1920 2502 1999 sibi,
2555 1920 2835 2004 filiisque
2870 1945 2877 1976 ι

448 2007 764 2075 nedicere
825 2006 1063 2088 vellet,
1118 2005 1532 2096 postulavit;
1588 2008 1947 2077 recusabat
1980 2008 2306 2087 Carolus,
2362 2030 2570 2077 suum
2624 2007 2690 2075 id
2731 2028 2801 2074 eo
2833 2005 2870 2073 Ι

448 2117 585 2164 non
643 2117 792 2165 esse
850 2095 1129 2176 dicens,
1183 2109 1249 2165 et
1300 2107 1635 2182 quantum
1691 2108 1994 2185 poterat,
2047 2118 2202 2165 eum
2259 2097 2520 2186 erigere
2568 2096 2841 2165 cenabat

448 2186 748 2254 instabat
782 2206 935 2253 vero
976 2189 1144 2264 Dux,
1193 2205 1424 2271 seque,
1469 2185 1603 2253 nisi
1636 2186 1813 2255 sacri
1848 2186 2029 2273 signi
2077 2186 2447 2274 expetitum
2503 2207 2759 2253 munus
2800 2204 2877 2251 ac

446 2273 701 2363 pisset,
762 2273 1054 2363 negabat
1110 2286 1632 2353 surrecturum;
1686 2296 1844 2343 cum
1918 2274 2256 2361 lacrymas
2315 2295 2534 2361 neque
2603 2279 2741 2342 Dux
2796 2274 2874 2361 ip*

450 2383 672 2451 neque
706 2363 1079 2432 astantium
1132 2363 1426 2450 quisque
1466 2374 1692 2433 tenere
1742 2376 1990 2453 posset,
2049 2364 2118 2432 in
2178 2377 2311 2433 tam
2365 2363 2737 2452 praeclara,
2789 2373 2864 2429 at

448 2451 699 2522 illustri
753 2451 1129 2540 singularis
1181 2453 1450 2542 pietatis
1500 2452 1989 2542 religionisque
2037 2454 2287 2542 specie.
2347 2457 2512 2521 Cum
2572 2454 2869 2543 impetras

448 2540 759 2620 tandem,
813 2540 993 2627 quod
1041 2541 1523 2628 postulaverat,
1571 2541 1782 2628 jussit
1831 2541 2131 2631 Principi
2181 2541 2368 2622 sitio,
2431 2541 2748 2610 Carolum
2792 2561 2877 2607 ον

448 2641 690 2708 craret,
744 2641 821 2697 ut
855 2650 927 2696 se
974 2629 1100 2698 filii
1151 2629 1299 2698 loco
1338 2651 1611 2719 semper
1641 2630 1891 2700 habere
1925 2630 2143 2708 vellet,
2185 2632 2332 2720 ipse
2411 2643 2698 2719 erpetuo
2731 2638 2850 2697 tant

446 2718 668 2786 virum
723 2716 1014 2798 coleret,
1068 2718 1355 2808 ejusque
1416 2720 1796 2809 praeceptis
1854 2719 2157 2788 studiose
2216 2719 2343 2787 obe
2399 2719 2564 2798 iret;
2639 2733 2774 2787 tum
2835 2716 2875 2782 i

444 2826 718 2892 quoque
768 2805 1084 2875 Carolum
1134 2828 1212 2875 ea
1246 2807 1330 2875 de
1371 2829 1439 2875 re
1475 2809 1909 2877 vehementer
1955 2808 2191 2877 oravit.
2249 2807 2323 2876 Id
2369 2830 2438 2877 re
2487 2808 2639 2897 ipsa
2680 2807 2847 2875 effect

450 2907 597 2962 est:
656 2915 809 2962 nam
868 2894 1075 2983 paulo
1124 2908 1275 2985 post
1323 2896 1695 2966 Emanuele
1755 2910 2073 2978 monac,
2128 2896 2406 2965 Carolus
2471 2894 2794 2966 Emanuel
2838 2896 2873 2958 D

444 2982 713 3062 factuS,
782 2983 1205 3053 Cardinalem
1260 2985 1473 3055 Patris
1541 2984 1689 3054 loco
1755 3007 2024 3075 semper
2085 2986 2369 3065 habuit;
2435 2985 2688 3071 illeque
2741 2988 2877 3052 Duc

443 3072 701 3158 quibus
735 3072 941 3141 rebus
976 3073 1197 3162 potuit
1230 3096 1502 3162 semper
1535 3073 1616 3142 ad
1656 3075 1973 3154 salutem,
2025 3075 2432 3164 imperiique
2476 3073 2874 3164 prosperitat

445 3161 921 3231 amantissime
985 3162 1205 3250 juvit:
1261 3183 1482 3248 neque
1543 3176 1818 3254 tempus
1872 3163 2097 3233 ullum
2157 3164 2797 3252 praetermiserunt,
2840 3170 2893 3242 q'.

446 3249 650 3319 simul
703 3271 849 3318 esse
884 3264 1204 3338 possent,
1259 3251 1425 3339 quin
1478 3273 1557 3320 eo
1598 3253 1901 3322 studiose
1936 3263 2312 3322 uterentur.
2353 3257 2451 3321 Ita
2494 3273 2566 3321 se
2608 3249 2830 3320 habuit
2866 3272 2876 3307 ι

444 3339 817 3429 regrinatio
867 3339 1021 3420 illa,
1071 3341 1339 3430 pietatis
1387 3339 1618 3409 fructu
1664 3342 1812 3410 sine
1867 3342 2080 3411 dubio
2138 3343 2203 3410 in
2248 3362 2488 3409 omnes
2527 3353 2749 3430 partes
2782 3342 2897 3429 u·-J.

446 3429 646 3508 rima,
695 3429 1068 3515 Caroloque
1102 3430 1232 3518 ipsi
1274 3429 1361 3498 ob
1401 3430 1815 3498 sanctissimi
1857 3431 2070 3498 Lintei
2103 3430 2168 3497 in
2201 3429 2444 3519 primis
2473 3424 2859 3514 contemplat

446 3538 599 3586 nem
641 3517 762 3586 diu
797 3519 1188 3606 expetitam,
1224 3516 1473 3586 deinde
1511 3519 1714 3587 etiam
1750 3519 1836 3587 ob
1871 3531 2290 3609 perspectam
2333 3518 2535 3586 Ducis
2569 3513 2822 3605 singula
2861 3536 2870 3551 ·

445 3606 790 3694 pietatem,
831 3606 1308 3698 Principisque
1340 3609 1672 3695 optimam
1717 3607 2016 3675 indolem
2046 3662 2060 3686 ‚
2106 3607 2644 3695 ,jucundissima
2703 3609 2822 3672 Non
2866 3624 2877 3657 ε

444 3693 1019 3781 praetereundum
1051 3749 1065 3774 ,
1122 3695 1626 3764 nobilissimam
1680 3697 1973 3765 civitatis
2011 3710 2419 3776 matronam,
2461 3694 2794 3768 baculum,
2829 3700 2897 3770 q:

444 3782 558 3850 ille
601 3784 665 3851 in
708 3784 948 3852 itinere
997 3806 1168 3852 usus
1206 3798 1371 3863 erat,
1431 3805 1681 3873 magno
1723 3784 1950 3876 studio
1999 3785 2464 3872 conquisitum
2521 3781 2700 3873 apud
2748 3799 2869 3874 se·

444 3893 770 3950 servasse,
811 3887 1012 3958 atque
1045 3872 1220 3942 inter
1259 3894 1366 3942 res
1395 3873 1790 3941 carissimas
1826 3873 2174 3953 habuisse,
2216 3887 2287 3942 ut
2324 3873 2630 3942 videatur
2663 3876 2883 3938 nomin

441 3960 782 4048 ejusmodi
837 3961 1129 4029 honores
1181 3984 1464 4050 prorsus
1512 3962 1872 4031 inusitatos
1922 3963 2156 4032 Carolo
2210 3976 2371 4031 tunc
2419 3984 2496 4030 eo
2555 3960 2695 4029 loco
2743 3957 2897 4024 hae-.-

443 4051 881 4118 constituisse
911 4105 925 4129 ,
979 4072 1137 4118 cum
1192 4050 1355 4120 alibi
1393 4050 1916 4132 sollicitudineS,
1969 4063 2034 4120 et
2075 4051 2421 4120 molestias
2465 4050 2799 4119 inusitatas
2836 4060 2859 4104 s

442 4138 741 4206 stineret.
798 4140 966 4207 lnde
1010 4139 1289 4209 Carolus
1338 4153 1614 4229 accepta
1665 4140 2110 4210 ecclesiarum
2164 4139 2619 4226 quarumdam
2672 4124 2903 4233 visenti·-

442 4248 593 4293 rum
644 4229 1023 4310 occasione,
1079 4229 1350 4297 divertit
1398 4228 1480 4297 ad
1535 4228 1905 4298 Varallium
1963 4242 2285 4306 montem,
2325 4242 2421 4308 ut,
2467 4235 2802 4317 proposttis
2828 4236 2889 4301 9²·

443 4313 611 4383 locis
658 4314 849 4383 illius
900 4317 1236 4404 imagines
1280 4318 1544 4386 Domini
1598 4318 2160 4406 perpessiouibus
2190 4373 2205 4399 ,
2262 4319 2484 4407 ipsam
2536 4332 2755 4385 rursus
2786 4323 2893 4390 qu·-

444 4402 600 4470 dam
655 4402 858 4469 modo
908 4406 1084 4472 sacri
1137 4406 1353 4472 Lintei
1402 4406 1863 4475 miserabilem
1918 4407 2240 4495 speciem.
2280 4427 2455 4492 quae
2494 4406 2636 4494 ejus
2666 4396 2875 4467 vulner·
