2993 4837
46 320 181 385 Not.
226 320 263 384 4
826 339 903 384 na
949 335 1004 382 s.
1058 336 1299 385 cxaono
1345 336 1679 385 Boaaouao
2312 324 2440 388 265

46 422 200 493 etiam
236 420 563 506 quasdam
602 421 880 491 dicendi
915 421 1097 491 faces
1144 421 1399 490 animis
1445 421 1839 492 auditorum
1895 423 2250 491 videbatur
2296 424 2531 494 admo-

44 532 193 580 vere:
239 509 394 579 dum
432 511 850 601 gravissima
886 510 1467 601 presbyterorum,
1512 510 1987 600 altissimaque
2021 533 2312 581 munera
2341 534 2531 582 com·

46 620 399 679 memoranS,
450 621 534 668 ex
585 598 802 669 altera
854 612 1065 688 parte,
1116 621 1321 687 quam
1376 598 1578 681 lente,
1631 622 1838 686 quam
1890 601 2278 682 oscitanter,
2321 623 2527 688 quam

40 686 188 757 foede
229 709 729 775 nonnunquam
768 742 784 765 ,
836 689 924 758 ab
971 687 1058 756 iis
1103 687 1780 769 administrarentur,
1838 689 2171 759 divinitus
2215 689 2530 759 ostende-

38 774 142 855 bat.
187 781 265 845 De
309 799 415 846 me
462 778 622 866 ipso
670 775 973 846 affirmo:
1026 798 1186 846 cum
1237 776 1319 845 ad
1368 798 1524 846 eum
1568 777 2016 857 audiendum,
2064 791 2141 847 ut
2178 777 2350 847 alias
2382 800 2531 847 sae-

44 865 182 955 pius,
221 867 283 933 in
317 865 584 955 synodo
616 887 769 936 esse
798 868 923 956 'pro
958 864 1287 935 modestia
1324 887 1450 935 sua
1478 866 1825 955 jussisset,
1877 866 1938 935 si
1976 865 2143 952 quid
2187 866 2251 934 in
2293 867 2524 949 rebuS,

44 974 181 1030 voce,
218 967 401 1043 gestu
449 955 915 1035 observarem,
970 953 1054 1024 de
1103 976 1241 1042 quo
1283 955 1546 1024 moneri
1585 953 1782 1024 illum
1834 967 2208 1043 oporteret,
2264 955 2530 1024 occulta

45 1041 282 1129 quadam
330 1044 702 1113 verborum
757 1042 946 1114 illius
994 1044 1083 1124 vi,
1138 1056 1436 1112 mentem
1489 1064 1709 1112 meam
1766 1043 1996 1113 subito
2038 1043 2124 1113 ab
2171 1064 2246 1111 ea
2295 1044 2531 1113 obser-

38 1116 196 1217 {zaudi
241 1132 609 1202 attentione
658 1131 1051 1211 abductam,
1108 1131 1194 1200 ad
1241 1131 1514 1200 divinas
1548 1132 1942 1210 sententias,
1990 1154 2166 1219 quae
2200 1132 2529 1219 loqueba-

38 1222 144 1301 tur,
168 1221 244 1288 ita
273 1242 703 1302 conversam,
735 1232 936 1307 atque
963 1220 1132 1290 adeo
1166 1234 1428 1311 raptam
1467 1220 1701 1295 fuisse,
1741 1234 1818 1290 ut
1845 1243 2050 1308 quam
2085 1220 2173 1289 ob
2204 1242 2522 1290 caussam

40 1326 104 1391 ¹aa
138 1323 382 1379 vocatus
428 1331 707 1391 essem,
762 1309 1014 1379 oblitus
1043 1364 1066 1389 ,
1123 1322 1257 1379 toto
1304 1310 1537 1378 animo
1589 1313 1651 1377 in
1703 1310 1852 1396 ejus
1899 1310 2204 1379 oratione
2257 1309 2527 1380 defixus

40 1404 291 1489 tenerer:
343 1412 515 1479 tum,
572 1398 774 1485 quasi
824 1397 1082 1484 aliquid
1140 1397 1344 1467 rebus
1394 1397 1718 1466 humanis
1767 1398 1991 1488 majus
2041 1397 2306 1468 viderer
2345 1399 2528 1489 aspi-

42 1500 199 1565 cere,
250 1498 447 1572 atque
495 1486 746 1555 audire
778 1542 794 1566 ,
848 1508 1115 1555 mecum
1146 1539 1167 1566 ,
1222 1498 1555 1574 quotquot
1601 1486 1858 1574 ubique
1907 1487 2082 1556 sacri
2131 1486 2524 1556 divinarum

44 1578 219 1647 ‘rerum
248 1573 639 1645 administri
675 1588 922 1655 essent,
966 1574 1057 1643 ibi
1091 1574 1331 1644 adesse
1368 1588 1671 1674 optarem
1704 1600 1720 1656 ;
1773 1575 2193 1663 demumque
2233 1576 2319 1646 ad
2356 1576 2522 1647 satis

45 1650 232 1819 {agae
258 1663 614 1733 concionis
660 1665 912 1733 exitum
967 1664 1175 1734 nimis
1222 1662 1532 1732 celeriter
1581 1686 1688 1734 me
1735 1664 2138 1744 adductum,
2196 1688 2356 1735 curn
2407 1664 2526 1734 ‹lo-

96 1771 149 1846 re
184 1754 513 1821 sentirem.
575 1756 1161 1822 commemoratus
1206 1765 1405 1821 antea
1448 1752 1513 1821 in
1552 1765 1685 1822 toto
1714 1752 1893 1822 clero
1930 1753 2174 1843 synodi
2218 1766 2524 1843 tempore

52 1852 363 1936 {tumorum
419 1855 695 1923 motuS,
751 1841 913 1912 satis
962 1840 1141 1910 idem
1192 1842 1577 1913 confirmat.
1637 1847 1837 1910 Porro
1879 1864 1984 1912 res
2026 1843 2261 1932 ipsae,
2313 1856 2520 1911 mate-

53 1942 253 2013 oesque
294 1930 679 2011 concioniS,
722 1928 973 2019 judicii
1014 1950 1304 2019 semper,
1342 1944 1406 1999 et
1442 1931 1507 1997 in
1563 1931 1724 2008 enii,
1782 1930 1848 1998 in
1903 1930 2145 2019 primis
2195 1953 2349 2001 vero
2388 1932 2525 2020 pie-

54 2015 160 2105 ptis
196 2018 548 2107 cujusdam
583 2018 959 2106 exquisitae
1016 2017 1245 2087 lumen
1288 2040 1524 2107 praese
1552 2020 1879 2098 erebant;
1922 2019 2158 2088 eadem
2207 2020 2522 2090 materies

98 2172 103 2173 a
199 2128 385 2194 mque
433 2106 831 2177 divinarum
884 2106 1262 2176 litterarum
1316 2106 1482 2176 locis
1537 2107 1925 2177 nitebatur:
1985 2108 2065 2176 iis
2105 2109 2287 2177 enim
2328 2107 2523 2177 libris

155 2196 457 2281 egendis,
511 2208 580 2265 et
631 2195 1044 2265 meditandis
1098 2195 1236 2265 fere
1293 2198 1789 2277 consumebat,
1842 2195 2179 2283 quidquid
2239 2196 2323 2265 ad
2373 2217 2522 2264 eam

189 2282 466 2354 dabatur
514 2284 662 2354 otii,
717 2284 1070 2375 Prophetis
1108 2284 1400 2354 maxime
1432 2284 1795 2354 studebat:
1848 2284 1967 2371 qui
2021 2284 2146 2354 loci
2182 2284 2523 2374 aptissimi

161 2386 219 2441 nt
257 2373 334 2442 ad
391 2372 604 2464 hujus
657 2374 981 2463 temporis
1029 2394 1231 2444 usum
1266 2428 1282 2454 ‚
1334 2395 1450 2444 eos
1501 2373 1793 2444 babebat
1843 2374 1912 2443 in
1966 2386 2324 2464 promptu,
2386 2387 2520 2442 tra·

165 2472 341 2549 atque
387 2473 759 2544 accurate;
811 2462 895 2532 ad
946 2484 1096 2531 eam
1148 2484 1334 2542 rem,
1393 2476 1535 2532 tum
1587 2463 1670 2532 ad
1723 2464 2067 2543 universa,
2132 2485 2306 2549 quae
2357 2461 2525 2530 inci·

74 2627 89 2646 ο
168 2562 227 2617 nt
266 2551 768 2632 concionando,
826 2551 1146 2622 Ludo'vici
1196 2552 1638 2621 Granatensis
1686 2552 1961 2641 scriptis
2002 2552 2320 2621 utebatur
2372 2550 2526 2640 plu-

147 2658 286 2706 um:
334 2641 546 2730 cujus
614 2640 916 2710 hominis
972 2640 1227 2727 alioqui
1286 2640 1561 2729 penitus
1625 2641 2020 2730 religionem
2057 2696 2071 2720 ,
2120 2640 2464 2728 jndicium
2503 2694 2518 2720 ,

145 2726 502 2816 trinamque
548 2728 783 2800 multis
820 2728 1014 2798 libris
1054 2728 1495 2808 declaratam,
1534 2729 1703 2799 adeo
1732 2731 1985 2799 amavit
2017 2743 2080 2799 et
2114 2729 2517 2810 observavit,

134 2810 556 2899 familiariter,
609 2817 1166 2905 amicissimeque
1217 2839 1337 2908 per
1386 2817 1643 2888 litteras
1694 2818 2063 2903 salutaret;
2110 2840 2330 2906 neque
2380 2819 2527 2908 ipsc

53 2897 237 2984 telum,
282 2929 490 2992 quam
548 2906 696 2994 ejus
745 2906 1012 2976 labores
1059 2907 1191 2976 sibi
1241 2907 1417 2998 grati
1466 2919 1715 2986 essent,
1769 2908 2045 2995 saepius
2080 2908 2518 2998 significavit,

54 2985 137 3072 ad
175 3006 237 3089 ut
280 2994 584 3065 Pontifex
640 2996 1009 3085 Gregorius
1059 2995 1298 3065 litteris
1346 2997 1493 3065 suis
1544 2995 1722 3064 idem
1779 2995 2050 3083 publice
2110 3009 2515 3076 testaretur,

54 3071 249 3162 fluctu
298 3084 515 3153 immo
557 3105 836 3155 curasse
883 3085 1164 3165 scimus,
1220 3097 1293 3153 ut
1342 3084 1406 3152 in
1462 3083 1929 3153 cardinalium
1989 3083 2354 3170 collegium
2414 3084 2526 3154 ille

54 3173 461 3254 muretum
518 3173 823 3261 optimus
871 3193 1025 3241 vero
1072 3194 1273 3242 senex
1323 3194 1480 3241 eum
1534 3185 1770 3242 contra
1809 3173 1897 3242 ob
1930 3172 2353 3262 singularem
2391 3174 2525 3241 vir-

52 3253 230 3338 tutem,
261 3260 799 3352 religionemque
846 3260 1108 3330 colebat
1147 3262 1574 3332 observantia
1611 3262 1973 3351 singulari,
2011 3261 2404 3349 mirumque
2456 3262 2523 3329 in

54 3317 271 3440 badum
315 3351 465 3439 ejus
514 3349 787 3419 eximiis
842 3350 1207 3420 virtutibus
1238 3405 1254 3429 ‚
1311 3351 1650 3437 rebusque
1698 3350 1906 3440 gestis
1968 3349 2388 3429 laetabatur;
2441 3348 2525 3417 de

51 3423 249 3606 {asbus
290 3453 364 3507 ut
410 3438 919 3520 scriberemus,
973 3460 1088 3508 sae
1143 3439 1253 3509 ius
1317 3438 1630 3529 urgendo
1689 3462 1810 3508 nos
1859 3437 2273 3529 appellavit,
2326 3451 2392 3506 et
2438 3437 2519 3505 ad

104 3538 152 3584 ¹11
196 3525 667 3610 perficiendam
718 3527 865 3597 suis
913 3530 1093 3616 preci
1153 3552 1257 3609 uS‚
1296 3528 1550 3607 vivens,
1588 3541 1653 3597 et
1686 3541 1759 3597 ut
1790 3550 1988 3617 spero
2026 3538 2174 3616 post
2211 3539 2519 3604 mortem,

132 3624 299 3680 anter
336 3615 536 3703 juvit.
593 3621 940 3686 Postremo
981 3639 1133 3687 vero
1170 3616 1448 3687 Carolus
1480 3616 1781 3705 amplam
1822 3616 1954 3686 sibi
2007 3616 2150 3703 ipse
2191 3613 2520 3692 locorum,

105 3702 620 3791 ptentiarumque
668 3704 909 3774 silvam
963 3706 1445 3794 comparabat,
1500 3727 1578 3774 ex
1627 3704 1880 3774 divinis
1936 3702 2221 3861 Scriptis
2273 3702 2339 3772 in
2393 3702 2530 3802 pri-

101 3802 188 3866 ts,
233 3792 340 3860 sed
391 3815 472 3862 ex
519 3793 673 3864 aliis
721 3814 995 3881 quoque
1053 3795 1267 3863 sacris
1327 3794 1568 3865 libris:
1624 3806 1767 3863 tum
1818 3814 1895 3862 ex
1961 3815 2084 3884 pro
2136 3791 2265 3862 atis
2320 3803 2524 3860 ettam

109 3887 387 3969 notorum
455 3881 750 3951 virorum
817 3882 1167 3962 historiis,
1223 3882 1627 3954 salutarium
1681 3882 1949 3971 copiam
2005 3879 2522 3970 exemplorum:

84 3959 253 4054 tubus
298 3971 621 4067 omnibus
669 3969 1010 4051 distincte,
1063 3971 1438 4059 ordineque
1487 3971 1829 4060 sepositiS,
1883 3969 1965 4039 ad
2019 3970 2323 4039 diversas
2371 3988 2533 4067 con-

133 4069 233 4121 nes
287 4070 379 4124 uti
435 4072 702 4145 posset,
756 4059 1323 4145 quotiescumque
1370 4082 1504 4129 usu
1565 4059 1863 4139 veniret,
1918 4079 2075 4128 cum
2182 4070 2527 4127 raesertim

91 4151 273 4233 rqpter
316 4147 842 4235 occupationeS,
899 4148 1198 4238 spatium
1255 4147 1540 4217 minime
1588 4148 1869 4217 daretur
1916 4146 2322 4234 singilatim
2365 4166 2530 4215 con-

125 4229 336 4298 irendi.
392 4234 583 4302 Varia
634 4256 879 4323 genera
931 4248 1158 4305 mente
1218 4236 1890 4326 comprehendebat,
1946 4235 2031 4302 de
2091 4234 2346 4321 quibus
2395 4233 2526 4302 sibi

169 4327 229 4383 nt
270 4321 466 4390 verba
513 4323 599 4391 ad
637 4323 964 4412 populum
1002 4322 1353 4404 facienda;
1408 4339 1552 4394 tum
1595 4324 1865 4394 divinos
1901 4323 2111 4392 libros
2154 4334 2403 4391 attente
2435 4321 2529 4389 le-

120 4409 399 4496 ns,q110d
450 4411 520 4479 in
561 4431 835 4498 quoque
882 4435 1103 4502 genus
1140 4413 1610 4492 conveniebat,
1648 4412 1816 4482 illud
1857 4410 2132 4480 notabat
2165 4407 2532 4500 diligenter

2647 4461 2702 4502 μ·
