2993 4837
23 337 164 405 mv.
214 338 253 401 8
666 355 743 399 ni:
793 356 847 400 s.
901 354 1251 402 eom-:raino
1299 356 1397 401 ΕΡ.
1452 356 1834 401 AimiANExsi
2308 336 2434 399 365

25 463 116 529 pro
160 450 642 508 momentanea
676 436 1118 507 delectatione
1159 452 1291 508 tam
1344 438 1637 508 solemni
1686 439 1795 508 die
1842 437 2328 508 communione
2377 438 2519 525 pri-

25 542 242 597 ventur.
317 532 527 596 Porro
589 527 968 616 Episcopus
1020 527 1344 616 pastorali
1413 529 1766 598 severitate
1813 541 2036 609 utenS,
2158 525 2525 613 resbyteris

19 618 301 687 omnibus
348 617 730 705 praecepit,
785 637 869 683 ne
916 637 1119 702 quem
1168 638 1249 685 ex
1297 616 1382 686 iis
1428 617 1548 703 qui
1587 639 1831 688 carnes
1889 638 2083 685 come
2137 616 2385 693 issent,
2440 615 2526 683 ad

19 705 474 775 Eucharistiam
537 704 952 774 sumendam
1011 703 1470 774 admitterent.
1526 705 1800 776 Volebat
1853 705 2035 774 enim
2089 705 2217 773 hac
2269 704 2530 772 ratione

17 816 133 863 eam
164 793 601 863 insolentiam
654 793 1026 883 reprimere
1073 805 1138 861 et
1184 796 1517 876 coercere,
1556 816 1641 863 ne
1675 793 1929 865 similia
1976 792 2389 880 quandoque
2426 804 2525 860 at-

17 894 334 953 tentarent.
390 881 522 951 Sed
575 904 734 951 ecce
766 882 916 971 ipso
964 882 1356 952 Dominicae
1389 883 1908 952 resurrectionis
1956 904 2149 952 sacro
2186 880 2321 962 die,
2360 880 2532 951 fide-

20 972 168 1041 libus
211 970 293 1041 ad
343 970 872 1061 percipiendam
949 971 1447 1041 Eucharistiam
1520 972 2043 1053 accedentibUS,
2117 971 2401 1058 quidam
2449 992 2529 1039 ex

21 1060 225 1130 mundi
271 1061 484 1151 hujus
538 1059 995 1149 sapientibus,
1051 1060 1147 1129 vel
1190 1061 1414 1148 potius
1464 1060 1974 1150 insipientibus,
2014 1082 2175 1130 cum
2226 1082 2297 1128 se
2334 1081 2524 1128 reum

19 1152 189 1218 sciret
227 1151 397 1239 ejuS,
451 1171 669 1236 quam
704 1148 1033 1229 diximuS,
1082 1150 1675 1249 transgressionis,
1733 1170 1854 1220 nec
1905 1162 2131 1218 tamen
2181 1148 2526 1218 abstinere

19 1238 184 1307 vellet
225 1262 262 1307 a
308 1261 507 1308 sacra
560 1237 1072 1316 communione,
1129 1238 1535 1308 muliebrem
1588 1238 1899 1309 habitum
1953 1237 2200 1319 induit,
2254 1258 2527 1306 sexum-

17 1346 126 1481 ἔαρ
153 1327 562 1397 foemineum
611 1326 782 1395 adeo
838 1326 1191 1405 mentitur,
1244 1338 1318 1394 ut
1375 1348 1509 1396 non
1564 1327 1780 1407 aliud,
1833 1349 2039 1414 quam
2092 1325 2390 1395 foemina
2427 1326 2525 1391 vi-

64 1426 273 1485 eretur.
324 1416 485 1485 Vult
535 1416 900 1484 hominum
976 1414 1212 1485 oculos
1284 1414 1554 1494 fallere,
1613 1416 1726 1485 sed
1789 1417 2021 1485 omnia
2072 1415 2363 1485 videntis
2414 1414 2530 1482 Dei

25 1504 217 1574 oculos
261 1504 496 1574 fallere
549 1525 688 1572 non
741 1516 978 1593 potest.
1021 1508 1100 1573 Ut
1140 1516 1290 1594 post
1338 1502 1492 1572 aliis
1528 1505 1859 1574 insultare
1891 1517 2117 1591 queat,
2161 1503 2344 1591 quod
2375 1504 2531 1602 Epi-

23 1610 191 1681 scopo
218 1594 437 1663 obtem
497 1604 796 1672 erantes,
850 1593 919 1660 in
971 1604 1152 1662 tanta
1197 1593 1557 1663 hominum
1610 1592 1989 1681 frequentia
2032 1614 2102 1661 se
2153 1594 2336 1682 passi
2390 1604 2526 1661 sint

27 1692 330 1767 tamquam
377 1697 440 1751 et
499 1682 698 1751 nicos
746 1681 961 1750 arceri
1010 1703 1046 1749 a
1096 1681 1623 1751 communione:
1677 1683 1937 1751 accedit
1975 1682 2057 1750 ad
2104 1682 2339 1763 altare,
2394 1702 2529 1750 non

27 1764 369 1854 dijudicans
415 1792 677 1858 corpus
731 1770 1020 1849 Domini,
1059 1791 1181 1839 nec
1232 1784 1547 1839 metuens
1571 1771 1867 1861 Apostoli
1904 1771 2336 1848 sententiam,
2368 1792 2527 1838 eum

29 1858 124 1941 qui
163 1859 429 1947 indigne
500 1857 677 1927 illud
730 1860 1143 1939 manducet,
1205 1859 1536 1927 'udicium
1595 1859 1727 1928 sibi
1792 1859 2232 1928 manducare.
2289 1865 2411 1927 Per
2461 1856 2526 1925 id

34 1957 256 2034 tempus
300 1946 367 2017 in
420 1948 741 2027 ecclesia,
798 1948 865 2015 in
907 1969 1041 2034 qua
1098 1948 1180 2018 ist
1236 1970 1320 2016 uc
1369 1947 1640 2022 accidit,
1694 1969 2005 2035 quaeque
2054 1948 2120 2015 in
2173 1947 2352 2016 beati
2402 1952 2530 2016 Re-

39 2034 188 2123 migii
234 2038 564 2106 honorem
609 2049 999 2105 constructa
1047 2048 1181 2116 cst,
1236 2036 1339 2105 vir
1388 2036 2000 2106 reverendissimus
2055 2035 2260 2105 Fulco
2308 2057 2533 2104 sacer-

41 2120 180 2192 dotio
219 2126 661 2217 fungebatur.
715 2130 780 2194 Is
830 2125 1178 2193 hominem
1234 2146 1366 2194 non
1420 2148 1452 2195 a
1514 2146 1825 2205 noscen3‚
1882 2125 2180 2194 admittit
2227 2145 2383 2193 eum
2444 2122 2528 2191 ad

44 2208 224 2308 altare,
275 2215 568 2305 porrigit
605 2213 663 2283 ei
701 2214 1237 2283 Eucharistiam:
1279 2213 1392 2283 sed
1433 2215 1452 2283 i
1487 2216 1571 2295 le,
1610 2214 1843 2282 divina
1874 2235 2032 2283 eum
2086 2225 2532 2302 persequente

45 2299 308 2384 vindicta,
361 2302 668 2372 corruit:
729 2303 1084 2371 acerrimis
1124 2303 1460 2373 viscerum
1522 2302 1877 2373 doloribus
1925 2302 2295 2381 cruciatur,
2371 2323 2531 2389 spu·

41 2406 270 2478 masque
317 2403 641 2463 cruentas
689 2392 775 2461 ab
823 2413 938 2462 ore
969 2391 1272 2481 ejiciens,
1312 2391 1490 2479 quod
1544 2392 1875 2483 indignus
1923 2402 2333 2482 sumpserat,
2370 2411 2529 2458 cum

37 2478 212 2549 multo
245 2483 607 2573 sanguine,
661 2483 931 2550 cunctis
977 2481 1456 2562 cernentibuS‚
1511 2484 1782 2551 evomit.
1838 2486 2216 2551 Accurrunt
2264 2500 2528 2557 omnes,

35 2561 224 2637 dolent
257 2573 471 2640 vicem
524 2571 674 2660 ejus
719 2569 1049 2660 (necdum
1091 2570 1273 2638 enim
1325 2570 1557 2651 aliud,
1618 2593 1825 2657 quam
1877 2570 2247 2639 foeminam
2299 2567 2533 2637 crede-

23 2647 233 2744 ibant),
285 2660 490 2730 Fulco
541 2659 859 2729 sacerdos
908 2680 1120 2749 prope
1167 2659 1504 2727 exanimis
1555 2659 1860 2739 advolat,
1916 2659 2302 2728 sciscitatur
2350 2655 2534 2726 unde

37 2749 271 2827 venerit,
321 2771 498 2835 quae
548 2748 658 2827 sit,
713 2770 853 2835 qua
916 2770 1128 2817 causa
1179 2759 1313 2815 tam
1371 2747 1780 2817 horrendam
1835 2749 2132 2835 patiatur
2179 2747 2533 2817 calamita-

43 2837 167 2927 tem.
199 2839 328 2905 Non
376 2837 563 2906 enim
603 2836 853 2905 frustra
895 2835 961 2904 id
1014 2858 1183 2906 esse.
1233 2835 1352 2904 Ille
1403 2836 1676 2905 tandem
1727 2836 2030 2906 collectis
2073 2835 2384 2906 nonnihil
2442 2835 2537 2903 vi-

43 2917 215 3015 ribus,
264 2924 598 2995 foemineo
647 2925 908 3014 abjecto
936 2924 1199 3004 habitu,
1239 2923 1560 3005 declarat,
1607 2926 1764 3012 quis
1797 2926 1917 3010 sit;
1968 2947 2089 2994 nec
2123 2925 2306 2994 enim
2343 2923 2538 2994 dolor

43 3009 260 3105 sinebat
303 3036 460 3083 eum
516 3013 780 3083 diutius
827 3013 1292 3084 dissimulare.
1348 3019 1516 3081 Tum
1568 3035 1723 3082 vero
1780 3014 1873 3083 ait
1911 3013 1995 3082 ad
2046 3035 2201 3082 eum
2256 3035 2535 3082 venera-

46 3092 172 3191 bilis
211 3102 558 3192 presbyter
605 3101 843 3171 Fulco:
902 3125 938 3167 «
974 3107 1122 3184 Qua
1177 3114 1252 3171 tu
1303 3116 1525 3170 mente
1573 3116 1691 3171 aut
1749 3102 1964 3171 fronte
2012 3124 2227 3171 ausus
2273 3124 2345 3171 es
2398 3115 2533 3170 tam

45 3187 384 3260 inauditum
456 3191 819 3292 designare
873 3191 1168 3272 facinuS,
1222 3203 1298 3260 ut
1346 3212 1512 3259 sexu
1573 3191 1939 3271 ementitO,
1997 3202 2231 3258 contra
2279 3190 2533 3280 egregii

47 3271 335 3350 Praesuiis
367 3278 714 3350 Godefridi
748 3291 1208 3369 praeceptum,
1248 3279 1618 3350 tremendis
1647 3293 1707 3348 te
1748 3279 2054 3367 ingerere
2089 3278 2536 3346 sacramentis

50 3378 156 3456 {ton
200 3364 592 3463 dubitares?
639 3374 778 3438 Non
833 3381 907 3437 tu
963 3369 1315 3458 gehennae
1363 3381 1676 3437 aeternos
1721 3368 2071 3437 cruciatus
2109 3380 2173 3434 et
2222 3366 2537 3433 flammas

46 3457 554 3545 inextinguibiles
605 3457 971 3526 formidare
1017 3457 1360 3527 debuisti?
1392 3481 1427 3520 >s
1477 3458 1598 3526 His
1647 3467 1847 3544 atque
1898 3456 2053 3524 aliis
2102 3478 2141 3523 a
2190 3454 2534 3522 sacerdote

50 3533 235 3635 dictis,
285 3544 396 3612 ille
433 3546 641 3615 miser
687 3568 961 3615 summo
1039 3545 1298 3637 pudore
1347 3547 1666 3615 affectus:
1721 3550 1932 3615 «Heu
1984 3567 2089 3613 me
2145 3542 2482 3611 infelicem
2518 3596 2533 3620 ,

49 3639 138 3725 ait,
185 3632 291 3715 qui
337 3633 457 3704 diu
509 3637 724 3704 instar
781 3635 940 3720 equi
999 3648 1064 3704 et
1113 3634 1281 3703 muli
1333 3656 1454 3723 per
1502 3634 1741 3703 illicita
1802 3634 2145 3711 diffluens,
2207 3630 2533 3719 quicquid

50 3732 242 3785 animo
285 3722 661 3793 collibitum
711 3735 909 3802 esset,
943 3723 1378 3813 impudenter
1410 3722 1683 3792 admisi.
1725 3723 1909 3792 Unde
1961 3722 2231 3791 tandem
2286 3719 2349 3787 id
2381 3741 2539 3788 con-

53 3817 318 3876 secutum
363 3823 485 3892 est,
522 3811 703 3898 quod
758 3811 1075 3881 Salomon
1104 3813 1227 3881 ait:
1285 3814 1542 3902 Impius
1575 3835 1725 3880 cum
1756 3815 1826 3880 in
1849 3813 2259 3901 profundum
2292 3811 2539 3877 veneri!

53 3905 444 3994 iaceat-orum,
497 3903 849 3968 contemnit
896 3900 1121 3988 (Prov.
1175 3901 1386 3989 xvm).
1431 3906 1668 3987 Itaque
1712 3913 1933 3969 erecta
1981 3900 2264 3976 cervice,
2319 3910 2539 3985 spreta

56 3985 329 4054 antistitis
367 3988 646 4058 salutari
685 3989 1163 4079 prohibitione,
1221 3990 1355 4058 huc
1388 3990 1686 4060 accessi:
1727 3988 1843 4057 sed
1883 3988 2153 4057 tandem
2194 3986 2543 4054 vexatione

60 4063 223 4139 dante
269 4074 676 4146 intellectum
726 4077 1016 4158 auditui,
1081 4100 1151 4146 re
1209 4078 1356 4167 ipsa
1408 4078 1556 4168 jam
1626 4077 1954 4166 comperi,
2009 4075 2319 4145 facienda
2369 4095 2538 4144 esse.

59 4172 198 4236 quae
233 4161 416 4248 jubet
448 4166 848 4256 Episcopus,
888 4189 924 4233 »
952 4166 1257 4235 Christus
1304 4168 1484 4235 enim
1528 4188 1650 4255 per.
1679 4187 1835 4234 eum
1875 4167 2144 4235 locutus
2190 4177 2310 4234 est.
2367 4167 2543 4231 Haec

62 4254 120 4308 ut
157 4249 393 4321 audivit
442 4254 739 4343 populus
785 4256 1282 4334 circumstans,
1341 4255 1536 4323 valde
1590 4256 1856 4325 horruit
1889 4254 2249 4323 infandum
2292 4251 2541 4330 scelus,

67 4324 319 4431 laudavit
364 4341 610 4411 Christi
648 4343 931 4430 judicia,
987 4343 1215 4412 abdita
1255 4342 1318 4411 in
1360 4342 1581 4413 lucem
1636 4342 2061 4431 proferentiS,
2100 4339 2539 4411 Godesridum

71 4419 428 4518 Episcopum
471 4430 640 4500 mire
684 4433 942 4514 extulit,
985 4432 1288 4502 exactius
1348 4431 1595 4500 deinde
1638 4433 1832 4520 jussa
1880 4433 2031 4522 ejus
2082 4452 2151 4501 se
2201 4431 2543 4498 facturum
