2993 4837
502 246 584 310 88
1131 261 1207 306 ns
1255 260 1310 305 s.
1365 256 1683 306 umnam
1731 260 1829 305 ar.
1884 259 2222 305 uincimus
2311 227 2326 239 ’
2661 241 2818 306 Nov.
2861 243 2892 305 3

411 362 476 414 vt
537 344 834 414 Ecclesia
895 365 1128 433 pacem
1182 343 1506 425 habente,
1561 343 1758 413 liceat
1825 343 2044 412 redire
2099 343 2183 412 ad
2248 343 2538 432 priorem
2611 365 2892 432 sponsam

416 456 662 514 meam,
697 445 762 502 et
809 433 1130 512 amicam,
1187 430 1270 500 de.
1301 454 1437 519 qua
1488 432 1741 521 rapior,
1799 445 2304 522 paupertatem:
2365 445 2429 501 et
2479 454 2597 521 pro
2649 453 2752 500 me
2784 431 2898 501 illic

411 523 626 593 alium
664 521 1102 601 substituere,
1141 521 1261 608 qui
1301 533 1464 591 tunc
1507 520 1673 591 forte
1724 532 2029 610 repertus
2080 521 2367 590 idoneus
2401 519 2624 591 fuerit.
2656 545 2690 587 »
2720 524 2901 611 Spon-

413 611 734 681 dentibus
785 609 955 691 illis,
982 609 1260 679 demum
1311 610 1650 695 acquievit
1702 609 2030 680 voluntati
2078 632 2342 691 eorum,
2398 609 2494 679 vel
2541 623 2757 699 potius
2789 609 2899 678 Dei.

494 702 534 788 ξ
581 704 713 772 11.
764 705 1242 768 Verumtamen
1273 699 1612 768 civitatem
1670 720 1802 767 non
1862 699 2159 777 intravit,
2195 698 2532 785 quamdiu
2571 697 2682 767 ille
2745 698 2905 768 incn-

414 791 607 858 bator
645 788 844 857 vixit:
893 809 973 856 ne
1007 786 1135 856 hac
1186 787 1544 856 occasione
1568 788 1992 877 contingeret
2041 788 2213 856 mori
2246 808 2665 874 quemquam
2711 808 2786 855 ex
2819 786 2906 854 his

410 877 664 965 quibus
716 877 917 945 vitam
982 875 1199 966 magis
1248 875 1769 945 ministraturus
1820 876 2150 945 veniebat.
2224 881 2323 945 Ita
2401 897 2521 965 per
2569 874 2905 952 ,biennium

410 969 599 1055 (nam
649 965 710 1033 id
765 965 1092 1055 temporis
1122 965 1499 1052 supervixit
1542 964 1686 1051 ille)
1731 986 1943 1052 agens
1991 978 2176 1033 extra
2218 966 2484 1045 urbem,
2550 979 2814 1034 strenue
2853 964 2906 1030 in

415 1054 736 1124 universa
786 1053 1135 1143 provincia
1204 1075 1379 1142 opus
1447 1052 1847 1143 Episcopale
1896 1054 2219 1122 exercuit.
2284 1052 2410 1122 Illo
2474 1054 2685 1142 igitur
2737 1051 2908 1120 celeri

417 1156 630 1212 morte
664 1140 839 1211 facto
877 1142 961 1211 de
1012 1141 1259 1221 medio,
1303 1163 1578 1211 rursum
1629 1141 1934 1242 Nigellus
1980 1141 2260 1229 quidam
2291 1195 2306 1221 ,
2363 1142 2575 1211 immo
2625 1163 2778 1211 vero
2826 1140 2909 1208 ni-

415 1231 779 1322 gerrimuS,
833 1231 1061 1300 sedem
1126 1231 1528 1331 praeripuit.
1590 1235 1667 1299 Et
1715 1253 1782 1299 in
1835 1229 1962 1298 hoc
2023 1231 2294 1299 animae
2343 1253 2508 1300 suae
2569 1228 2910 1299 Mauricius

415 1320 643 1410 adhuc
674 1320 903 1389 vivens
953 1318 1360 1410 providerat,
1398 1333 1471 1388 ut
1520 1319 1704 1389 bunc
1756 1319 2030 1389 haberet
2081 1319 2477 1388 haeredem:
2534 1319 2602 1387 in
2653 1341 2786 1405 quo
2817 1316 2910 1403 qui

414 1408 853 1478 damnandus
888 1409 1135 1490 exibat,
1171 1409 1494 1498 operibus
1521 1408 1815 1497 adjicere
1846 1407 2313 1484 damnationis
2354 1408 2764 1496 persisteret.
2791 1411 2914 1475 Erat

414 1498 594 1566 enim
632 1510 696 1567 et
743 1497 888 1586 ipse
933 1520 1012 1565 ex
1077 1496 1402 1567 damnata
1453 1498 1772 1588 progenie
1819 1509 2154 1586 cognatus
2207 1497 2540 1566 Mauricii.
2591 1500 2909 1566 Caeterum

421 1592 578 1667 Rex,
620 1599 684 1655 et
710 1585 1064 1675 Episcopi,
1101 1598 1166 1653 et
1216 1584 1449 1654 fideles
1476 1599 1691 1655 terrae
1727 1585 2186 1655 nihilominus
2210 1599 2703 1665 convenerunt,
2741 1598 2811 1654 ut
2837 1585 2914 1650 ia-

419 1674 852 1745 troducerent
900 1673 1329 1743 Malachiam.
1385 1679 1459 1743 Et
1504 1696 1658 1744 ecce
1705 1675 2068 1744 consilium
2125 1673 2656 1760 malignantium
2699 1696 2775 1742 ex
2817 1669 2914 1740 ad·

419 1785 631 1832 verso.
685 1763 975 1847 Quidam
1026 1762 1109 1831 de.
1167 1763 1330 1832 filiis
1377 1763 1584 1832 Belial
1638 1777 1996 1865 promptus
2025 1761 2110 1832 ad
2155 1763 2483 1833 malitiam
2514 1817 2528 1842 ,
2586 1776 2821 1850 potens
2861 1760 2912 1826 in

421 1852 1036 1939 iniquitate,sciens
1064 1851 1313 1931 locum,
1355 1852 1471 1922 ubi
1511 1868 1762 1940 pariter
1788 1853 2150 1921 convenire
2181 1851 2670 1932 decrevissent,
2710 1849 2910 1919 multis

414 1941 800 2030 aggregatis
849 1931 1017 2021 sibi,
1075 1941 1357 2011 latenter
1432 1942 1733 2011 vicinum
1805 1953 2092 2031 occupat
2138 1940 2382 2010 collem
2448 1939 2852 2010 eminentem
2887 1955 2916 2002 e

418 2029 731 2120 regione:
791 2029 974 2099 unde
1028 2028 1163 2098 illis
1212 2031 1664 2100 tractantibus
1728 2029 1907 2110 alia,
1990 2030 2344 2119 repentino
2405 2029 2673 2119 impetu
2741 2045 2914 2116 supet

421 2118 729 2188 incautos
769 2118 1128 2198 irruerent,
1183 2139 1247 2188 et
1296 2120 1754 2189 interficerent
1802 2119 2219 2189 innocentes.
2257 2117 2716 2188 Condixerant
2761 2116 2916 2184 enim

318 2228 326 2237 ·
416 2207 621 2277 etiam
661 2214 909 2297 Regem
961 2229 1117 2277 cum
1174 2207 1504 2298 Episcopo
1558 2208 1934 2289 trucidare,
1988 2221 2238 2277 utnon
2289 2219 2488 2286 esset,
2544 2207 2672 2293 qui
2733 2202 2918 2273 vindi-

413 2310 595 2366 caret
643 2298 1049 2386 sanguinem
1090 2297 1382 2385 justum.
1445 2303 1573 2366 Res
1620 2297 1915 2366 innotuit
1969 2296 2362 2374 Malachiae,
2414 2311 2479 2364 et
2514 2297 2784 2364 intrans
2826 2297 2916 2361 Ee·

414 2383 691 2456 clesiam
740 2386 914 2474 (erat
943 2385 1123 2455 enim
1181 2386 1439 2542 prope),
1479 2386 1758 2456 elevatis
1808 2385 2154 2464 manibus,
2184 2386 2399 2455 oravit
2427 2384 2512 2454 ad
2547 2385 2913 2481 Dominum.

417 2479 492 2543 Et
536 2497 691 2544 ecce
740 2475 959 2543 nubes
1005 2487 1069 2542 et
1100 2496 1177 2543 ca
1213 2474 1345 2564 ig0‚
1403 2475 1519 2544 sed
1570 2490 1636 2545 et
1675 2475 2024 2544 tenebrosa
2076 2497 2252 2562 aqua
2298 2476 2361 2543 in
2414 2474 2725 2544 nubibus
2770 2475 2914 2570 aet-ts

416 2563 596 2631 diem
635 2575 978 2631 verterunt
1021 2562 1086 2630 in
1132 2576 1419 2632 noctem.
1474 2565 1771 2653 Fulgura
1819 2586 2093 2650 quoque
2145 2581 2208 2632 et
2257 2564 2579 2642 tonitrua,
2618 2577 2688 2632 et
2730 2562 2916 2630 horri-

417 2650 587 2720 biles
635 2651 918 2739 spiritus
952 2650 1429 2739 procellarnm,
1460 2652 1642 2721 diem
1680 2653 2001 2722 ultimum
2043 2653 2471 2730 minitantur,
2513 2652 2914 2747 vicinamque

414 2739 747 2821 elementa
798 2741 1127 2809 intentant
1173 2742 1407 2810 omnia
1448 2755 1758 2812 mortem.
1794 2746 1870 2810 Et
1904 2755 1978 2810 ut
2009 2743 2188 2810 scias
2229 2741 2459 2819 lector,
2498 2740 2688 2827 quod
2737 2749 2944 2834 oratio¹

419 2826 785 2909 Malachiae
824 2830 1245 2900 concusserit
1304 2829 1674 2910 elementa,
1735 2830 1913 2900 solos
1955 2830 2311 2919 intercepit
2376 2842 2765 2917 tempestas,
2823 2846 2913 2921 qut

416 2919 836 3003 quaerebant
885 2917 1187 2987 animam
1250 2920 1444 3007 ejus:
1512 2919 1693 2989 solos
1741 2918 1938 2988 turbo
1989 2919 2389 2988 tenebrosus
2441 2916 2761 2997 involvit,
2822 2933 2916 3001 qut

421 3020 818 3095 paraverant
852 3028 1056 3095 opera
1092 3008 1552 3077 tenebrarum.
1590 3007 1888 3094 Denique
1929 3008 2096 3097 ipse,
2135 3006 2255 3094 qui
2291 3008 2610 3097 princeps
2641 3005 2917 3076 extiterat

419 3095 587 3163 tanti
629 3096 816 3173 mali,
862 3095 1152 3165 fulmine
1188 3118 1577 3185 percussus,
1637 3096 1890 3165 interiit
1926 3118 2085 3165 cum
2132 3095 2351 3165 tribus
2412 3096 2601 3166 aliis:
2650 3109 2718 3165 et
2761 3093 2916 3189 fuere

415 3196 761 3254 consortes
804 3185 1061 3264 mortis,
1096 3186 1214 3271 qui
1250 3185 1520 3254 fuerant
1549 3185 1911 3274 participes
1959 3184 2260 3254 sceleris.
2299 3188 2604 3267 Quorum
2638 3192 2914 3278 sequenti

416 3272 526 3341 die
577 3273 845 3342 inventa
909 3287 1069 3343 sunt
1116 3296 1402 3363 corpora
1452 3274 1802 3351 semiusta,
1855 3286 1920 3342 et
1967 3272 2266 3363 putrida,
2341 3273 2692 3343 haerentia
2740 3288 2916 3341 ramis

415 3363 784 3442 arborum,
841 3362 959 3431 ubi
1008 3384 1351 3449 quemque
1414 3363 1699 3452 spiritus
1763 3362 2036 3431 elevans
2084 3362 2430 3435 allisisset.
2491 3361 2617 3437 Alii
2674 3376 2916 3454 quoque

416 3464 549 3520 tres
613 3451 921 3519 semivivi
967 3450 1215 3519 inventi
1259 3465 1442 3521 sunt.
1490 3448 1741 3521 Caet'eri
1781 3472 2020 3521 omnes
2048 3451 2591 3538 circumquaque
2622 3450 2909 3541 dispersu.

419 3537 579 3609 Illos
629 3553 882 3621 autern,
943 3540 1061 3626 qui
1121 3563 1278 3609 cum
1343 3540 1674 3609 Malachia
1721 3554 1936 3619 erant,
1991 3539 2308 3626 quamvis
2369 3540 2714 3630 proximos
2771 3539 2913 3610 loco,

417 3640 784 3717 tempestas
830 3628 1125 3697 omnino,
1164 3650 1295 3697 non
1335 3628 1574 3718 tetigit,
1631 3650 1752 3698 nec
1800 3629 2167 3716 quicquam
2224 3627 2571 3698 molestiae
2619 3626 2856 3697 intulit.

384 3770 389 3773 -
500 3718 535 3874 ἢ
583 3722 728 3787 12.
781 3723 979 3799 Anno=
1027 3718 1264 3786 aetatis
1304 3740 1466 3786 snae
1525 3718 1866 3788 tricesimo
1931 3729 2168 3787 octavo
2219 3715 2910 3807 pauperMalachiaS.

412 3826 504 3892 pu
536 3827 609 3875 so
660 3806 1081 3887 incubatore,
1136 3806 1412 3876 intravit
1478 3806 1857 3875 Ardinacha
1915 3805 2210 3895 pontifex
2258 3820 2331 3875 et·
2374 3805 2908 3895 metropolitanus

419 3895 622 3963 totius
664 3894 1051 3968 Hiberniae.
1107 3900 1284 3985 Rege
1336 3917 1488 3964 vero
1536 3896 1979 3981 caeterisque,
2033 3897 2149 3981 qui
2199 3894 2710 3964 introduxerant
2756 3909 2908 3960 eum.

409 3981 494 4049 ad
534 3984 806 4074 propria
843 3984 1332 4064 remeantibuS,
1389 3985 1534 4073 ipse
1586 3998 1886 4055 remanet
1935 3985 2000 4052 in
2057 4006 2269 4053 manu
2323 3984 2476 4053 Dei:
2540 3997 2605 4052 et
2647 3986 2912 4051 remanet

406 4069 512 4139 illi
564 4070 754 4140 fortis
803 4094 1098 4163 pugnae,
1155 4073 1340 4142 intus
1394 4074 1690 4142 timores.
1730 4078 1892 4143 Nam
1944 4095 2099 4142 ecce
2140 4073 2405 4162 viperea
2456 4072 2720 4141 soboles
2762 4067 2908 4166 sren-

410 4159 582 4228 dens
616 4173 681 4229 et
726 4161 1101 4232 vo‹·iserans
1150 4184 1223 4230 se
1268 4161 1741 4240 exhaeredari,
1793 4174 1922 4231 tota
1973 4183 2044 4233 se
2098 4162 2285 4232 intus
2332 4173 2398 4230 et
2445 4161 2608 4231 soris
2665 4160 2908 4251 suscitat
2947 4224 2948 4231 χ

412 4247 739 4319 adversus
785 4249 1144 4319 Dominum
1195 4262 1260 4318 et
1304 4250 1635 4319 adversus
1683 4249 2024 4320 Christum
2076 4251 2251 4338 ejus.
2285 4255 2489 4320 Porro
2523 4247 2809 4339 Nigellus
2832 4263 2907 4337 vt:

411 4336 582 4407 dens
629 4338 761 4406 sibi
814 4338 1172 4406 imminere
1223 4338 1479 4430 fugam,
1530 4339 1683 4407 tulit
1732 4361 1963 4408 secum
2020 4339 2317 4429 insignia
2377 4339 2709 4426 quaedam
2758 4328 2906 4403 sedts
2947 4380 2948 4419 3
