2993 4837
538 279 622 342 98
1173 294 1250 340 ne
1298 294 1353 340 s.
1406 293 1727 341 »maenia
1775 295 1873 340 Er.
1929 295 2269 342 nmeanAE
2698 276 2918 343 Nov.3

449 380 533 447 de
583 378 729 447 loco
781 378 1056 467 pariter,
1095 391 1159 446 et
1208 377 1292 447 de
1331 377 1464 446 die.
1521 378 1842 448 Dicamus
1890 379 2226 460 breviter,
2279 400 2417 465 quo
2464 379 2694 448 ordine
2735 378 2918 460 istud,

448 488 664 555 quave
713 467 1071 536 occasione
1113 466 1518 555 provenerit.
1572 470 1781 557 Aegre
1823 468 1988 537 satis
2021 466 2299 549 ferebat,
2338 468 2726 538 Hiberniam
2756 488 2926 554 usque

446 555 673 626 adhuc
724 554 931 645 pallio
964 555 1291 637 caruisse,
1327 567 1562 645 utpote
1600 554 1981 626 aemulator
2012 568 2640 626 sacramentorum:
2676 554 2922 643 quorum

444 668 531 715 ne
569 666 708 714 uno
756 643 1062 731 quolibet
1102 657 1372 734 gentem
1422 666 1622 714 suam
1681 644 1878 715 vellet
1932 647 2215 715 omnino
2249 645 2579 715 fraudari.
2633 650 2704 715 Et
2749 666 2928 714 recor·

443 734 645 804 datus
694 733 822 802 sibi
865 756 904 801 a
944 738 1124 823 Papa
1174 733 1573 803 Innocentio
1619 733 1833 803 fuisse
1886 734 2329 824 promissum,
2386 733 2545 803 inde
2593 733 2796 824 magis
2837 733 2928 802 tri·

443 823 631 904 stari,
666 822 848 909 quod
882 821 1047 891 dum
1085 821 1313 892 adhuc
1350 821 1465 891 ille
1505 821 1869 912 superfuit,
1927 845 2062 892 non
2106 821 2235 892 fuit
2278 823 2567 894 missum
2605 846 2720 914 pro
2755 844 2844 892 eo.
2874 826 2930 889 Et

440 924 685 982 nactus
740 911 1211 992 occasionem,
1279 910 1460 998 quod
1512 915 1693 1001 Papa
1746 912 2096 1002 Eugenius
2143 912 2178 947 ⁴³
2224 934 2572 983 summam
2622 909 2931 1003 regiminis

438 1012 714 1080 teneret,
771 1013 835 1069 et
880 1021 957 1069 eo
1018 1000 1346 1088 temporis
1394 1022 1616 1087 usque
1665 1001 1732 1069 in
1777 1001 2133 1071 Franciam
2185 1002 2633 1091 appropiasse
2688 999 2930 1070 nuncia-

439 1101 650 1171 retur,
703 1089 1280 1179 opportunitatem
1332 1089 1730 1176 requirendi
1779 1111 1852 1159 se
1898 1090 2240 1159 invenisse
2289 1090 2566 1178 gavisus
2605 1102 2726 1159 est.
2774 1093 2932 1157 Prae·

439 1178 1032 1248 sumebatautem
1081 1176 1166 1246 de
1223 1176 1342 1246 illo
1378 1231 1393 1258 ,
1455 1178 1694 1265 utique
1742 1178 1885 1248 viro
1937 1177 2103 1259 tali,
2172 1191 2238 1248 et
2297 1178 2382 1247 de
2444 1178 2562 1249 tali
2626 1189 2934 1276 assumpto

438 1266 884 1357 professione.
929 1266 1144 1356 Magis
1192 1289 1392 1348 vero,
1494 1267 1630 1335 uod
1689 1289 1856 1337 suae
1919 1266 2352 1336 claraevallis
2412 1266 2729 1357 specialis
2785 1265 2952 1334 filius.

437 1356 787 1435 extitisset,
835 1377 958 1425 nec
1003 1356 1267 1424 timeret
1298 1377 1434 1444 apu
1519 1354 1715 1425 illum
1755 1377 1825 1427 se
1859 1355 2072 1426 ullam
2108 1356 2446 1427 sustinere
2477 1355 2927 1425 difficultatem.

437 1449 676 1531 Itaque
706 1457 1172 1514 convocantur
1210 1444 1551 1534 Episcopi,
1606 1443 1977 1514 concilium
2029 1445 2332 1535 cogitur:
2391 1457 2675 1515 tractata
2721 1443 2930 1520 triduo,

436 1555 613 1621 quae
647 1544 778 1603 tem
836 1533 936 1602 ori
968 1533 1410 1602 imminerent
1439 1557 1454 1599 z
1498 1533 1609 1602 die
1641 1547 1885 1620 quarto
1918 1534 2226 1624 aperitur
2252 1534 2622 1604 consilium
2660 1533 2743 1601 de
2771 1530 2933 1622 pallio

437 1623 753 1710 requiren
810 1644 872 1691 o.
926 1620 1173 1703 Placet,
1212 1622 1330 1690 sed
1381 1621 1438 1690 si
1475 1644 1596 1712 per
1634 1623 1849 1692 alium
1883 1623 2294 1711 requiratur.
2339 1629 2592 1692 Tamen
2629 1624 2790 1710 quia
2819 1621 2936 1689 hre-

436 1711 580 1780 vior
629 1711 757 1792 via,
811 1722 875 1779 et
921 1710 1009 1779 ob
1059 1711 1185 1779 hoc
1235 1710 1653 1781 tolerabilior
1704 1711 2162 1802 peregrinatio
2223 1711 2564 1781 videretur
2595 1767 2612 1792 ,
2668 1733 2798 1780 non
2843 1707 2935 1782 fuit

410 1801 554 1887 ‘qui
587 1800 736 1887 ejus
782 1799 1058 1868 obviare
1093 1813 1559 1888 praesumeret
1597 1799 1886 1871 consilio
1942 1813 2005 1870 et
2040 1799 2394 1871 voluntati.
2451 1805 2527 1871 Et
2575 1799 2932 1874 Malachiae

434 1888 657 1958 soluto
688 1887 980 1958 concilio
1011 1943 1027 1970 ,
1081 1888 1324 1978 arripit
1372 1889 1521 1958 iter.
1576 1893 2094 1976 Prosequuntur
2137 1910 2296 1959 eum
2346 1890 2465 1976 qui
2515 1895 2936 1958 convenerant

432 1977 698 2059 fratres,
752 1998 972 2064 usque
1020 1977 1104 2046 ad
1155 1977 1341 2058 litus,
1396 2000 1530 2046 non
1586 1977 1785 2048 multi
1837 1990 2086 2058 tamen,
2150 1978 2299 2067 ipso
2358 1979 2695 2047 nimirum
2747 1974 2938 2067 prohi-

429 2067 655 2136 bente.
709 2066 804 2135 Ad
854 2088 1057 2153 quem
1110 2089 1296 2137 unus
1346 2066 1649 2146 illorum,
1687 2066 2073 2138 catholicus
2108 2066 2408 2147 nomine,
2464 2066 2686 2136 flebili
2719 2069 2936 2135 voceei

358 2209 361 2210 ν
429 2155 640 2225 fletu:
681 2160 891 2225 «Heu
941 2169 1014 2225 tu
1066 2155 1238 2236 abis,
1290 2155 1534 2243 inquit,
1589 2167 1652 2225 et
1703 2158 1768 2224 in
1821 2169 2078 2243 quanta
2114 2177 2284 2245 pene
2331 2155 2740 2243 quotidiana
2786 2175 2952 2223 vexa·¹

431 2245 612 2314 tione
663 2265 770 2313 me
817 2242 1100 2324 deseriS,
1156 2266 1290 2313 non
1343 2245 1359 2311 i
1418 2267 1619 2315 noras
1651 2300 1666 2327 ,
1722 2266 1845 2314 nec
1894 2244 2029 2316 fers
2076 2266 2276 2335 opem
2327 2245 2656 2314 misertus
2697 2244 2846 2313 mei.
2887 2239 2940 2310 si

427 2355 552 2424 ego
592 2333 849 2424 dignus
895 2334 1015 2420 qui
1066 2333 1287 2423 patior
1316 2387 1331 2414 ,
1409 2346 1619 2403 ratres
1677 2333 1841 2421 quid
1887 2344 2361 2425 peccaverunt,
2414 2334 2534 2421 qui
2587 2334 2702 2402 vix
2740 2333 2932 2410 diem.

428 2434 781 2493 noctemve
832 2421 1045 2492 ullam
1100 2435 1314 2493 atam
1375 2422 1718 2493 laboriosa
1775 2446 1960 2492 cura·
1988 2435 2053 2492 et
2099 2423 2409 2494 custodia
2469 2424 2605 2492 mei
2661 2423 2934 2492 feriatam

427 2511 679 2581 habere
712 2510 1085 2582 sinuntur?
1119 2535 1154 2579 »
1204 2512 1325 2581 His
1377 2512 1602 2582 verbis
1648 2523 1712 2582 et
1762 2512 2086 2602 lacrymis
2134 2511 2258 2581 filii
2306 2512 2544 2601 (flebat
2589 2510 2813 2601 enim)
2848 2531 2940 2599 pa·

426 2612 619 2669 terna
670 2601 928 2670 viscera
976 2621 1314 2670 concussa
1362 2612 1546 2683 sunt,
1602 2614 1665 2670 et
1694 2600 2123 2691 amplexatus
2171 2613 2271 2671 est
2308 2622 2466 2671 eum
2520 2598 2934 2677 blandiendo.

426 2689 901 2778 impressoque
952 2690 1205 2779 pectori
1253 2689 1405 2777 ejus
1453 2690 1651 2780 signo
1700 2690 1976 2759 Crucis:
2033 2712 2068 2756 «
2097 2695 2331 2760 Certus
2369 2702 2510 2759 esto
2539 2744 2554 2771 ,
2603 2690 2850 2777 inquit,
2895 2698 2937 2755 ie

424 2777 766 2867 ejusmodi
801 2778 898 2846 nil
937 2800 1330 2867 passurum,
1383 2778 1601 2848 donec
1635 2778 1933 2848 redeam.
1969 2802 2004 2845 »
2057 2784 2213 2848 Erat
2260 2791 2487 2848 autem
2536 2778 2938 2868 epilecticuS.

423 2879 489 2935 et
542 2867 828 2936 cadebat
876 2866 1264 2954 frequenter
1297 2922 1312 2949 ,
1372 2867 1461 2936 ita
1512 2880 1586 2937 ut
1635 2868 1977 2937 interdum
2033 2890 2165 2938 non
2217 2867 2466 2946 semel,
2520 2867 2641 2936 sed
2697 2889 2810 2938 sae
2859 2865 2940 2933 ius

426 2967 772 3046 pateretur
809 2956 877 3024 in
910 2955 1044 3025 die.
1083 2961 1222 3026 Hoc
1262 2957 1407 3045 jam
1453 2979 1573 3045 per
1601 2978 1715 3026 sex
1748 2978 1968 3026 annos
2002 2957 2240 3027 morbo
2271 2955 2550 3025 horrido
2582 2889 2934 3029 laborabat.

424 3044 541 3116 sed
578 3044 663 3117 ad
709 3045 986 3114 verbum
1020 3045 1416 3127 Malachiae,
1459 3045 1750 3135 perfecte
1788 3044 2159 3116 convaluit.
2212 3047 2307 3115 Ab
2351 3044 2468 3114 illa
2502 3045 2677 3115 hora
2707 3044 2804 3114 nil
2837 3040 2952 3113 tale

424 3155 792 3224 perpessus
822 3147 943 3214 est,
1000 3133 1094 3203 nil
1134 3134 1261 3203 tale
1296 3135 1403 3235 (ut
1435 3133 1884 3223 confidimus)
1918 3135 2245 3225 deinceps
2285 3156 2769 3225 perpessuru5‚
2807 3132 2952 3220 quia¹

424 3222 793 3293 Malachias
823 3223 1148 3313 deinceps
1185 3224 1533 3294 rediturus
1573 3246 1707 3293 non
1749 3236 1871 3293 est.

511 3321 549 3394 ἓ
588 3316 745 3384 28.
782 3317 857 3381 In
894 3313 1044 3403 ipso
1077 3334 1371 3384 ascensu
1406 3313 1600 3382 navis
1628 3313 1966 3383 accedunt
1998 3312 2134 3382 duo
2164 3335 2243 3382 ex
2278 3313 2410 3393 his,
2439 3312 2566 3398 qui
2601 3310 2746 3381 illis
2773 3308 2942 3379 fami·

421 3402 663 3472 liarius
702 3401 1187 3483 adhaerebant,
1241 3402 1596 3484 audenteS,
1648 3414 1713 3471 et
1762 3414 2064 3491 petentes
2110 3400 2373 3489 aliquid
2424 3401 2510 3472 ab
2550 3422 2650 3470 eo.
2701 3399 2938 3482 Quibus

418 3490 571 3561 ille:
628 3516 661 3557 «
693 3491 869 3573 Quid
905 3491 1106 3560 vultis
1136 3495 1168 3559 ‘i
1195 3515 1229 3558 »
1262 3531 1351 3541 —
1389 3514 1423 3556 «
1462 3496 1605 3561 Non
1655 3491 1978 3572 dicimuS,
2033 3491 2380 3578 inquiunt,
2437 3490 2570 3559 nisi
2622 3487 2938 3579 spondeas

421 3592 482 3650 te
516 3581 867 3650 daturum.
903 3604 937 3647 »
976 3580 1295 3670 Spondet.
1336 3585 1410 3649 Et
1446 3579 1547 3648 illi
1580 3603 1592 3645 ε
1650 3602 1686 3646 «
1726 3579 2055 3651 Volumus
2105 3580 2304 3651 nobis
2351 3591 2533 3648 certo
2584 3577 2882 3667 promitti
2908 3594 2940 3639 a

419 3681 536 3740 tua
567 3670 985 3760 dignatione,
1027 3681 1087 3738 te
1120 3670 1186 3737 in
1224 3668 1622 3738 Hiberniam
1667 3668 2079 3738 incolumem
2118 3666 2575 3738 reversurum.
2615 3690 2648 3732 »
2702 3672 2941 3736 Instare

418 3772 482 3828 et
512 3759 758 3830 caeteri
795 3780 1056 3828 omnes,
1111 3764 1277 3827 Tum
1318 3757 1433 3827 ille
1480 3780 1855 3848 parumper
1878 3758 2293 3838 deliberans,
2333 3756 2677 3846 poenitere
2709 3757 2935 3846 prima,

418 3849 596 3935 quod
650 3870 720 3919 se
767 3846 884 3916 alli
938 3859 1163 3928 asset,
1219 3869 1355 3933 qua
1402 3848 1633 3929 exiret,
1689 3870 1823 3918 non
1881 3848 2258 3917 inveniens,
2325 3852 2416 3942 ᾼη
2477 3847 2695 3915 ustiae
2751 3842 2940 3915 undi-

416 3958 571 4023 que,
615 3936 784 4006 dum
838 3939 907 4005 ni
983 3948 1371 4006 occurreret
1409 3937 1494 4006 ab
1535 3936 1860 4006 alterutro
1911 3949 2132 4007 tntum
2186 3935 2420 4025 pericu
2451 3957 2530 4016 0,
2589 3936 2722 4005 voti
2773 3932 2940 4003 vide—

416 4023 595 4105 licet,
650 4037 768 4094 aut
818 4024 1166 4116 promissi.
1220 4026 1452 4095 Visum
1506 4039 1607 4097 est
1645 4026 1916 4095 tandem
1954 4026 2019 4094 id
2056 4026 2282 4115 potius
2312 4023 2736 4116 eligendum,
2771 4018 2938 4110 quod

417 4113 487 4181 in
523 4116 1062 4203 praesentiarum
1109 4113 1268 4205 plus
1300 4128 1595 4205 urgeret,
1636 4115 1977 4201 reliquum
2011 4137 2351 4205 supernae
2381 4113 2935 4184 committendum

470 4258 494 4283 ¹·
524 4258 675 4306 Hujus
706 4256 911 4298 nominis
938 4256 1127 4311 tertius.
1157 4259 1206 4298 Ia
1226 4256 1380 4309 patria
1398 4259 1490 4300 i'uit
1508 4258 1727 4301 Pinnas:
1745 4260 2004 4299 monachus
2024 4261 2181 4300 autem
2202 4260 2509 4301 Claraevallis
2528 4258 2846 4301 cisterciensis
2865 4257 2934 4296 Or·

416 4311 556 4358 (linis,
584 4312 939 4361 discipulusque
970 4314 1018 4355 S.
1055 4314 1296 4354 Ber-nardi.
1316 4313 1383 4353 Ad
1404 4314 1645 4354 Summum
1662 4313 1991 4354 Pontificatum
2010 4314 2310 4363 inopinanter
2331 4316 2377 4354 et
2396 4315 2584 4354 omnino
2603 4316 2789 4364 praeter
2806 4321 2933 4359 spem·

418 4374 538 4404 anno
569 4367 685 4409 1145,
714 4374 857 4404 annos
889 4375 968 4404 vm
999 4368 1135 4406 sedit.
1169 4368 1436 4407 Secundum
1464 4368 1905 4417 crucesignatorum
1936 4366 2112 4408 bellum
2131 4367 2393 4419 (li-1⁷·1149)
2414 4372 2604 4409 strenue
2623 4367 2862 4417 promovit.
2886 4364 2932 4403 ln

418 4417 669 4458 Beatorum
688 4418 805 4459 Albo
825 4420 1121 4469 conscriptus
1141 4420 1228 4459 eat.
