2993 4837
57 291 235 357 Nov.
292 291 383 355 29
775 310 853 356 mi
902 310 955 356 s.
1011 309 1364 358 saruaiimo
1411 312 1510 357 ΕΡ.
1564 310 1639 357 Ei·
1687 312 1877 358 MART.
2377 293 2504 359 743

54 395 559 480 effossa‘usque
593 393 680 461 ad
728 393 954 481 ipsum
1007 395 1400 485 sepulcrum
1440 395 1743 485 ligneum
1794 407 1991 474 terra,
2035 406 2305 464 sanctas
2336 396 2592 465 veritus

55 504 491 553 commovere
540 481 888 569 reliquiaS,
929 484 1531 552 transvolutionem
1583 484 1879 573 desuper
1915 483 2131 553 multo
2172 484 2401 553 labore
2431 483 2591 552 dili-

57 585 292 661 genter
324 572 625 640 extruxit
650 571 1058 640 :basilicam
1110 573 1312 641 etiam
1342 571 1694 660 parvulam
1732 572 1982 641 vilibus
2019 573 2226 662 tignis
2248 573 2332 640 ad
2364 572 2590 642 locum

58 673 321 729 tantum
358 661 692 729 orationis
739 660 1008 747 adjecit.
1052 661 1456 729 Procedente
1490 660 1739 728 deliine
1773 674 2096 749 tempore,
2136 683 2294 730 cum
2349 661 2595 730 multo-

58 772 205 818 rum
245 749 333 817 ad
373 749 730 817 basilicam
770 751 987 836 ipsam
1026 748 1317 818 fideliter
1350 772 1383 816 a
1423 749 1653 819 seculo
1687 749 2170 831 recedentium,
2201 772 2322 839 pro
2355 748 2594 819 solatio

58 851 335 927 propter
384 860 640 925 corpus
693 838 1011 925 martyris
1060 839 1276 926 gratia
1325 837 1723 924 quiescendi
1764 837 2192 907 deferrentur
2237 838 2584 925 exequiae,

56 940 117 994 et
167 927 367 996 locus
412 927 642 995 omnis
706 925 1199 995 tumulatorum
1250 948 1614 1016 corporum
1682 926 2123 995 multitudine
2175 926 2414 996 fuisset
2467 927 2594 994 im-

59 1013 317 1103 pletus:
365 1026 651 1084 sanctus
672 1014 1040 1105 episcopus
1064 1015 1313 1083 Silvius
1335 1015 1390 1095 ¹⁴⁸,
1426 1016 1906 1103 Episcopatum
1941 1014 2376 1104 supradictae
2397 1015 2594 1084 urbis

60 1104 411 1193 indethS,
457 1104 763 1193 pulcram
796 1114 860 1171 et
887 1103 1264 1192 speciosam
1301 1102 1651 1172 basilicam
1686 1104 1956 1203 magnis
1979 1104 2371 1193 sumptibus
2395 1125 2591 1170 vene-

67 1193 294 1260 randis
343 1204 413 1260 et
468 1191 958 1261 transferendis
1008 1191 1173 1260 illuc
1223 1193 1545 1280 martyris
1589 1191 1895 1278 reliquiis
1932 1213 2203 1280 parans,
2244 1203 2398 1258 ante
2432 1213 2592 1260 con-

67 1282 595 1350 summationem
641 1280 857 1365 coepti
901 1280 1126 1369 operis
1176 1282 1455 1348 recessit
1502 1302 1536 1348 e
1572 1282 1826 1349 secul0.
1879 1286 2032 1349 Post
2079 1281 2280 1369 cujus
2326 1281 2587 1369 obitum

71 1382 338 1439 sanctus
359 1368 748 1458 Exuperius
768 1368 835 1404 *⁴*
863 1369 928 1434 in
962 1390 1311 1437 summum
1340 1369 1793 1437 sacerdotium
1813 1380 2188 1458 cooptatur,
2221 1369 2318 1436 vir
2336 1370 2592 1455 absque

71 1456 268 1526 ullius
322 1478 842 1547 praecessorum
897 1457 1174 1545 injuria,
1220 1457 1478 1544 absque
1528 1457 1763 1535 ulliuS,
1808 1458 1927 1544 qui
1977 1458 2041 1525 id
2098 1458 2424 1547 temporis
2469 1462 2592 1525 Ec-

69 1544 299 1615 clesias
366 1567 606 1632 regere
664 1545 1093 1624 videbantur,
1160 1546 1455 1625 invidia,
1504 1568 1635 1613 non
1688 1545 1909 1614 solum
1979 1545 2150 1614 nulli
2200 1545 2586 1625 secundus,

70 1655 292 1701 verum
344 1636 555 1703 etiam
602 1634 728 1723 ipsi
782 1634 976 1702 beato
1026 1635 1305 1722 martyri
1360 1635 1686 1713 virtutum
1740 1634 1999 1703 meritis
2049 1634 2583 1723 comparanduS,

70 1721 449 1803 basilicam,
485 1744 690 1809 quam
736 1722 1051 1790 decessor
1078 1744 1245 1790 suus
1268 1722 1559 1790 fideliter
1598 1723 2057 1802 inchoaverat,
2093 1724 2591 1791 instantissime

71 1812 597 1888 consummavit,
636 1824 699 1878 et
734 1810 1017 1879 feliciter
1046 1810 1401 1878 dedicavit.
1436 1811 1564 1892 Qui
1597 1834 1754 1879 cum
1787 1810 2150 1879 transferre
2183 1810 2344 1878 illue
2375 1812 2593 1879 sancti

76 1901 385 1988 martyris
408 1899 764 1985 reliquiaS,
796 1921 927 1967 non
959 1920 1076 1988 pro
1106 1922 1229 1967 sua
1258 1900 1754 1978 incredulitate,
1784 1901 1896 1967 sed
1935 1922 2052 1988 pro
2083 1900 2305 1989 ipsius
2337 1899 2596 1967 bonore

75 1986 431 2066 dubitaret,
485 1988 879 2055 admonitus
946 2010 1063 2075 per
1110 1988 1402 2074 quietem
1455 2000 1577 2066 est,
1633 2010 1716 2055 ne
1764 1988 2131 2056 infideliter
2173 1988 2583 2077 negligeret,

77 2077 239 2158 quod
294 2076 596 2145 fideliter
646 2075 1087 2154 credidisset;
1142 2075 1402 2144 nullam
1440 2076 1583 2144 sieri
1628 2076 1726 2143 vel
1765 2076 2220 2145 diminutione
2253 2077 2588 2153 cinerum,

80 2163 167 2230 vel
198 2165 663 2233 commotione
705 2164 1167 2232 membrorum
1219 2164 1576 2252 spiritibus
1613 2165 1976 2252 injuriam:
2026 2164 2182 2250 quia
2240 2164 2594 2232 manifesta

88 2271 175 2318 res
216 2265 395 2321 esset
429 2252 897 2331 credentibuS,
940 2253 1065 2320 boc
1101 2252 1522 2340 martyribus
1561 2254 1884 2340 proficere
1912 2253 1992 2321 ad
2037 2254 2384 2333 honorem,
2412 2252 2592 2337 quod

88 2341 431 2426 profuisset
469 2340 907 2409 credentibus
938 2342 1018 2407 ad
1061 2339 1372 2409 salutem.
1412 2341 1788 2427 Statimque
1820 2341 1934 2409 tali
1969 2342 2224 2409 visione
2251 2342 2590 2421 firmatuS,

86 2428 407 2519 religiosis
461 2431 998 2520 Imperatoribus
1050 2451 1316 2519 precem
1360 2430 1625 2510 detulit,
1659 2453 1736 2498 ac
1788 2432 1934 2500 sine
1983 2452 2170 2499 mora
2219 2431 2366 2499 ulla
2413 2429 2596 2517 quod

86 2526 206 2583 tam
262 2520 368 2606 pie
421 2532 825 2608 poposcerat
876 2519 1295 2607 impetravit:
1344 2532 1418 2587 ut
1468 2519 1831 2590 translatas
1880 2520 1959 2587 ad
2016 2519 2366 2587 basilicam
2409 2519 2598 2586 otnni

84 2606 292 2672 studio
344 2619 821 2696 praeparatam
876 2607 1088 2676 saneti
1136 2607 1257 2675 viri
1305 2606 1650 2693 reliquias,
1684 2630 1815 2676 non
1873 2620 2005 2676 tam
2063 2609 2416 2677 temeraria
2456 2607 2596 2674 vio-

89 2688 240 2760 laret
273 2696 593 2775 audacia,
646 2717 850 2782 quam
904 2695 1335 2764 ambitiosius
1387 2698 1768 2764 venerantis
1808 2696 2104 2765 colerent
2153 2696 2503 2782 obsequia.

96 2866 105 2876 .
162 2783 195 2866 ἓ
239 2788 314 2852 2.
360 2785 554 2866 Quod
600 2806 779 2850 nunc
815 2784 974 2851 liuic
1007 2784 1341 2871 opusculo
1370 2797 1703 2871 superest,
1731 2807 1969 2853 omnes
2004 2785 2324 2874 legenteS‚
2357 2805 2594 2852 omnes

91 2869 468 2965 intelligant
508 2872 896 2950 audientes,
937 2894 1212 2940 causam
1250 2872 1492 2940 salutis
1545 2887 1809 2941 nosti-ae
1857 2874 1922 2941 in
1961 2873 2093 2942 fide
2127 2886 2340 2945 stare.
2385 2892 2600 2959 neque

88 2975 221 3024 sine
268 2983 477 3029 causa
534 2966 740 3028 Deum
794 2959 1199 3050 Evangelica
1250 2981 1407 3026 voce
1455 2960 1740 3029 dixisse:
1800 2963 2023 3030 Credis
2065 2964 2234 3031 hoc?
2282 2962 2398 3030 Cui
2441 2981 2598 3029 curn

92 3064 487 3132 responsum
552 3049 813 3128 fuisset,
883 3051 1124 3127 Cred03
1182 3048 1306 3117 ait:
1374 3051 1525 3118 Fiat
1583 3052 1707 3118 tibi
1760 3053 2119 3118 secundum
2165 3052 2362 3140 fidem
2416 3060 2601 3117 tuam

90 3135 309 3213 (Joan.
350 3137 475 3224 iii).
517 3142 657 3206 Non
690 3136 872 3224 quod
914 3137 1239 3205 Dominus
1275 3144 1611 3207 scrutator
1642 3138 1866 3206 cordis
1906 3152 1969 3206 et
1999 3161 2263 3219 renum,
2306 3138 2388 3205 de
2419 3138 2604 3205 illius

88 3223 477 3319 credulitate
531 3227 850 3294 nesciret:
890 3225 1002 3293 sed
1058 3238 1132 3293 ut
1180 3226 1265 3293 de
1306 3227 1435 3306 liis,
1483 3249 1656 3313 quae
1705 3227 1788 3294 de
1825 3227 2193 3296 Dominicis
2234 3226 2604 3294 virtutibus

90 3305 494 3393 dicerentur,
535 3315 751 3382 autin
807 3314 936 3392 his,
977 3335 1152 3401 quae
1193 3308 1392 3384 nobis
1432 3316 1636 3384 tribui
1679 3337 2139 3404 posceremUS,
2185 3337 2318 3383 non
2356 3315 2602 3383 debere

91 3414 204 3464 nos
259 3400 469 3470 dubie
519 3403 794 3470 credere
854 3415 1339 3471 commoneret.
1404 3404 1593 3472 Unde
1640 3405 1800 3490 quia
1867 3417 1929 3472 et
1979 3405 2123 3494 ipse
2173 3404 2476 3472 Salvator
2522 3402 2605 3470 de

92 3483 333 3557 talibus
374 3490 540 3558 viris
590 3491 920 3559 dixin-‘Si
953 3493 1247 3578 feceritis
1295 3495 1704 3561 voluntatem
1753 3515 1991 3572 meam,
2019 3496 2171 3584 jam
2209 3515 2338 3561 non
2385 3493 2607 3560 dicam

91 3592 191 3640 vos
213 3597 454 3659 servos,
478 3580 594 3647 sed
614 3582 859 3648 amicos
882 3585 1114 3664 (Joan.
1140 3580 1271 3668 xv);
1304 3592 1367 3649 et
1392 3581 1566 3648 idem
1595 3582 1723 3649 sub
1749 3582 2128 3669 prophetali
2155 3594 2607 3650 vocetestatus

91 3671 216 3754 est:
270 3669 439 3735 Mihi
482 3679 705 3736 autem
754 3670 954 3736 nimis
1004 3669 1316 3738 honorati
1348 3680 1502 3737 sunt
1550 3672 1755 3738 amici·
1787 3672 1891 3738 tui
1925 3675 2098 3739 Deus
2128 3670 2264 3758 (Ps.
2305 3670 2492 3757 ⁴38);
2545 3682 2610 3736 et

95 3758 363 3821 iterum:
408 3759 503 3824 Hi
527 3767 683 3825 sunt
712 3759 832 3847 qui
874 3768 1196 3826 venerunt
1240 3759 1319 3825 de
1371 3760 1799 3826 tribulatione
1837 3781 2106 3845 mayna,
2145 3761 2265 3849 qui
2303 3762 2612 3827 laverunt

94 3841 286 3907 stolas
315 3865 474 3912 sitas
521 3847 592 3912 in
637 3846 966 3934 sanquine
998 3848 1195 3934 Aqui,
1235 3847 1356 3937 qui
1382 3858 1752 3937 sequuntur
1780 3851 2042 3936 Aqnum
2074 3850 2311 3937 (Apoc.
2351 3846 2492 3934 v11);
2527 3845 2612 3912 de

98 3939 371 4005 quorum
410 3933 827 4002 beatitudine
848 3932 1108 4002 dictum
1138 3947 1275 4003 est:
1301 3938 1640 4004 Planta-sti
1668 3937 1737 4004 in
1768 3937 1954 4004 domo
1990 3937 2274 4014 Domini,
2317 3938 2387 4003 in
2417 3935 2612 4002 atriis

100 4010 313 4116 (ίῡζηζιε
358 4021 491 4089 Dei
535 4025 748 4090 nostri
780 4023 1152 4110 florebunt:
1203 4037 1265 4091 et
1314 4024 1605 4092 iterum:
1641 4026 1939 4093 Pretiosa
1975 4026 2046 4092 in
2093 4033 2438 4113 conspeetu
2485 4026 2611 4088 Do-

100 4116 251 4168 mmz
282 4128 455 4177 mors
493 4121 873 4180 sanctorum
911 4113 1092 4201 ejus:
1131 4123 1196 4180 et
1247 4111 1531 4184 iterum:
1574 4115 1999 4181 Eoeultabunt
2022 4115 2243 4181 sancti
2264 4115 2330 4178 in
2357 4111 2606 4198 qloria,

149 4238 358 4312 :peintus
377 4252 588 4299 ejusdem
609 4254 739 4294 urbis
762 4255 991 4296 Antiates:
1012 4258 1057 4293 at
1078 4266 1168 4294 iion
1191 4257 1338 4298 magis
1359 4266 1499 4303 quam
1521 4260 1562 4294 5.
1585 4257 1792 4295 Hiiarim
1813 4257 1852 4294 is
1873 4253 2007 4294 nobis
2029 4259 2169 4295 notus
2191 4257 2278 4294 est.

133 4310 163 4378 l'
222 4296 368 4346 Hnjn„
395 4305 609 4355 Exuperii
642 4309 803 4347 laudes
832 4307 939 4346 vicie
972 4309 1092 4356 apud
1131 4311 1173 4346 S.
1208 4310 1541 4355 Hieronymum
1577 4308 1621 4347 in
1661 4310 1803 4356 Epist.
1826 4311 1880 4348 ad
1909 4307 2154 4348 Rusticum
2187 4305 2464 4346 monachum
2485 4305 2530 4339 et
2565 4305 2616 4344 in

105 4346 132 4430 g
151 4343 241 4385 tera
268 4352 321 4390 ad
349 4355 546 4399 Fui-iam.
566 4362 726 4401 Eidem
746 4363 1050 4400 Innocentius
1070 4363 1148 4409 Pp.
1173 4362 1193 4399 1
1215 4362 1447 4410 egregiam
1467 4361 1714 4410 epistolam
1737 4361 1940 4408 sci-ipsit,
1959 4372 2077 4409 quae
2099 4362 2248 4399 multa
2268 4359 2617 4399 ecclesiastieae

135 4394 360 4448 ¹⁸0¹Plinae
378 4412 531 4461 capita
552 4416 599 4453 et.
618 4424 857 4454 sacrorum
877 4412 1103 4453 libroruin
1128 4424 1354 4454 canonem
1372 4413 1594 4454 continet.
1617 4415 1815 4458 ,videsis
1835 4414 2168 4462 nulum-tium).
