2993 4837
72 1086 81 1559 ἱ

164 292 303 360 ΠΟΥ.
355 298 385 361 t
1049 319 1246 367 siiiuio
1294 319 1371 365 DE
1416 318 1696 366 oiiniiics
1743 318 2001 367 silucris
2621 302 2701 367 ⁴3

226 400 385 485 58.
454 404 722 472 Nune
786 403 1047 494 igitur,
1096 426 1137 473 o
1181 403 1565 472 beatissimi
1614 403 1779 486 Viri,
1834 426 1874 473 o
1920 403 2406 494 gloriosissimi
2462 409 2791 494 Martyres

169 489 291 570 Dei,
335 510 464 559 me
519 491 941 562 miserum
990 492 1226 561 vestris
1262 493 1501 582 juvate
1549 492 1904 583 precibuS,
1960 506 2035 561 ut
2089 493 2158 562 in
2201 493 2322 562 illa
2369 492 2537 562 hora
2586 493 2792 564 mise-

181 577 561 649 ricordiam
621 602 1078 667 consequar,
1128 581 1411 668 quando
1458 580 1819 651 manifesta
1845 594 2050 651 erunt
2085 581 2354 652 occulta
2392 581 2785 652 hominum.

193 672 270 738 Ut
303 670 681 759 pincerna
738 669 1028 739 inutilis
1073 691 1153 739 ac
1201 669 1399 739 rudis
1443 669 1639 739 vobis
1696 670 1978 739 effectus
2023 692 2179 740 sum
2214 724 2230 752 ‚
2282 692 2324 739 o
2371 669 2792 741 sanctissimi

206 761 557 848 Rartyres.
621 763 733 827 De
802 758 972 827 vino
1019 758 1220 830 vestri
1279 758 1680 828 certaminis
1727 758 2020 848 inclyti,
2085 757 2252 828 filiis
2315 780 2395 828 ac
2457 758 2792 829 fratribus

219 847 371 918 fidei
396 859 690 919 vestrae
741 847 1083 937 poculum
1135 847 1411 918 tradidi.
1467 851 1557 917 De
1604 846 1956 937 praeclara
2004 868 2244 917 mensa
2288 859 2550 917 vestrae
2582 848 2792 917 victo·

230 937 385 1018 riae,'
420 936 846 1027 omnigenis
877 936 1210 1005 instructa
1240 934 1494 1026 epulis,
1540 948 1767 1025 patres
1804 958 1884 1005 ac
1916 935 2182 1017 fratreS,
2223 936 2789 1027 propinquosque

230 1040 481 1095 voetros
514 1079 532 1106 ‚
599 1024 929 1112 quotidie
983 1045 1292 1094 mensam
1333 1036 1628 1094 vestram
1685 1025 2058 1105 adeunteS‚
2112 1037 2248 1096 toto
2285 1025 2502 1095 animi
2541 1025 2791 1094 affectu

233 1134 540 1184 recreare
588 1113 950 1184 contendi.
1001 1118 1166 1183 Nam
1216 1134 1374 1182 ecce
1408 1113 1740 1203 psallunt,
1794 1118 2148 1201 Deumque
2179 1134 2336 1183 cum
2378 1113 2795 1183 exultatione

234 1203 633 1292 glorificant
667 1257 684 1282 ,
739 1202 860 1289 qui
911 1202 1183 1272 virtutis
1247 1214 1511 1272 vestrae
1567 1202 2032 1272 sacratissima
2092 1203 2320 1292 capita
2384 1201 2795 1272 coelestibus

234 1292 511 1361 coronis
556 1289 949 1372 bonoravit,
987 1311 1401 1378 summoque
1430 1312 1591 1361 cum
1625 1289 1880 1382 gaudio
1903 1292 2356 1367 circumstant
2393 1290 2795 1368 certaminis
2858 1304 2866 1311 ·

235 1380 442 1448 vestri
488 1377 823 1466 reliquias
856 1433 873 1459 ‚
935 1378 1250 1448 benedici
1315 1380 1723 1470 cupientes»,
1796 1401 1875 1449 ac
1942 1400 2176 1450 secum
2243 1380 2492 1449 referre
2553 1391 2795 1449 sancta

237 1467 513 1536 animae
558 1468 1015 1558 corporisque
1074 1466 1398 1537 remedia.
1470 1472 1722 1538 Omnes
1779 1489 1942 1559 ergo
2004 1467 2382 1538 benedicite
2411 1522 2427 1550 ,
2478 1478 2558 1537 ut
2626 1468 2792 1537 boni

239 1556 412 1625 disci
467 1554 570 1626 uli
616 1555 1108 1646 benignissimi
1157 1556 1429 1626 Domini
1461 1557 1939 1649 et‚Salvatoris
1989 1557 2227 1627 nostri.
2280 1562 2418 1646 Ego
2451 1557 2612 1626 item
2658 1557 2790 1624 im·

246 1644 422 1715 becil
457 1645 558 1725 is,
617 1657 908 1735 accepto
964 1645 1206 1714 vestris
1255 1645 1518 1715 meritis
1565 1667 1644 1715 ac
1692 1646 2014 1746 precibus
2061 1646 2343 1727 robore,
2394 1645 2615 1717 cecini
2661 1656 2801 1716 tota

248 1733 598 1804 devotione
644 1734 874 1803 animi
925 1746 1085 1803 ante
1129 1746 1403 1803 sanctas
1462 1734 1789 1821 reliquias
1835 1745 2093 1804 vestras
2141 1734 2481 1823 hymnum
2533 1747 2796 1805 vestrae

251 1820 472 1891 laudis
514 1836 577 1892 et
622 1822 922 1913 gloriae.
975 1827 1102 1892 Pro
1152 1843 1260 1891 me
1299 1823 1510 1913 igitur
1556 1823 1807 1891 misero
1853 1834 2011 1892 ante
2045 1823 2367 1893 thronum
2420 1822 2796 1913 majestatis

261 1910 561 1989 assistite,
594 1925 673 1982 ut
719 1910 981 1981 vestris
1014 1910 1339 2001 precibus
1385 1910 1633 1981 salvari
1670 1931 1956 1991 merear,
2010 1932 2090 1979 ac
2125 1911 2478 1983 vobiscum
2515 1925 2791 1982 aeterna

255 1999 653 2070 beatitudine
703 1998 1037 2091 perfrui,
1105 1999 1325 2089 gratia
1384 2011 1451 2069 et
1516 1998 1989 2071 misericordia
2039 2000 2311 2068 Domini
2358 2000 2573 2070 nostri
2629 2007 2798 2071 Jesu

251 2087 488 2172 Christi,
519 2090 639 2160 cui
671 2101 794 2160 est
821 2110 992 2158 cum
1025 2094 1218 2159 Patre
1263 2101 1328 2158 et
1357 2089 1615 2179 Spiritu
1655 2093 1900 2157 Sancto
1947 2087 2170 2157 honor
2214 2101 2282 2158 et
2326 2088 2545 2177 gloria
2587 2089 2655 2157 in
2693 2111 2798 2160 se-

251 2177 383 2249 cula
412 2179 867 2259 seculorum,
922 2181 1157 2247 Amen.

930 2495 1242 2575 BEATI
1303 2495 1623 2577 PETRI
1684 2495 2132 2578 DAMIANI

479 2739 838 2844 SERMO
912 2738 1021 2839 IN
1086 2738 1396 2839 FESTO
1466 2735 1872 2840 OMNlUM
1936 2735 2553 2841 SANCTORUM

346 2979 385 3053 δ
423 2977 492 3046 1.
536 2975 772 3045 Hodie
823 2973 976 3046 dies
1037 2976 1341 3046 serenior
1385 2975 1618 3046 arrisit
1665 2973 1865 3045 nobis
1899 3029 1915 3056 ‚
1979 2987 2046 3044 et
2093 2975 2191 3044 sol
2242 2974 2441 3046 solito
2504 2973 2803 3044 lucidior

271 3060 448 3130 teri-is
484 3062 744 3134 illuxit.
802 3069 949 3133 Non
1008 3065 1192 3134 enim
1241 3086 1472 3146 unus,
1526 3063 1645 3134 sed
1707 3063 2010 3133 universi
2078 3065 2305 3134 Sancti
2369 3063 2803 3135 sanctificant

271 3167 429 3230 eam,
473 3165 536 3220 et
581 3151 1088 3243 splendoribus
1135 3153 1472 3223 irradiant
1517 3152 1911 3222 luminosis.
1967 3152 2374 3242 Spectabilis
2415 3152 2534 3222 illa
2582 3152 2802 3222 coelo·

278 3256 417 3304 rum
460 3240 891 3322 solemnium,
944 3263 1120 3328 quae
1172 3263 1309 3312 non
1358 3241 1615 3312 annuis
1645 3295 1661 3321 ,
1715 3241 1832 3311 sed
1880 3241 2231 3312 continuis
2279 3241 2556 3331 gaudiis
2587 3240 2805 3310 incla-

280 3325 499 3408 rescit;
546 3328 669 3398 ubi
719 3329 959 3400 lumen
1025 3329 1293 3416 videtur
1339 3330 1410 3399 in
1462 3328 1727 3401 lumine
1761 3384 1777 3410 ,
1815 3340 1909 3399 *et
1954 3329 2179 3431 ipsius
2224 3329 2576 3400 Trinitatis
2634 3327 2804 3397 sub-

280 3414 512 3511 stantia
555 3418 776 3487 beatis
821 3417 1067 3500 oculis,
1121 3419 1324 3490 oculo
1370 3418 1456 3489 ad
1507 3417 1787 3488 oculum
1826 3431 2156 3519 aperitur.
2210 3417 2315 3487 Ibi
2361 3418 2803 3509 cognoscitur

279 3502 652 3602 Gignentis,
703 3507 1068 3593 Genitique
1098 3561 1114 3587 ,
1164 3520 1230 3577 et
1275 3506 1711 3578 Procedentis
1758 3519 1931 3577 ratio
1978 3506 2423 3608 sempiterna,
2466 3525 2644 3594 quae
2694 3505 2805 3576 hic

278 3590 455 3690 credi
497 3607 736 3682 potest,
787 3596 1283 3687 comprehendi
1329 3617 1464 3666 non
1518 3607 1759 3686 potest.
1807 3594 1958 3665 Illic
1990 3600 2251 3686 Regina
2283 3595 2630 3686 virginum
2674 3593 2807 3664 vir-

277 3681 547 3765 ginibus
592 3683 980 3756 innumeris
1027 3685 1371 3768 comitata,
1428 3685 1822 3755 mansiones
1873 3684 2309 3775 perambulat
2356 3682 2800 3774 Angelorum,

277 3776 343 3833 et
376 3770 685 3868 utrisque
732 3774 1000 3843 naturis
1048 3773 1338 3866 gloriam
1387 3774 1540 3864 ejus
1587 3773 2097 3844 admirantibus
2135 3773 2347 3844 dicit:
2401 3795 2437 3840 «
2473 3771 2646 3855 Quid
2698 3795 2807 3842 me

279 3851 761 3930 admiramini?
809 3862 1127 3933 Divinum
1179 3874 1282 3933 est
1327 3863 1732 3951 mysterium
1783 3862 1947 3943 hoc,
2002 3862 2186 3950 quod
2236 3862 2562 3933 cernitis:
2628 3860 2807 3931 divi-
2915 3889 2928 3904 ·

279 3959 446 4012 num
488 3949 806 4037 profect0,
864 3972 999 4020 non
1032 3951 1464 4033 humanum,
1519 3972 1645 4021 nec
1695 3949 2023 4021 humanis
2061 3971 2371 4037 unquam
2423 3951 2808 4021 rationibus

279 4037 867 4131 comprehensum.
900 4062 938 4107 »
987 4040 1092 4109 Ibi
1126 4061 1538 4132 numerosus
1568 4039 1982 4130 Angelorum
2014 4039 2355 4111 exercitus
2382 4040 2669 4110 sacratis
2702 4038 2810 4107 di-

281 4125 669 4210 visionibus,
721 4128 1244 4219 insplendescit,
1298 4141 1363 4198 et
1410 4129 1795 4199 volitatorio
1832 4126 2210 4198 delectatus
2256 4129 2609 4217 obsequio,
2665 4146 2807 4196 non

282 4205 469 4309 velat,
504 4216 615 4285 sed
653 4217 907 4287 revelat
939 4218 1210 4287 Domini
1259 4219 1712 4308 majestatem.
1766 4215 1916 4286 Illic
1964 4216 2518 4288 Patriarcharum
2567 4214 2810 4286 electio

282 4301 646 4388 primitiva,
702 4306 1078 4377 reverenda
1137 4307 1426 4377 societas
1479 4306 2016 4396 Prophetarum,
2066 4304 2407 4395 gloriosus
2461 4301 2810 4396 Apostolo-

284 4403 431 4455 rum
477 4394 747 4482 choruS,
798 4417 1151 4487 purpurea
1199 4400 1575 4486 Martyrum
1630 4393 2025 4478 multitudo,
2076 4394 2514 4487 congregatio
2563 4390 2811 4537 floridta
