2993 4837
324 188 366 249 8
1075 200 1399 250 sueonum
1448 202 1541 250 ss.
1596 202 1938 250 narraui!
2499 186 2681 251 Nov.
2735 190 2762 251 l

240 286 659 367 subsidium,
710 297 775 357 et
821 286 909 357 ad
957 296 1020 357 te
1066 286 1489 359 currentium
1538 286 1875 357 auxilium
1913 286 2580 377 praesentissimum,
2633 309 2776 359 om-

242 378 440 446 nium
489 375 646 446 deni
698 396 785 445 ue
842 375 1384 446 Christianorum
1443 374 1870 466 profugium,
1941 398 2050 446 me
2111 375 2474 447 scelestum
2544 399 2776 469 pecca·

242 478 482 545 torem,
536 475 609 533 et.
654 463 868 537 cedis
916 464 1089 536 meis
1134 462 1689 556 cogitationibuS,
1742 464 1987 546 verbiS,
2040 464 2237 536 factis
2284 464 2541 535 factum
2590 464 2780 535 vilis-

242 554 527 633 simum,
580 565 784 640 atque
829 551 999 622 adeo
1046 552 1472 645 voluptatum
1510 552 1866 624 mollitiem
1900 553 2135 623 animo
2164 553 2395 624 servili
2423 567 2488 624 et
2515 555 2780 644 abjecto

242 641 732 731 amplexatum,
788 663 871 712 ne
917 642 1270 724 averseriS,
1322 663 1614 729 quaeso:
1667 642 1837 729 quin
1896 642 2125 733 potius
2178 642 2362 714 sicut
2420 643 2780 713 humanis-

244 730 404 799 simi
454 730 570 800 Dei
618 735 825 801 Mater
871 752 967 809 es,
1040 730 1134 801 ita
1202 752 1314 800 me
1376 742 1802 821 peccatorem
1874 730 2270 801 humaniter
2341 732 2639 821 suscipe,
2716 742 2783 801 et

243 839 467 888 meam
533 818 1106 911 sordidissimam,
1174 818 1616 910 indignisque
1675 819 1878 889 labiis
1941 841 2332 909 expressam
2398 821 2782 890 orationem

243 906 550 990 admitte,
603 928 865 977 necnon
916 918 1113 977 tuum
1161 907 1442 996 quidem
1496 907 1770 988 Filium,
1829 930 2062 978 meum
2124 921 2352 980 autem
2405 910 2652 979 herum
2717 919 2785 978 et

241 999 481 1078 Deum,
533 1009 841 1066 materna
889 1009 1115 1066 autem
1167 994 1572 1066 liberalitate
1618 996 1849 1067 volens
1896 1018 2121 1080 exora,
2175 1009 2253 1069 ut
2292 997 2465 1066 mihi
2501 1019 2782 1086 quoque

243 1084 607 1155 mitissima
654 1084 775 1155 illa
820 1107 984 1156 suae
1032 1085 1301 1175 pietatis
1350 1085 1609 1155 viscera
1658 1098 1929 1168 reseret,
1982 1098 2048 1156 et
2103 1086 2512 1176 posthabitis
2570 1087 2783 1156 innu-

244 1172 696 1243 merabilibus
745 1174 1044 1263 peccatis
1092 1174 1285 1255 meiS‚
1338 1173 1426 1243 ad
1475 1174 1961 1265 poenitentiam
2013 1196 2124 1244 me
2170 1186 2539 1255 convertat,
2623 1196 2786 1264 pro—

240 1261 464 1348 beque
536 1283 660 1333 sua
730 1261 1074 1352 complere
1144 1261 1466 1332 mandata
1534 1263 1886 1333 concedat.
1960 1263 2156 1335 Adsis
2227 1262 2398 1333 mihi
2475 1284 2778 1353 semper,

243 1350 447 1440 Virgo
494 1350 908 1431 misericorS,
960 1349 1262 1421 clemens
1309 1363 1374 1420 et
1419 1351 1745 1443 benigna,
1799 1352 1868 1421 in
1922 1352 2263 1443 praesenti
2310 1350 2586 1440 quidem
2639 1352 2783 1422 vita

241 1438 511 1508 fervens
558 1438 920 1528 protectrix
966 1450 1033 1508 et
1079 1439 1490 1520 auxiliatrix,
1554 1440 1835 1510 hostiles
1906 1440 2206 1531 impetus
2276 1439 2642 1530 repellens,
2719 1451 2789 1511 et

240 1548 353 1596 me
398 1526 747 1598 deducens
793 1527 880 1596 ad
930 1526 1243 1611 salutem,
1298 1550 1376 1598 ac
1409 1529 1478 1597 in
1511 1551 1838 1615 supremo
1872 1530 2043 1600 vitae
2075 1542 2418 1599 momento
2451 1528 2782 1599 miseram

240 1636 467 1685 meam
518 1615 825 1685 animam
873 1638 1308 1699 conservans,
1360 1631 1425 1686 et
1483 1622 1876 1688 tenebrosos
1945 1616 2290 1688 malorum
2358 1617 2784 1687 daemonum

241 1702 609 1792 adspectus
655 1704 742 1774 ab
789 1726 869 1774 ea
919 1704 1154 1795 procul
1205 1705 1536 1806 abigens:
1591 1706 1661 1775 in
1713 1706 2000 1777 terribili
2069 1717 2296 1776 autem
2360 1704 2474 1775 die
2526 1706 2789 1795 judicii

241 1792 329 1862 ab
362 1804 637 1862 aeterna
684 1792 1125 1869 damnatione
1158 1816 1267 1865 me
1302 1793 1627 1876 liberans,
1667 1807 2010 1886 postremo
2042 1794 2433 1864 inaccessae
2482 1795 2583 1864 tui
2625 1794 2788 1864 Filii

240 1891 304 1949 et
352 1880 468 1950 Dei
517 1879 775 1970 gloriae
823 1904 934 1952 me
978 1882 1339 1953 haeredem
1388 1882 1713 1953 efficiens.
1769 1888 1986 1967 Quam
2038 1906 2157 1973 per
2189 1883 2784 1965 intercessionem,

238 1968 675 2070 favoremque
722 1983 944 2052 tuum,
999 1971 1285 2041 Domina
1326 1994 1476 2042 mea
1523 1972 1985 2054 sanctissima,
2039 1973 2156 2041 Dei
2195 1978 2423 2052 Mater,
2470 1985 2534 2040 te
2570 1972 2787 2042 etiam

240 2066 444 2144 atque
487 2070 690 2128 etlam
739 2081 882 2141 oro,
937 2082 1086 2129 asse
1137 2060 1211 2129 ui
1256 2060 1544 2141 valeam,
1597 2061 1841 2151 gratia,
1896 2061 2332 2131 miseratione
2390 2072 2458 2129 et
2520 2059 2782 2130 huma-

240 2146 451 2215 nitate
500 2147 844 2237 Unigeniti
893 2148 991 2217 tui
1041 2148 1112 2216 Fi
1145 2148 1192 2217 ii
1242 2150 1515 2218 Domini
1562 2162 1627 2219 et
1676 2150 1791 2219 Dei
1839 2172 1918 2220 ac
1959 2149 2325 2223 Salvatoris
2359 2149 2576 2219 nostri
2601 2149 2790 2220 Jesu

241 2234 515 2318 Christi,
592 2236 706 2305 cui
775 2236 1091 2306 convenit
1160 2237 1388 2306 omnis
1458 2237 1719 2338 gloria,
1798 2239 2017 2308 honor
2084 2250 2149 2309 et
2213 2237 2553 2308 veneratio
2616 2259 2784 2307 cum

242 2334 519 2393 aeterno
597 2324 746 2414 ejus
824 2329 1050 2405 Patre,
1133 2336 1198 2394 et
1270 2327 1706 2397 sanctissimo
1780 2326 2175 2416 optimoque
2252 2326 2425 2395 vitae
2501 2339 2790 2397 auctore

242 2411 526 2502 Spiritu,
582 2435 768 2483 nunc
815 2426 879 2483 et
927 2436 1222 2504 semper,
1275 2427 1340 2484 et
1388 2414 1458 2484 in
1509 2414 1743 2485 secula
1790 2414 2208 2497 seculorum,
2260 2421 2498 2486 Amen.

717 2714 1066 2796 SERMo
1118 2716 1596 2797 EJUSDEM
1652 2717 1728 2796 s.
1782 2693 2300 2797 EPHRAEM

610 2961 753 3062 DE
818 2961 1429 3064 LAUDlBUS
1508 2961 1661 3063 SS.
1734 2960 2408 3063 MARTYRUM

851 3217 1163 3267 AMBROSIO
1211 3215 1684 3267 CAMALDULENSI
1743 3219 2150 3267 lNTERPRETE.

276 3393 359 3492 ,ἓ
405 3395 481 3462 1.
537 3391 902 3482 Insipiens,
957 3391 1355 3480 imperitus,
1411 3389 1605 3460 rudis
1671 3391 1887 3481 pictor
1932 3402 1998 3462 et
2047 3388 2392 3470 horriduS,
2449 3389 2781 3480 pulcher-

124 3531 129 3538 .
234 3500 481 3549 rimam
532 3479 1031 3570 spectatoribus
1067 3500 1443 3570 proponere
1495 3480 1870 3569 imaginem
1919 3480 2133 3569 cupit,
2195 3500 2486 3565 eamque
2535 3478 2784 3549 lucen-

237 3580 368 3639 tem
405 3590 484 3637 ac
534 3568 966 3659 splendidam
1017 3568 1286 3640 cunctis
1326 3567 1705 3649 ostendere,
1759 3569 1829 3638 id
1878 3582 2025 3646 est,
2088 3580 2485 3637 sanctorum
2529 3573 2786 3659 Marty-

233 3677 390 3726 rum
426 3679 756 3748 pugnam.
794 3656 918 3726 Sed
971 3679 1131 3726 cum
1182 3657 1250 3726 di
1308 3657 1414 3726 nis
1460 3678 1540 3726 ea
1587 3657 1890 3748 imagine
1937 3656 2288 3728 coloribus
2335 3667 2585 3736 careat,
2648 3678 2781 3727 nec

233 3745 413 3815 adsit
452 3768 724 3828 manu5‚
764 3766 939 3832 quae
986 3745 1057 3815 in
1105 3767 1184 3815 ea
1215 3681 1441 3837 effigie
1488 3745 1899 3816 lineamenta
1950 3746 2244 3836 perfecta
2292 3745 2628 3835 insignire
2662 3767 2785 3816 va-

232 3834 388 3915 leat,
438 3855 578 3922 quo
616 3847 810 3924 pacto
863 3845 1257 3925 praesumet
1289 3836 1480 3905 iners
1529 3847 1733 3922 atque
1783 3835 1978 3905 rudis
2027 3835 2463 3906 excedentem
2518 3833 2780 3904 virium

233 3945 521 3992 suarum
574 3922 883 4006 modum,
945 3923 1360 4013 imaginem,
1412 3922 1516 3993 vel
1566 3945 1811 3994 ornare
1857 3923 2246 4006 coloribus,
2304 3922 2403 3992 vel
2454 3936 2784 4011 spectan-

232 4011 418 4082 tibus
450 4011 538 4082 ad
578 4011 988 4084 intuendum
1029 4015 1452 4103 proponere?
1478 4013 1815 4095 Quoniam
1851 4013 2065 4103 igitur
2098 4036 2296 4083 suam
2337 4032 2470 4081 non
2501 4012 2520 4081 i
2579 4025 2782 4082 norat

230 4099 574 4184 inertiam,
614 4122 831 4188 neque
865 4123 1028 4171 suae
1074 4100 1485 4171 humilitatis
1517 4100 1772 4171 oblitus
1818 4114 1920 4172 est
1969 4100 2369 4192 hujusmodi
2409 4101 2520 4190 opi
2553 4122 2655 4179 ex,
2702 4100 2776 4169 in

229 4191 534 4261 oratione
582 4190 1060 4281 prosternitur,
1116 4189 1493 4281 deprecans
1524 4190 1891 4260 Dominum
1941 4190 2254 4260 omnium
2289 4194 2539 4280 Regem
2574 4188 2779 4259 Chri-

229 4291 438 4365 stum,
476 4292 552 4352 ut
596 4279 718 4367 qui
758 4279 1171 4368 Martyribus
1203 4279 1350 4350 suis
1392 4279 1567 4348 inter
1595 4279 1974 4349 certamina
2006 4279 2286 4348 donavit
2333 4278 2535 4360 vires,
2564 4290 2776 4365 atque
