2993 4837
524 314 650 375 352
1119 330 1195 375 1)ss
1245 331 1297 376 s.
1354 330 1705 375 accerume
1756 331 1852 374 nt».
1908 328 2289 375 Auntmssxst
2696 311 2860 375 Nov.
2907 316 2943 371 8

439 414 502 482 id
542 413 847 499 quidem,
881 428 946 482 et
981 427 1202 482 tamen
1236 414 1403 481 citra
1442 413 1904 494 mendacium,
1941 413 2336 503 significare
2369 411 2599 482 volens
2630 413 2943 480 neminem

439 503 834 571 divitiarum
872 503 1053 571 fasce
1101 501 1533 591 depressum,
1573 524 1769 589 posse
1801 504 2172 570 ascendere
2212 503 2278 569 in
2321 516 2616 570 montem
2655 501 2945 570 Domini:

437 593 554 679 qui
592 606 816 660 autem
860 591 1366 660 misericordiae
1413 591 1739 680 operibus
1786 590 1996 660 dediti
2039 592 2197 669 sint,
2252 611 2367 660 eos
2405 612 2442 658 a
2487 590 2746 659 Christo
2791 611 2951 658 rece·

439 698 680 770 pturos
727 679 1153 768 centuplum.

526 771 561 855 ξ
608 773 765 838 29.
822 768 1129 837 Monac-hi
1184 790 1336 837 vero
1385 773 1669 836 Romam
1724 767 2026 848 veniunt,
2084 790 2367 837 munera
2414 768 2820 857 largiuntur,
2868 790 2954 834 re-

439 858 653 926 deunt
701 857 782 924 ad
836 880 962 925 sua
1030 856 1181 926 laeti
1250 872 1313 925 et
1360 855 1622 925 alacres
1658 912 1673 935 ‚
1741 856 2066 926 omnibus
2134 879 2253 946 pro
2303 871 2452 926 voto
2514 856 2885 946 impetratis
2927 879 2952 922 a

440 952 743 1014 Romano
806 945 1150 1014 Pontifice.
1220 951 1581 1032 Postquam
1638 946 1702 1012 in
1772 945 2260 1013 Ambianorum
2331 944 2503 1016 fines
2568 966 2953 1035 pervenere.

438 1035 813 1104 insolenter
853 1035 1209 1120 jactitant,
1263 1057 1333 1103 se
1380 1034 1465 1102 ab
1517 1035 1833 1123 Episcopi
1874 1033 2215 1102 Godesridi
2269 1034 2527 1102 ditione
2577 1035 2949 1103 immunes.

441 1123 663 1192 redire
712 1125 778 1192 in
833 1125 1120 1223 patriam
1174 1122 1581 1200 incolumeS,
1640 1122 1833 1189 illum
1885 1123 1948 1189 in
1998 1124 2355 1212 peregrino
2388 1124 2533 1193 solo
2562 1123 2827 1192 exulem
2860 1123 2957 1189 de·

441 1234 621 1302 gere,
673 1226 738 1281 et
785 1211 1114 1301 dignitate
1164 1211 1478 1301 Episcopi
1533 1211 1892 1289 nudatum,
1946 1211 2125 1297 quod
2177 1234 2294 1280 eos
2344 1212 2598 1297 injuste
2650 1224 2951 1280 vexasset.

441 1301 766 1390 Populus,
807 1301 913 1369 his
944 1301 1221 1379 auditis,
1262 1300 1436 1368 male
1477 1311 1772 1369 metuere
1807 1301 2028 1388 coepit
2059 1314 2261 1385 atque
2297 1301 2559 1389 pudore
2600 1298 2919 1371 suffundi.

529 1391 564 1476 ξ
610 1394 784 1461 3⁰.
837 1395 912 1459 At
962 1391 1061 1457 vir
1113 1390 1222 1457 Dei
1284 1399 1568 1457 ftomam
1641 1389 2041 1477 ingressus,
2119 1388 2359 1458 limina
2423 1390 2955 1458 beatissimorum

440 1477 907 1567 Apostolorum
963 1479 1134 1546 Petri
1184 1490 1248 1546 et
1295 1477 1484 1546 Pauli
1524 1475 1836 1565 religiose
1871 1477 2124 1556 invisit,
2161 1500 2240 1546 ac
2276 1478 2523 1546 deinde
2556 1477 2643 1546 ad
2691 1478 2955 1546 Pascha·

443 1566 569 1635 lem
615 1566 647 1600 ³*
697 1566 1086 1635 Pontificem
1139 1589 1209 1634 se
1248 1566 1531 1635 confert.
1588 1571 1734 1634 Mox
1780 1565 2098 1635 advolant
2132 1567 2508 1648 causidici,
2565 1578 2847 1655 sperant
2891 1568 2955 1632 al]

441 1656 557 1724 illo
606 1677 879 1742 quoque
926 1678 998 1722 se
1055 1668 1455 1743 accepturos
1511 1676 1797 1723 munera
1847 1653 2258 1744 largissima.
2330 1655 2454 1725 Sed
2509 1654 2948 1725 GodefriduS.

438 1745 552 1830 qui
609 1766 739 1811 non
792 1742 1180 1813 confidebat
1240 1744 1303 1810 in
1359 1743 1683 1812 homine.
1742 1766 1862 1810 nec
1924 1746 2214 1831 ponebat
2269 1766 2544 1813 carnem
2612 1744 2949 1813 brachium

439 1855 670 1911 suum,
727 1844 800 1900 ut
849 1855 886 1901 a
943 1833 1224 1902 Domino
1276 1833 1616 1900 recederet
1662 1853 1779 1899 cor
1826 1831 2014 1920 ejus,
2068 1854 2203 1917 qua
2254 1855 2462 1903 causa
2514 1847 2650 1901 tam
2708 1830 2952 1901 difficile

439 1936 504 1989 et
552 1921 1006 2009 longinquum
1061 1922 1474 2009 suscepisset
1524 1921 1670 1995 iter,
1726 1920 1984 2005 absque
2034 1921 2196 1989 ullis
2248 1922 2343 1990 vel
2380 1921 2746 1991 verborum
2784 1921 2983 2011 fuciS„

442 2009 540 2078 vel
579 2032 942 2079 munerum
998 2009 1608 2098 pollicitationibus
1636 2008 2043 2097 simpliciter
2071 2011 2297 2078 edicit.
2340 2011 2462 2079 Sed
2502 2010 2953 2078 contradicunt

440 2098 817 2178 causidici,
875 2100 1070 2187 ajunt
1120 2098 1491 2167 monachos
1540 2098 1626 2165 ab
1673 2119 1751 2166 eo
1804 2098 2055 2184 injuste
2111 2121 2329 2167 vexari
2366 2153 2381 2173 ,
2435 2099 2749 2187 dumque
2798 2096 2953 2166 nulla

441 2201 717 2277 sperant
766 2189 868 2256 ab·
899 2209 977 2256 eo
1027 2210 1338 2268 munera,
1391 2208 1673 2255 causam
1728 2186 1976 2256 malam
2020 2210 2176 2256 eum
2216 2186 2435 2257 fovere
2469 2188 2839 2256 affirmant.
2878 2186 2952 2249 vi-

444 2277 614 2345 dens
676 2299 837 2380 ergo
898 2278 998 2343 vir
1059 2277 1171 2344 Dei
1241 2298 1310 2344 se
1373 2275 1681 2344 humano
1749 2275 2127 2362 patrocinio
2184 2276 2633 2351 destitutum,
2690 2275 2948 2345 labentia

442 2380 688 2435 cuncta
740 2365 891 2434 lorti
941 2378 1004 2433 et
1051 2365 1314 2434 excelso
1363 2364 1596 2433 animo
1644 2376 2113 2442 contemnens,
2167 2365 2541 2435 exclamat:
2600 2388 2634 2431 «
2672 2369 2725 2436 O
2763 2377 2950 2454 pastor

444 2454 857 2523 orthodoxae
910 2454 1147 2522 matris
1181 2453 1540 2534 Ecclesiae,
1576 2456 1654 2521 ea
1703 2458 1912 2522 causa
1947 2455 2253 2524 Christus
2303 2466 2363 2523 te
2412 2455 2627 2524 voluit
2661 2477 2790 2523 suo
2837 2454 2981 2522 loce

446 2543 543 2612 illi
600 2564 930 2632 praeesse,
986 2555 1058 2610 ut
1110 2543 1328 2610 lucem
1380 2566 1415 2611 a
1470 2542 1790 2623 tenebris,
1848 2565 2080 2610 verum
2119 2566 2154 2611 a
2193 2542 2360 2612 falso
2398 2543 2947 2612 discernerestut

443 2633 623 2699 enim
660 2654 696 2698 a
727 2632 946 2718 capite
1000 2632 1301 2700 membra
1339 2646 1695 2720 reguntur,
1750 2643 1814 2699 et
1846 2632 1927 2699 ad
1969 2632 2155 2700 illius
2193 2646 2463 2710 nutum,
2514 2633 2943 2702 membrorum

444 2721 602 2788 vitia
639 2721 1117 2809 corriguntur:
1159 2722 1254 2788 sic
1289 2721 1488 2788 etiam
1529 2743 1566 2789 a
1606 2733 1663 2787 te
1704 2720 2241 2789 Christianorum
2286 2723 2600 2789 omnium
2643 2743 2776 2789 non
2811 2723 2943 2788 facta

444 2809 820 2886 dumtaxat,
876 2808 990 2876 sed
1040 2808 1239 2877 etiam
1304 2809 1522 2877 malae
1574 2808 1951 2878 voluntates
2009 2810 2569 2896 comprimendae
2620 2824 2801 2879 sunt.
2853 2803 2945 2874 Sed

444 2897 601 2984 quia
641 2920 823 2964 nnnc
856 2919 1080 2977 cern0‚
1114 2898 1380 2985 justum
1415 2897 1831 2983 quandoque
1865 2897 2125 2966 crimen
2164 2899 2407 2985 iniqui,
2444 2897 2714 2980 occulto
2742 2897 2944 2967 Christi

441 2985 704 3074 judicio
764 2985 1068 3074 perpeti,
1128 2985 1359 3054 malim
1418 2988 1720 3076 privatus
1770 2986 2013 3067 vivere,
2058 3009 2263 3073 quam
2308 2987 2690 3068 admittere,
2744 2998 2814 3054 ut
2858 2989 2947 3052 Ee-

442 3074 646 3142 clesia
699 3074 1197 3154 Ambianensis,
1255 3095 1363 3142 me
1399 3074 1734 3163 praesule.
1777 3075 1897 3161 jus
1952 3077 2216 3145 amittat
2263 3098 2493 3145 suum.
2522 3099 2556 3140 »
2600 3077 2720 3144 His
2753 3073 2944 3164 dictis,

445 3163 752 3232 Pontifici
812 3162 1140 3244 valefacit,
1193 3176 1257 3230 et
1303 3162 1386 3232 ad
1435 3165 1830 3232 Barensium
1883 3165 2173 3240 urbem,
2227 3165 2313 3232 ob
2364 3164 2756 3233 invisendas
2806 3165 2944 3231 beati

445 3252 698 3322 Nicolai
764 3253 1130 3338 reliquum,
1185 3251 1449 3321 ardenti
1521 3252 1749 3320 studio
1804 3254 2283 3340 proficiscitur.
2347 3258 2707 3340 Postquam
2764 3250 2941 3320 abiit.

446 3341 744 3410 Pontifex
796 3341 1161 3430 diligenter
1210 3341 1633 3430 perquisivit,
1676 3362 1850 3426 quac
1889 3343 2058 3410 vitae
2104 3343 2255 3411 e'us
2289 3343 2639 3423 sanctitas,
2675 3357 2945 3429 quaeque

444 3430 635 3499 illius
684 3433 1055 3499 auctoritas
1102 3443 1300 3507 esset,
1355 3429 1536 3516 quod
1592 3442 1772 3498 tanta
1825 3429 2094 3498 dicendi
2135 3365 2456 3500 libertate
2506 3444 2819 3499 uteretur.
2869 3431 2943 3494 Ita

444 3520 562 3605 qui
613 3533 810 3588 antea
860 3520 1028 3587 citra
1077 3519 1274 3606 Alpes
1322 3518 1585 3587 celebre
1634 3519 2012 3588 sanctitatis
2063 3542 2309 3589 nomen
2362 3518 2499 3587 fere
2561 3520 2804 3605 ubique
2846 3514 2941 3582 ob·

448 3608 765 3686 tinuerat,
821 3609 1022 3675 etiam
1078 3612 1424 3676 Romanae
1472 3607 1631 3677 urbi
1685 3607 2029 3697 praeclare
2091 3609 2409 3679 innotuit.
2469 3612 2633 3678 Nam
2699 3608 2943 3675 interro·

442 3698 630 3786 ganti
683 3697 988 3765 Pontifici
1040 3695 1415 3765 indicatum
1466 3710 1591 3777 est,
1637 3695 1816 3784 quod
1869 3700 1954 3766 ab
2002 3698 2171 3786 ipsis
2207 3720 2377 3786 pene
2408 3694 2830 3767 incunabulis
2860 3691 2940 3758 di·

445 3786 761 3875 sciplinis
788 3785 1281 3855 Ecclesiasticis
1324 3785 1632 3854 imbutus
1665 3786 1773 3865 sit,
1820 3784 2000 3871 quod
2040 3807 2160 3874 pro
2194 3786 2519 3855 virtutum
2568 3786 2940 3876 incremento
2976 3849 2977 3874 χ

441 3874 522 3942 ad
584 3873 824 3942 altiora
888 3887 1289 3962 provectus,
1356 3874 1578 3962 primo
1632 3874 1877 3954 Abbas‚
1934 3874 2091 3943 inde
2140 3875 2519 3964 Episcopus
2559 3887 2813 3943 creatus
2845 3880 2977 3960 sitq

441 3962 622 4049 quod
675 3963 824 4050 ejus
864 3963 1136 4052 egregia
1180 3963 1264 4030 sit
1314 3961 1588 4051 religiO,
1625 3963 1919 4050 jureque
1967 3965 2235 4031 cunctis
2283 3962 2742 4033 sacerdotibus
2785 3969 2935 4028 antc-

444 4053 806 4140 ponendus
859 4052 1188 4129 videatur,
1242 4051 1419 4137 quod
1476 4073 1857 4141 pauperum
1925 4065 1989 4121 et
2046 4052 2408 4121 viduarum
2483 4071 2785 4142 magnam
2834 4067 2933 4113 cu-

442 4162 586 4208 ram
641 4155 850 4230 gerat,
914 4140 1094 4227 quod
1147 4140 1401 4210 Galliae
1455 4141 1855 4230 proceribus
1905 4142 2350 4222 notissitnuS,
2423 4152 2488 4210 et
2534 4139 2782 4210 cunctis
2820 4133 2930 4201 sere

495 4333 520 4358 ⁴
554 4334 704 4380 Hujus
735 4333 935 4374 nominis
965 4338 1023 4375 11.
1061 4338 1190 4374 Anno
1213 4338 1313 4375 1099
1335 4337 1389 4376 ad
1411 4337 1653 4376 Summum
1676 4337 2001 4377 Pontificatum
2023 4342 2213 4378 evectus
2236 4338 2349 4380 fult:
2371 4338 2487 4377 otttt
2506 4348 2626 4378 anno
2649 4327 2919 4387 1118-1126311‘·
2973 4363 2975 4390 Δ

441 4384 627 4424 bertum
660 4389 922 4433 antipapam
953 4401 977 4426 e
1015 4391 1158 4428 Roma
1187 4391 1392 4436 pepulit:
1419 4392 1671 4429 concilium
1696 4390 1909 4429 Laterani
1933 4393 2214 4432 celebravit:
2240 4399 2382 4440 atque
2404 4403 2488 4440 pr>
2514 4393 2712 4431 libertate
2729 4384 2917 4427 nectes&

443 4439 618 4477 tuenda
639 4448 746 4478 cun:
767 4442 968 4480 Hem-teo
993 4443 1024 4478 Υ
1050 4441 1330 4490 imperatore
1350 4446 1543 4483 strenue
1565 4445 1820 4483 contundit.
