2993 4837
565 298 692 362 588
1014 312 1093 358 na
1140 312 1195 358 s.
1248 311 1616 371 sustuna,
1669 309 1853 358 nmis
1903 309 2273 359 nummatas
2318 309 2486 356 1?qu
2671 289 2808 355 Not.
2839 292 2896 354 {9

477 420 674 468 mons
706 417 960 467 aureus
993 407 1175 465 totus
1200 409 1399 476 esset,
1426 396 1708 482 tibique
1739 395 2021 464 daretur
2052 395 2260 483 optio,
2299 393 2508 464 altero
2532 392 2902 473 dumtaxatid

474 499 599 565 est,
631 500 751 555 aut
790 498 1041 563 monte,
1079 497 1199 554 aut
1237 484 1581 554 Elisabeth
1619 485 2060 554 matrimonio
2092 483 2414 573 potiendi,
2457 482 2900 573 posthabitum

476 596 712 644 sacrae
761 574 1050 664 virginis
1098 573 1425 661 conjugio
1477 573 1984 663 amplissimam
2026 574 2179 641 auri
2222 572 2518 642 molem:
2568 570 2653 639 ob
2705 570 2756 637 id
2795 569 2907 637 inri-

478 664 726 733 dorum
769 663 1249 733 blaterationes
1291 684 1576 751 prorsus
1628 662 1901 730 minimi
1950 661 2170 730 facere
2201 663 2417 729 scire:
2475 659 2649 735 illos,
2689 681 2816 744 quae
2840 657 2914 742 ja·

473 765 815 832 ctassent,
888 750 1173 840 probare
1224 772 1356 819 non
1422 772 1658 839 posse:
1710 751 2020 840 perbrevi
2077 748 2616 827 declaraturum,
2663 768 2912 833 quoerae

475 842 811 930 virginem
855 840 1087 908 animo
1122 838 1311 909 soret.
1352 844 1491 908 Hoc
1542 860 1948 927 responsum
1984 838 2069 907 ad
2107 838 2449 908 Elisabeth
2489 836 2762 927 perferre
2784 833 2916 903 uual-

476 944 618 1000 tero
644 928 1064 1020 deposcenti,
1102 951 1234 997 non
1276 928 1477 997 modo
1511 950 1548 995 a
1588 928 1898 1017 principe
1932 927 2108 997 facta
2140 940 2240 996 est
2272 926 2654 1015 perferendi
2693 937 2914 1015 potestas,
2945 980 2946 983 η

474 1041 713 1087 verum
761 1018 991 1099 etiam,
1030 1039 1166 1103 quo
1203 1017 1423 1086 verbis
1461 1018 1682 1101 major
1717 1015 1890 1085 fides
1941 1017 2328 1096 haberetur,
2370 1015 2680 1085 additum
2729 1033 2914 1080 munus

475 1112 635 1176 Erat
675 1120 901 1176 autem
952 1127 988 1174 e
1038 1104 1382 1195 speculari
1433 1104 1684 1192 lapide,
1739 1105 1807 1174 in
1846 1105 2287 1174 tenuissimas
2336 1118 2610 1174 crustas
2643 1103 2818 1180 fisso,
2854 1122 2912 1189 gt*

479 1196 669 1265 mina
717 1195 888 1264 sacie
944 1193 1304 1283 speculum
1355 1194 1452 1262 sic
1502 1193 1946 1263 fabrefactum
1980 1247 1996 1275 ‚
2052 1206 2127 1263 ut
2230 1216 2344 1262 ars
2403 1216 2546 1262 una
2607 1192 2746 1260 vitri
2796 1188 2910 1257 merli

476 1283 919 1361 translucida,
974 1283 1419 1369 colorumque
1448 1281 1626 1352 fucis
1660 1281 1844 1352 nuda
1875 1296 2093 1361 esset;
2146 1304 2181 1350 a
2220 1297 2358 1350 tera
2400 1282 2903 1350 Christianaem·

475 1372 817 1442 cifixionis
854 1372 1191 1461 picturam
1239 1370 1621 1460 praeferret.
1661 1375 1808 1453 Quo
1845 1393 2128 1440 munere
2162 1371 2412 1440 donata
2454 1371 2673 1459 virg0,
2709 1368 2898 1435 dicim

479 1474 733 1551 potest,
797 1473 1052 1547 quanto
1107 1460 1193 1530 sit
1231 1460 1470 1529 affecta
1517 1459 1822 1551 gaudio:
1876 1482 2035 1529 cum
2087 1472 2151 1528 et
2199 1481 2536 1548 sponsum
2592 1460 2661 1525 in
2717 1454 2894 1523 adnm

474 1549 681 1619 semel
733 1570 965 1618 amore
1010 1561 1322 1619 constare
1356 1603 1373 1628 ,
1425 1560 1491 1617 et
1539 1548 2026 1618 oblatrantium
2099 1548 2429 1617 invidiam
2495 1546 2670 1617 nihil
2718 1542 2892 1613 effes*

475 1638 959 1727 experimentis
991 1637 1369 1707 adnotaret.
1421 1642 1944 1725 Transgressam
1979 1636 2228 1705 deinde
2264 1635 2540 1705 nubiles
2572 1648 2896 1709 annosu-

476 1748 619 1796 rem
660 1726 979 1884 princeps
1012 1726 1229 1807 duxit,
1282 1725 1788 1812 celebravitque
1818 1725 1850 1759 ¹*
1903 1738 2243 1814 apparatu
2293 1725 2670 1814 magnifico
2719 1718 2902 1810 nuptm»

475 1816 659 1885 simu
733 1829 798 1884 et
833 1815 1218 1884 blaterones
1255 1814 1598 1883 mendacii
1645 1813 2083 1895 convincenS,
2123 1828 2189 1883 et
2233 1812 2806 1901 quemadmodum
2839 1808 2908 1891 iffi

476 1905 545 1973 in
586 1904 847 1994 virgine
875 1926 1010 1972 non
1045 1925 1233 1992 opes,
1275 1925 1408 1973 non
1442 1902 2007 1993 pulcritudinem,
2045 1925 2178 1971 non
2215 1902 2489 1993 generis
2522 1898 2907 1971 excellentiam.

476 1992 592 2062 sed
632 1992 1269 2062 honestissimorum
1318 1992 1774 2081 integritatem
1816 1993 2444 2081 praestantiamque
2498 2011 2758 2060 morum
2799 2004 2912 2071 quat·

475 2082 688 2161 sierit,
730 2082 1113 2152 declarans.
2890 2158 2896 2166 ι

563 2173 599 2257 ἓ
646 2176 733 2242 ὅ.
788 2172 964 2240 Inito
1017 2168 1453 2238 matrimonio
1493 2167 1837 2237 Elisabeth
1883 2167 1975 2236 nil
2012 2167 2095 2236 de
2129 2167 2413 2237 fervoris
2447 2168 2721 2258 pristini
2750 2162 2912 2233 remisit

476 2259 875 2339 intentione,
923 2257 1035 2327 sed
1080 2258 1367 2346 insuper
1414 2258 1604 2327 auxit
1659 2256 1723 2325 in
1770 2257 1940 2337 dies,
1992 2257 2597 2344 accumulavitque
2627 2253 2824 2325 studia
2857 2249 2916 2315 bo·

478 2371 724 2418 narum
776 2348 1151 2417 actionum.
1207 2346 1569 2415 Enimvero
1625 2346 1940 2414 animum
1990 2346 2572 2436 contemplatione
2620 2339 2914 2414 coelestium

476 2459 705 2506 rerum
762 2438 1105 2594 pascebat,
1157 2435 1648 2525 corpusculum
1703 2434 1978 2525 vigiliis,
2036 2436 2378 2525 precibuS,
2416 2436 2706 2524 jejuniis
2746 2445 2921 2498 exerce

473 2525 614 2596 bat.
670 2531 756 2594 Ex
811 2547 1037 2594 orrere
1084 2526 1463 2594 etiamnum
1515 2546 2011 2613 saepenumero
2059 2523 2318 2593 solebat
2354 2523 2619 2614 plumei
2653 2522 2788 2592 lecti
2816 2512 2919 2606 malt-f

472 2614 799 2684 blandam
841 2613 1222 2694 mollitiem,
1277 2614 1486 2682 verita
1541 2634 1623 2680 ne
1662 2612 1851 2681 carni
1896 2612 2050 2702 plus
2081 2613 2272 2700 justo
2323 2611 2716 2699 indulgens,
2762 2605 2918 2702 Chrisfl

476 2725 709 2773 amore
764 2702 950 2771 fieret
1015 2702 1323 2790 indigna.
1378 2701 1476 2771 Ob
1528 2701 1593 2769 id
1648 2714 1895 2781 noctu,
1949 2700 2215 2770 deserto
2265 2702 2606 2791 principis
2643 2698 2944 2769 accubnu.

473 2795 624 2891 ipso
668 2790 763 2858 vel
815 2791 1251 2877 quiescente,
1306 2790 1406 2859 vel
1458 2789 1980 2868 dissimulante,
2036 2789 2134 2859 vel
2185 2791 2388 2859 etiam
2443 2789 2671 2878 palam
2717 2793 2944 2856 consec*

472 2892 702 2959 tiente,
739 2880 1073 2956 maturius
1102 2900 1489 2967 exsurgere,
1527 2878 1846 2968 precibus
1878 2899 2157 2968 operam
2185 2880 2372 2960 dare,
2406 2901 2485 2947 ac
2519 2890 2726 2947 semet
2745 2885 2918 2953 suaqun²

473 2968 703 3037 omnia
760 2972 885 3036 Deo
933 2968 1419 3038 commendare
1466 2967 1665 3037 solita
1712 2980 1876 3036 erat.
1924 2967 2101 3036 Adeo
2130 2989 2405 3055 quoque
2441 2981 2795 3036 nocturnae
2821 2961 2916 3027 huic

476 3057 848 3147 precationi
901 3057 1281 3146 principem
1330 3056 1577 3125 favisse
1626 3068 1913 3136 constat,
1966 3070 2043 3125 ut
2097 3078 2417 3146 persaepe
2462 3079 2671 3125 manu
2720 3065 2922 3146 sua-ge·

475 3145 683 3215 nibus
735 3147 1055 3215 nitentem
1110 3145 1609 3224 sustentaverit,
1653 3144 1878 3231 quoad
1944 3167 2175 3233 preces
2224 3144 2340 3213 illa
2388 3144 2661 3213 finiret:
2709 3131 2918 3209 subtndfl

473 3234 854 3305 admonens
888 3233 1391 3323 deprecantem,
1444 3246 1731 3313 caveret,
1788 3254 1871 3302 ne
1922 3234 2312 3323 vigiliarum
2356 3232 2728 3323 prolixitate
2773 3241 2922 3293 mace·

476 3336 620 3393 rato
653 3323 1087 3411 corpusculo,
1125 3323 1371 3413 capitis
1404 3344 1481 3391 ac
1518 3344 1850 3393 sensuum
1888 3322 2309 3391 vivacitatem
2361 3322 2758 3391 exhauriret.
2789 3319 2920 3402 Pom

474 3435 560 3483 ne
615 3413 910 3502 graviori
961 3433 1201 3483 somno
1248 3410 1615 3499 depressa,
1668 3410 2068 3500 religiosum
2125 3410 2450 3501 precandi
2488 3431 2734 3479 morem
2776 3396 2922 3492 neglf·

473 3517 682 3591 geret,
742 3500 1145 3590 pedisequas
1196 3500 1446 3570 mulier
1492 3511 1730 3568 sancta
1783 3513 2160 3580 monuerat,
2214 3499 2662 3568 dormientem
2709 3517 2769 3564 se
2805 3506 2918 3556 exer

474 3603 716 3659 tarent.
767 3595 908 3659 Hoc
940 3602 1252 3675 utquam
1296 3589 1693 3658 cautissime
1734 3587 1945 3666 fieret,
1989 3588 2513 3677 principemque
2549 3579 2919 3677 productiores

476 3678 760 3748 laterent
807 3678 1166 3758 excubiae,
1223 3677 1463 3746 iisdem
1511 3691 1989 3766 praeceperat,
2038 3676 2287 3766 pedum
2344 3677 2594 3766 digitos
2641 3671 2761 3744 leni
2799 3673 2917 3734 tactu

472 3768 738 3837 tamdiu
787 3767 1223 3847 attraherent,
1277 3765 1493 3835 donec
1542 3777 2002 3854 experrectam
2046 3766 2397 3834 sentirent.
2436 3765 2625 3847 Quod
2661 3762 2800 3830 dum
2827 3767 2914 3818 11⁰⁸

473 3856 774 3932 illarum,
815 3853 1185 3925 Isintrudis
1229 3856 1530 3934 nornine,
1592 3853 1938 3923 incautius
1988 3876 2104 3942 per
2147 3876 2387 3923 caecae
2429 3854 2642 3923 noctis
2690 3842 2912 3918 tenebffl

476 3957 802 4025 attentat,
862 3967 1032 4014 casu
1085 3944 1324 4033 pedem
1389 3943 1662 4012 attraxit
1726 3942 2086 4032 principis.
2141 3943 2268 4025 Qui
2333 3933 2910 4032 expergefactus.et

474 4055 643 4112 rem,
690 4045 765 4101 ut
792 4046 958 4112 erat,
1005 4032 1220 4101 intelli
1273 4054 1419 4113 ens,
1461 4053 1583 4121 pro
1615 4030 1892 4121 cognita
1938 4031 2171 4101 uxoris
2218 4031 2720 4106 consuetudine,
2759 4011 2908 4091 haud·

471 4144 817 4210 quaquam
849 4122 1128 4191 moleste
1156 4134 1224 4191 tu
1263 4122 1311 4189 it
1335 4120 1890 4210 expergificantis
1937 4119 2504 4208 imprudentiam.
2544 4126 2732 4187 Tanto
2752 4117 2903 4179 autem

472 4211 732 4280 fervore
779 4224 1184 4280 nocturnam
1226 4210 1401 4278 hanc
1442 4209 1858 4298 deprecandi
1899 4220 2370 4298 assumpserat
2406 4208 2826 4277 devotionem,
2862 4197 2903 4253 ¹¹¹

473 4299 906 4386 saepiuscule
945 4300 1032 4368 sit
1082 4321 1205 4388 pro
1254 4299 1424 4367 lecto
1473 4320 1684 4388 super
1731 4310 1976 4367 stratos
2025 4297 2221 4366 humi
2277 4311 2536 4387 tapetas
2580 4288 2899 4384 deprehensa

525 4424 550 4449 *
579 4424 636 4462 In
663 4422 832 4471 oppido
861 4424 1121 4474 wurtburg,
1149 4433 1270 4464 anno
1301 4426 1422 4465 1220·
