2993 4837
557 282 685 347 462
1134 299 1214 344 na
1263 300 1318 345 s.
1371 298 1719 354 QfflN‘riANo
1769 299 1865 345 ΕΡ.
1921 297 2347 346 AavssaNontm
2674 279 2822 344 Nov.
2861 278 2913 344 13

466 383 836 474 fulgidum,
880 383 1189 472 justitiae
1217 405 1393 469 opus
1426 382 1833 471 plerumque
1864 382 2252 473 complevit.
2290 388 2460 471 Ergo
2494 403 2622 450 non
2657 403 2761 451 nos
2788 401 2920 450 more

468 473 897 563 peccantium
959 473 1187 541 carnis
1234 472 1514 542 sectatio
1573 473 1655 540 ad
1714 486 1982 541 terrena
2031 473 2434 561 submergat
2491 492 2569 539 ac
2616 470 2916 558 deprimatt

465 560 580 631 sed
638 561 862 649 potius
913 565 1312 630 Sanctorum
1378 561 1710 652 exemplis
1769 561 2029 630 illectos
2063 616 2078 642 ,
2145 561 2516 648 prudenter
2561 559 2899 648 intelligen==

465 672 641 737 quae
692 649 806 718 Dei
853 662 1059 729 sunt,
1114 648 1449 739 spiritalia
1518 672 1641 720 nos
1688 671 1896 739 opera
1943 649 2027 718 ad
2093 649 2413 718 coelestia
2457 671 2537 717 ac
2601 649 2917 737 sempiter

468 738 875 816 sustollant;
930 759 1150 824 neque
1201 739 1266 806 in
1330 739 1528 808 nobis
1594 761 1787 808 mens
1835 738 1921 806 ab
1970 738 2345 828 impudicis
2409 737 2769 807 actionibus
2803 736 2873 802 vic

467 827 806 908 luxuriet,
861 826 977 895 sed
1030 828 1448 896 aeternitatis
1500 849 1622 917 pro
1675 827 1936 896 meritis
1994 826 2356 897 vindicans
2419 826 2710 905 solium,
2761 822 2929 892 vietri

468 917 810 1006 Sapientia
861 928 1118 1005 regnet.

552 1097 588 1182 ἓ
636 1101 712 1166 1.
764 1100 943 1164 vm.
995 1099 1023 1163 1
1079 1094 1214 1164 itur
1263 1095 1703 1164 beatissimus
1751 1095 2187 1176 QuintianuS,
2245 1094 2395 1162 Afer
2443 1093 2729 1170 natione,
2776 1093 2876 1176 et(
2922 1118 2925 1131 ²

466 1182 748 1271 quidam
803 1183 1038 1252 volunt
1118 1205 1326 1272 nepos
1377 1184 1605 1252 Fausti
1653 1183 1686 1216 ¹*
1741 1184 2081 1272 Episcopi,
2152 1183 2275 1268 qui
2342 1183 2728 1271 genitricem
2790 1201 2879 1248 sua

469 1274 838 1342 suscitasse
876 1272 1293 1359 perhibetur,
1327 1272 1683 1341 sanctitate
1719 1271 2092 1360 praedituS,
2129 1274 2455 1341 virtutum
2492 1272 2644 1340 dote
2673 1268 2753 1337 ful
2802 1268 2906 1335 idu

466 1362 822 1430 charitatis
873 1361 1177 1450 igniculo
1224 1360 1548 1439 fervidus,
1602 1362 1933 1430 castitatis
1983 1361 2148 1429 flore
2206 1362 2622 1450 praecipuus
2652 1414 2666 1438 ,
2714 1381 2746 1426 a
2825 1355 2915 1443 Ep'

467 1463 824 1539 scopatum
875 1449 1230 1519 Ruthenae
1278 1449 1343 1485 *⁴*
1405 1448 1745 1519 Ecclesiae
1809 1449 2128 1549 eligitur,
2194 1449 2574 1538 expetitur,
2626 1447 2857 1516 ordinat
2900 1482 2907 1497 ι

467 1544 542 1608 ln
577 1561 714 1625 quo
762 1539 1176 1627 Episcopatu
1223 1537 1571 1628 ampliatis
1601 1538 1830 1607 adhuc
1865 1539 2257 1618 virtutibuS,
2297 1560 2455 1606 cum
2492 1538 2561 1606 in
2601 1537 2707 1605 Dei
2739 1557 2905 1603 semn-

465 1628 791 1716 operibus
839 1641 1193 1707 cresceret,
1251 1627 1320 1694 in
1381 1641 1654 1695 auctam
1708 1639 1908 1696 antea
1965 1627 2142 1695 beati
2206 1627 2502 1695 Amantii
2535 1625 2638 1659 *⁴*
2682 1623 2893 1693 Antisti

467 1716 820 1786 basilicam
862 1728 1175 1786 sanctum
1209 1737 1461 1805 corpus
1512 1715 1881 1795 transtulit,
1928 1716 2044 1784 sed
2089 1737 2223 1784 non
2262 1714 2391 1785 fuit
2425 1720 2669 1784 Sancto
2698 1733 2893 1797 accep

466 1805 603 1875 bile
639 1805 765 1874 boc
803 1827 1001 1893 opus.
1060 1804 1247 1874 Unde
1287 1803 1541 1873 factum
1592 1818 1715 1883 est,
1770 1818 1846 1874 ut
1905 1826 2022 1894 per
2072 1806 2295 1873 visum
2348 1825 2713 1894 apparenS,
2750 1800 2903 1869 dice

464 1895 565 1963 ei:
619 1917 654 1960 «
691 1893 861 1975 Quia
893 1916 1071 1963 ausu
1105 1894 1463 1963 temerario
1502 1906 1693 1962 artus
1728 1893 1794 1960 in
1836 1915 2001 1984 pace
2033 1895 2462 1980 quiescentes
2498 1893 2685 1962 visus
2720 1912 2781 1958 es
2805 1910 2897 1957 am

467 1984 666 2063 visse,
704 2004 861 2051 ecce
893 2004 1017 2070 ego
1055 1982 1411 2052 removebo
1451 1995 1514 2050 te
1564 1982 1651 2050 ab
1699 1981 1829 2051 bac
1877 1983 2072 2062 urbe,
2128 1995 2193 2051 et
2233 1982 2367 2051 eris
2398 1981 2591 2051 exsul
2630 1981 2693 2048 in
2731 1979 2901 2067 regio

464 2072 699 2141 altera.
746 2077 1223 2140 Verumtamen
1263 2092 1397 2139 non
1438 2070 1810 2160 privaberis
1844 2072 1931 2141 ab
1967 2072 2244 2149 bonore,
2285 2092 2421 2157 quo
2475 2071 2741 2140 frueris.
2777 2097 2796 2127 ι
2839 2069 2889 2133 N

469 2176 618 2248 post
652 2159 946 2229 multum
988 2182 1141 2230 vero
1178 2174 1471 2248 tempuS,
1515 2172 1661 2230 orto
1697 2160 1871 2228 inter
1900 2160 2081 2230 cives
2109 2173 2173 2228 et
2213 2161 2630 2248 Episcopum
2661 2153 2899 2227 scandal

465 2249 767 2330 Gonnos,
812 2249 930 2335 qui
969 2261 1129 2317 tunc
1171 2249 1239 2316 in
1283 2248 1625 2317 antedicta
1659 2249 1830 2318 urbe
1872 2248 2342 2327 morabantur,
2393 2247 2697 2337 suspicio
2740 2242 2908 2338 attigi·

466 2339 643 2426 quod
705 2360 777 2407 se
820 2336 1015 2406 vellet
1060 2337 1438 2428 Episcopus
1501 2342 1915 2407 Francorum
1976 2337 2357 2407 ditionibus
2398 2338 2729 2414 subdere,
2774 2353 2915 2428 cons-

465 2428 693 2515 lioque
727 2441 1003 2516 accepto
1043 2428 1514 2517 cogitaverunt
1545 2449 1702 2495 eum
1742 2425 2093 2516 perfodere
2131 2427 2383 2516 gladio.
2428 2426 2623 2508 Quod
2669 2446 2808 2494 cum
2838 2441 2911 2515 *¹4

468 2531 701 2587 sancto
749 2517 1151 2585 nunciatum
1210 2515 1489 2595 fuisset,
1544 2514 1629 2583 de
1672 2530 1865 2584 nocte
1920 2538 2345 2605 consurgens
2378 2538 2537 2583 cum
2591 2510 2909 2583 fidelissim-

466 2605 803 2675 ministris
843 2606 1010 2683 suis,
1049 2605 1134 2673 ab
1174 2604 1344 2674 urbe
1378 2604 1496 2673 illa
1529 2604 1912 2692 egredienS,
1938 2610 2268 2674 Arvernos
2289 2604 2426 2638 *Ψ*
2457 2604 2749 2679 advenit,
2776 2598 2923 2693 ³¹³ti

465 2716 501 2762 a
554 2706 790 2763 sancto
839 2694 1220 2783 Euplirasio
1271 2694 1653 2783 Episcopo,
1705 2694 1823 2779 qui
1873 2693 2269 2782 Aprunculo
2316 2693 2668 2779 quondam
2714 2689 2925 2758 Antisti

464 2796 935 2862 successerat,
1011 2795 1318 2871 receptus
1379 2795 1529 2862 est,
1604 2781 2002 2871 largitisque
2050 2782 2109 2850 ei
2163 2795 2295 2849 tam
2360 2781 2729 2859 domibuS,
2787 2794 2931 2863 qua

463 2872 648 2961 agris
695 2884 760 2939 et
810 2871 1046 2952 vineis,
1080 2884 1145 2940 et
1176 2870 1312 2951 ille,
1368 2883 1433 2939 et
1479 2871 1600 2956 qui
1650 2871 2091 2960 Lugdunensi
2143 2870 2299 2939 urbi
2351 2871 2926 2957 praeera'ntsummt

466 2982 622 3028 cum
666 2959 1021 3049 diligentia
1076 2982 1232 3030 eum
1277 2959 1719 3028 excolebant:
1774 2973 1918 3028 erat
1963 2960 2147 3028 enim
2190 2960 2336 3048 jam
2388 2980 2593 3028 senex
2625 3013 2639 3039 ,
2697 2970 2756 3024 et
2797 2974 2852 3019 ve
2916 2975 2933 2988 “

467 3049 583 3117 Dei
631 3048 876 3118 cultor.

551 3140 588 3225 ξ
639 3143 726 3208 ‘B-
783 3137 1156 3207 Recedente
1203 3149 1429 3206 autem
1480 3137 1568 3205 ab
1618 3136 1744 3205 hoc
1788 3135 2046 3205 mundo
2095 3147 2330 3205 sancto
2360 3134 2757 3225 Euphrasio,
2790 3122 2930 3213 Apol-

466 3228 734 3307 linariS,
791 3227 1010 3296 tribus
1048 3225 1399 3295 mensibus
1433 3223 1812 3295 sacerdotio
1852 3223 2398 3303 subministrato,
2456 3225 2780 3314 migravit.
2814 3221 2940 3294 ‘311¹¹

463 3330 687 3386 autem
746 3316 908 3385 baec
957 3315 1371 3384 Theodorico
1423 3314 1586 3404 Regi
1639 3313 1964 3383 nunciata
2021 3312 2335 3393 fuissent,
2364 3313 2579 3403 jussit
2627 3308 2782 3380 inibi
2819 3321 2904 3372 san

463 3420 652 3475 ctum
705 3405 1153 3487 Quintianum
1203 3403 1553 3482 constitui,
1591 3413 1656 3471 et
1693 3423 1970 3471 omnem
2024 3403 2085 3470 ei
2121 3414 2518 3492 potestatem
2555 3400 2721 3471 tradi
2765 3390 2926 3464 Eccle-

464 3495 628 3574 siae,
686 3494 956 3563 dicens:
997 3516 1032 3560 «
1071 3494 1195 3562 Hic
1225 3495 1311 3562 ob
1362 3492 1573 3562 nostri
1622 3491 1879 3560 amoris
1934 3491 2156 3559 zelum
2224 3491 2308 3560 ab
2358 3490 2530 3559 urbe
2579 3512 2698 3559 sua
2739 3486 2936 3580 ejectus·

463 3597 589 3654 est.
626 3606 661 3649 »
706 3583 1007 3669 Denique
1039 3604 1199 3651 cum
1239 3594 1521 3650 sanctus
1570 3580 1987 3662 Quintianus
2037 3580 2107 3647 in
2158 3578 2500 3648 antedicta
2542 3579 2705 3648 urbe
2747 3582 2923 3664 poure·

460 3685 573 3742 tur
622 3672 1057 3760 EpiscopatU,
1104 3670 1435 3740 Proculus
1467 3670 1750 3757 quidam
1788 3691 1868 3737 ex
1898 3670 2162 3737 aerario
2214 3668 2566 3757 presbyter
2610 3665 2915 3736 ordinatus,

462 3761 715 3830 multas
763 3761 820 3829 ei
883 3760 1174 3864 injurias
1223 3760 1503 3839 intulit,
1556 3779 1971 3845 omnemque
2040 3770 2434 3847 potestatem
2489 3757 2588 3825 illi
2647 3754 2723 3823 de
2772 3746 2920 3849 rebUS

463 3849 801 3919 Ecclesiae
839 3851 1191 3929 auterens,
1245 3849 1353 3916 vix
1400 3848 1461 3916 ei
1512 3861 1577 3916 et
1632 3847 1797 3917 satis
1856 3860 2130 3915 tenuem
2198 3846 2675 3933 quotidianum
2732 3848 2916 3906 vlcluffl

464 3938 841 4009 ministrari
895 3940 1277 4027 praecepit:
1319 3937 1431 4006 sed
1482 3959 1599 4025 per
1646 3937 1795 4025 ejus
1844 3936 2219 4005 orationem
2261 3957 2303 4003 a
2335 3935 2601 4005 civibus
2644 3933 2918 4016 correpttls

462 4042 563 4098 est
613 4027 1219 4118 prudentioribus,
1291 4027 1601 4095 restituta
1672 4026 1734 4093 ei
1804 4024 1995 4093 omni
2064 4036 2432 4113 potestate,
2498 4037 2561 4092 et
2620 4022 2698 4090 ab
2753 4035 2816 4083 eo
2864 4003 2916 4071 ¹¹·

462 4115 600 4187 lius
650 4116 927 4187 remotis
988 4115 1286 4185 insidiis.
1332 4114 1729 4184 Antedictus
1784 4127 2011 4184 tamen
2077 4113 2396 4183 sacerdos
2452 4134 2583 4182 non
2636 4108 2917 4177 immeffiOr

516 4262 538 4282 ’
569 4260 773 4298 Celebris
803 4259 895 4299 fuit
926 4262 1038 4300 tunc
1073 4262 1298 4309 temporis
1332 4262 1538 4300 Faustus
1577 4262 1826 4308 episcopus
1861 4256 2214 4301 Praesidiensis.
2246 4257 2326 4307 qui
2375 4268 2459 4307 pro
2491 4258 2577 4297 fide
2613 4251 2743 4297 exsul·
2767 4243 2912 4289 ‘mmm

464 4312 687 4369 Hunerici
705 4314 1031 4353 Wandalorum
1052 4316 1190 4363 regis.
1209 4316 1257 4353 in
1278 4316 1430 4353 exsilii
1452 4315 1555 4353 loco
1580 4312 1917 4354 monasterium
1939 4314 2277 4353 aedificaverat.

521 4366 572 4388 *⁸
606 4364 793 4402 Scilicet
811 4367 994 4411 Rlaociez,
1014 4365 1060 4405 iu
1080 4379 1133 4405 ea
1155 4369 1413 4407 Galliarum
1430 4366 1634 4413 regione,
1654 4378 1774 4416 quae
1789 4370 2035 4415 Renes-guo
2056 4368 2334 4413 appellatur.

520 4418 602 4443 Ν*
636 4418 677 4454 S.
707 4420 950 4457 Amantius
980 4421 1053 4461 die
1082 4423 1105 4458 4
1134 4420 1401 4461 novembris
1430 4422 1617 4460 colitur.
2047 4420 2157 4447 *Η*
2186 4415 2630 4459 clermont-Ferrum.
