2993 4837
83 334 229 400 NOV.
278 335 315 399 4
894 351 966 398 nr.
1013 352 1067 398 s.
1121 349 1360 398 cAnoto
1409 350 1742 398 conticinio
2215 335 2218 340 ’
2367 336 2492 401 405

85 438 249 504 vitam
296 435 595 505 libenter
644 448 1000 513 acturum;
1068 436 1270 505 modo
1331 435 1484 505 talis
1534 434 1804 526 collegii
1859 435 2325 517 commodum,
2380 449 2581 524 atque

81 537 519 595 ornamentum
562 523 889 604 familiae,
944 525 1336 614 patriaeque
1364 524 1634 594 afferret
1672 546 1860 594 suae:
1913 524 2096 612 quod
2138 525 2271 594 alia
2323 528 2583 596 ratione

80 628 273 702 postea
303 612 656 714 praeclare
682 612 934 681 factum
972 612 1293 683 vidimus.
1334 618 1495 681 Eam
1532 614 1750 682 animi
1779 613 2339 694 moderationem,
2380 627 2584 704 atque

79 701 618 790 aequabilitatem,
645 701 827 771 haud
858 702 1150 770 maxima
1181 701 1575 790 praesertim
1617 702 1875 791 ingenii
1904 702 2247 772 celeritate
2296 705 2584 792 conjun—

79 805 246 873 ctam,
272 791 554 878 quidam
593 791 795 878 quasi
824 789 1231 871 tarditatem,
1271 791 1721 880 abjectionem
1754 791 2108 879 despicere
2144 792 2574 862 videbantur:

81 901 207 950 cum
251 893 464 948 tamen
536 894 601 948 et
652 879 874 969 ipsius
920 878 1419 950 adolescentiae
1467 893 1616 949 acta
1677 901 1808 950 non
1853 879 2184 961 obscure,
2244 894 2309 950 et
2361 894 2580 971 poste-

80 968 243 1044 rioris
280 969 619 1125 temporis
659 990 765 1037 res
819 980 1044 1058 gestae
1095 969 1310 1037 multo
1375 967 1754 1048 illustriuS,
1811 967 2013 1058 longe
2068 968 2265 1039 aliter
2312 992 2382 1039 se
2431 993 2574 1039 rem

77 1056 356 1126 habuisse
450 1058 966 1126 emonstrarint.
1006 1061 1083 1126 At
1130 1057 1313 1126 enim
1369 1057 1704 1126 moderari
1757 1058 2028 1138 animo;
2071 1080 2205 1127 non
2254 1059 2407 1148 capi
2465 1082 2577 1129 ca-

76 1145 239 1215 ducis
263 1147 485 1226 rebus;
511 1159 580 1215 et
601 1167 779 1233 quae
799 1167 948 1214 vere
977 1169 1085 1215 ma
1141 1168 1226 1213 na
1255 1159 1437 1226 sunt,
1474 1146 1707 1232 reique
1735 1146 2050 1236 publicae
2082 1147 2561 1228 utilia-amare,

28 1179 126 1348 'et
158 1255 494 1320 quaerere;
555 1256 688 1303 non
743 1234 961 1314 tardi,
1016 1168 1135 1303 ve?
1166 1235 1438 1321 abjecti,
1504 1234 1620 1305 sed
1676 1237 2081 1325 praestantis
2134 1236 2388 1327 ingenii
2440 1250 2563 1306 est.

28 1353 33 1424 Ι
77 1326 189 1392 Non
226 1322 605 1393 confecerat
644 1323 865 1393 Abbas
894 1324 1078 1412 juris
1118 1322 1528 1412 disciplinae
1557 1345 1863 1404 cursum,
1895 1347 2053 1394 cum
2088 1323 2239 1412 ejus
2274 1339 2461 1414 pater
2493 1347 2574 1395 ex

28 1445 35 1486 i
82 1411 180 1480 hac
216 1412 333 1480 vita
372 1413 721 1501 migravit,
774 1434 994 1483 annos
1027 1426 1229 1481 natus
1276 1411 1732 1502 quadraginta
1786 1413 2112 1499 septem*:
2152 1435 2289 1500 qua
2338 1413 2422 1482 de
2473 1436 2565 1496 re,

76 1496 200 1569 licet
237 1501 596 1571 Federicus
627 1500 834 1570 frater
880 1513 1055 1572 esset
1104 1513 1267 1569 natu
1317 1500 1559 1590 major,
1615 1522 1841 1570 rerum
1901 1501 2346 1570 familiarium
2386 1525 2574 1571 sum-

76 1607 183 1669 ma,
227 1603 494 1678 propter
570 1589 1031 1680 prudentiam,
1117 1610 1523 1676 morumque
1638 1591 1984 1659 ravitatem
2057 1591 2140 1660 ad
2191 1591 2339 1681 ejus
2382 1590 2573 1678 judi-

72 1675 223 1746 cium
267 1679 499 1758 rediit;
555 1700 765 1766 quam
818 1700 1055 1747 curam
1106 1699 1184 1747 ea
1244 1700 1400 1747 cum
1464 1677 1573 1746 lau
1628 1700 1664 1747 e
1777 1681 1981 1759 essit,
2041 1702 2201 1748 cum
2252 1702 2565 1750 sororum

72 1766 524 1852 gubernatione
573 1767 1040 1856 conjunctam,
1077 1779 1152 1836 ut
1188 1767 1264 1837 si.
1300 1767 1717 1853 quemadmo
1773 1791 1888 1837 um
1926 1767 2285 1857 Apostolus
2313 1782 2566 1850 monet,

70 1853 138 1922 ab
174 1854 761 1926 administratione
816 1855 1189 1926 domestica
1236 1854 1579 1926 ducamus
1627 1870 2155 1945 argumentum,
2208 1857 2570 1926 ecclesiam

68 1944 439 2100 quoquesilli
476 1944 901 2032 quandoque
948 1957 1125 2014 recte
1170 1944 1505 2014 committi
1558 1966 1776 2034 posse,
1822 1945 1965 2033 jam
2020 1959 2162 2015 tum
2216 1945 2445 2016 liceret
2474 1947 2574 2017 fa-

62 2097 71 2110 ,
141 2052 172 2099 e
233 2054 268 2100 u
321 2055 531 2104 icare.

138 2053 278 2222 fih-
326 2121 419 2191 Ad
488 2120 967 2191 continuanda
1007 2119 1186 2208 juris
1233 2121 1558 2192 scientiae
1605 2121 1860 2201 studia,
1916 2121 2396 2212 impedimenti
2443 2123 2573 2192 ali-

82 2206 203 2294 mtl
240 2210 474 2280 Abbati
510 2210 859 2301 ejusmodi
907 2208 1413 2280 administratio
1464 2210 1613 2279 sine
1661 2210 1874 2280 dubio
1922 2210 2183 2280 attulit:
2224 2210 2338 2279 sed
2383 2211 2468 2279 ob
2501 2212 2568 2281 id

82 2313 292 2386 quoque
320 2298 890 2370 intermittendus
937 2297 1268 2386 fuitjuris
1316 2298 1628 2369 discendi
1668 2298 1900 2380 labor;
1943 2299 2127 2386 quod
2178 2298 2568 2369 studiorum

76 2403 300 2457 suorum
350 2410 611 2459 cursus
659 2389 793 2458 cito
840 2387 1254 2458 conficiendi
1304 2387 1669 2468 desideriO,
1723 2388 1919 2476 quasi
1969 2401 2164 2460 aestu
2212 2387 2512 2476 quodam
2547 2444 2563 2469 ,

74 2470 455 2567 advigilias,
515 2491 585 2546 et
634 2476 882 2546 nimias
938 2476 1317 2547 litterarum
1366 2478 1852 2567 occupationes
1900 2477 2202 2556 delatus,
2267 2477 2334 2546 in
2389 2479 2567 2568 peri·

70 2560 323 2635 culusum
372 2565 871 2647 valetudinem,
928 2566 1173 2655 pituita
1210 2587 1289 2634 ex
1338 2567 1560 2656 capite
1598 2566 1997 2648 distillante,
2053 2566 2341 2648 incidit;
2394 2588 2572 2654 quae

72 2654 437 2725 mirationem
488 2654 727 2745 procul
779 2677 819 2723 a
869 2654 1065 2724 libris
1098 2655 1382 2724 omnino
1418 2653 1828 2745 postulabat.
1882 2660 1973 2726 Ea
2016 2655 2333 2746 pluribus
2380 2678 2570 2725 men—

72 2736 225 2837 sibus
264 2742 720 2834 temperantia
769 2743 927 2824 sere,
961 2743 1460 2830 commodaque
1510 2744 1681 2812 vitae
1731 2745 1990 2813 ratione
2040 2744 2401 2814 Mediolani
2451 2745 2573 2814 ad-

76 2822 262 2911 hibita,
317 2853 751 2919 quamquam
827 2832 1106 2922 gravius
1158 2831 1453 2912 malum,
1522 2831 1804 2902 fortasse
1850 2834 2052 2902 etiam
2106 2835 2278 2903 vitae
2326 2834 2571 2903 discri-

86 2933 223 2997 men,
257 2935 562 2991 avertere
614 2922 756 2989 visa
801 2933 924 3001 est,
980 2943 1113 2990 non
1173 2920 1395 2990 effecit
1452 2934 1677 2990 tamen
1714 2974 1729 3001 ,
1781 2922 1946 3009 quin
2011 2923 2254 3013 pituita
2336 2922 2569 2992 itidem

90 2998 281 3089 stum,
328 3031 561 3097 usque
594 3008 677 3078 ad
725 3023 1101 3099 postremos
1132 3009 1269 3078 sere
1309 3008 1499 3079 illius
1550 3011 1722 3079 vitae
1769 3033 2027 3092 annos;
2070 3034 2205 3098 quo
2269 3023 2571 3102 tempore

84 3086 175 3189 illu
204 3099 466 3168 assiduo
492 3097 768 3187 jejunio
818 3098 1013 3168 valde
1048 3098 1439 3179 imminuta,
1501 3098 1571 3167 in
1626 3100 1963 3189 proverbii
2015 3100 2150 3169 fere
2205 3115 2571 3171 consuetu-

78 3174 253 3282 dinem
285 3187 507 3257 Caroli
561 3186 943 3256 remedium
976 3186 1269 3256 induxit.
1326 3191 1498 3256 Dum
1536 3202 1918 3268 curaretur,
1962 3212 2002 3257 a
2044 3189 2329 3258 medicis
2373 3211 2569 3279 prae-

70 3286 273 3365 scripta
302 3275 554 3345 musici
589 3289 835 3345 cantus
859 3275 1332 3357 oblectatione,
1369 3296 1545 3363 quae
1579 3290 1821 3346 natura
1859 3291 2082 3346 tamen
2119 3278 2343 3347 eratei
2376 3276 2570 3345 valde

62 3362 346 3443 jucunda,
406 3388 489 3434 eo
542 3365 869 3453 temporis
918 3366 1137 3454 spatio
1205 3377 1470 3434 tantum
1534 3365 1889 3446 utebatur,
1953 3365 2131 3452 quod
2189 3363 2569 3434 medicinae

70 3464 267 3520 caussa
310 3453 354 3521 ii
408 3453 878 3522 necessarium
920 3453 1440 3542 judicaverant;
1492 3476 1572 3523 ac
1620 3476 1700 3523 ea
1734 3467 1875 3524 tum
1933 3454 2345 3524 verecundia
2394 3452 2561 3533 fuit,

60 3546 126 3601 ‘ut
161 3537 405 3626 siquid
454 3542 848 3611 carminum
900 3542 1286 3611 canendum
1321 3554 1521 3621 esset,
1574 3543 1752 3629 quod
1807 3543 1890 3612 ad
1952 3543 2300 3612 lasciviam
2364 3540 2569 3642 perti-

64 3638 238 3721 neret,
276 3629 727 3719 rejiciendum
765 3629 880 3699 ille
917 3630 1194 3718 quidem
1238 3644 1510 3700 curaret
1559 3632 1776 3721 priuS,
1831 3633 1890 3701 si
1931 3631 2564 3711 animadvertisset;

70 3728 153 3810 ειη
191 3730 431 3803 autem,
478 3718 687 3787 verba
720 3718 959 3789 saltem
1011 3720 1370 3799 omitteret,
1430 3741 1813 3807 vocumque
1863 3720 2102 3789 modos
2159 3731 2421 3789 tantum
2455 3740 2570 3788 ex-

72 3808 367 3884 primeret.
423 3808 645 3897 Digna
692 3820 873 3877 certe
912 3807 1159 3878 clerico
1210 3810 1566 3889 modestia3
1618 3808 2205 3896 quemadmodum
2257 3829 2335 3876 ea
2395 3828 2571 3893 quo-

72 3902 190 3971 que.
235 3895 410 3979 quod
464 3908 789 3996 rogatuS‚
852 3909 928 3965 ut
983 3896 1161 3986 pilae
1210 3896 1455 3967 ludum
1507 3898 1576 3965 in
1651 3910 1970 3987 paternae
2039 3896 2287 3966 domus
2347 3895 2569 3985 platea

73 3993 375 4063 spectaret,
411 3983 497 4053 ad
541 4005 858 4074 januam,
914 3985 1363 4055 fenestramve
1412 3987 1499 4054 ita
1535 3987 1906 4057 consistere
1958 3986 2350 4065 recusabat,
2407 3997 2482 4054 ut
2529 4007 2570 4054 a

74 4069 267 4137 ceteris
312 4072 815 4160 spectatoribus
855 4073 1069 4143 videri
1119 4087 1366 4163 posset.
1409 4080 1482 4143 At
1514 4073 1924 4162 disciplinae
1971 4094 2205 4142 sacrae
2253 4073 2563 4143 studium

78 4169 174 4222 non
205 4159 535 4231 mediocre
565 4161 883 4243 ostendit,
923 4163 992 4231 in
1031 4163 1372 4231 veteribus
1400 4163 1758 4231 monachis
1785 4161 2201 4248 quibusdam
2239 4161 2569 4231 ecclesiae

81 4260 200 4312 suae
230 4251 593 4320 Aronensis
641 4249 1100 4340 corrigendis:
1131 4250 1250 4338 qui
1277 4249 1557 4337 quidem
1595 4274 1634 4320 a
1668 4250 1843 4319 beati
1879 4250 2222 4320 Benedicti
2256 4250 2567 4318 instituto

112 4402 133 4455 Ἴ
155 4404 278 4451 Qun
307 4411 350 4450 Β.
383 4411 588 4451 Carolus
620 4411 768 4455 humi,
799 4420 890 4450 non
923 4422 1035 4452 vero
1067 4413 1118 4450 in
1152 4410 1351 4451 excelsis
1372 4409 1579 4451 familiae
1599 4421 1711 4452 suae
1731 4411 2077 4459 sepulcranbus
2098 4411 2234 4452 urnis
2257 4409 2395 4449 condi
2409 4406 2570 4457 jussit.

87 4459 209 4505 ‘imme
227 4463 298 4509 qui
313 4465 414 4512 jam
436 4470 541 4505 tum
562 4464 623 4503 ab
642 4461 771 4503 omni
790 4464 915 4505 fastu
932 4466 1240 4506 vehementer
1259 4463 1549 4505 abhorreret.

2659 4470 2748 4521 f.
