2993 4837
492 334 617 398 324
978 353 1055 398 DE
1105 353 1160 398 s.
1214 352 1613 398 Excetnsaro
1663 352 1956 398 ARCfflEP.
2013 350 2384 398 commen&
2665 333 2818 397 Not.
2859 336 2886 395 ἶ

407 434 817 521 loqueretur,
870 436 1011 504 acsi
1064 435 1200 504 illis
1249 435 1571 504 subditus
1610 448 1807 505 esset.
1867 435 2262 505 Sacerdotes
2312 434 2650 504 seculares
2679 448 2733 503 et
2764 457 2890 520 pau·
2963 478 2964 517 i

407 546 600 613 peres
640 524 856 604 valde,
901 525 1209 613 personis
1260 524 1670 605 illustribuS,
1727 524 2156 593 secularibus
2198 537 2452 602 tamen,
2492 522 2811 613 neglectis,
2833 523 2893 591 de
2961 522 2964 593 l

405 635 530 681 sua
570 612 854 682 scutella
894 614 1271 693 comedere,
1315 627 1380 681 et
1413 613 1498 682 de
1538 635 1662 682 suo
1696 614 1954 703 scypho
1996 613 2228 682 bibere
2262 612 2664 702 saepissime
2693 612 2888 702 coegit.
2961 602 2964 681 l

407 702 814 770 Vestimenta
850 723 974 770 sua
1015 700 1388 789 aliquando
1430 702 1596 772 satis
1633 703 1950 792 pretiosa,
1989 702 2250 788 quibus
2294 700 2380 770 ad
2426 701 2625 769 breve
2672 713 2895 789 tempus

406 811 576 860 usus
622 790 865 869 fuerat,
923 812 1055 859 non
1107 789 1585 870 histrionibuS‚
1627 790 1742 861 sed
1785 790 2289 860 sacerdotibus:
2331 812 2467 859 non
2503 790 2772 869 scurris,
2810 788 2895 857 sed

408 878 683 948 Cleriois
745 878 908 948 dare
956 891 1421 949 consueverat.
1486 884 1564 948 Et
1615 880 1774 965 quia
1826 879 2032 948 timor
2086 879 2235 948 sine
2296 878 2660 948 dilectione
2716 878 2898 947 minus

406 966 648 1056 placet,
714 967 978 1037 beatam
1032 968 1375 1069 Virginem
1430 967 1710 1036 Mariam
1744 1022 1759 1047 ,
1804 990 1981 1055 quae
2035 980 2251 1036 mater
2296 980 2400 1037 est
2461 966 2734 1057 pulcrae
2773 965 2901 1035 dile·

400 1056 670 1138 etionis,
703 1056 766 1124 id
793 1071 914 1140 est,
940 1057 1208 1139 Christi,
1244 1055 1362 1143 qui
1399 1056 1551 1124 fons
1583 1069 1684 1125 est
1712 1070 1776 1125 et
1796 1069 2036 1125 auctor
2058 1057 2265 1126 totius
2292 1055 2573 1136 amoris,
2603 1056 2896 1124 intantum

403 1144 661 1227 dilexit,
698 1158 775 1214 ut
813 1169 930 1234 per
967 1168 1183 1216 annos
1233 1145 1516 1231 aliquot,
1559 1167 1799 1215 omnes
1840 1158 2121 1232 quartas
2154 1144 2360 1214 ferias
2396 1146 2462 1212 in
2500 1145 2649 1234 ejus
2696 1145 2904 1213 honore

396 1235 762 1321 jejunaret,
788 1247 853 1304 et
879 1235 1151 1304 duabus
1185 1234 1473 1314 vicibuS,
1508 1246 1865 1321 postquam
1893 1233 2115 1304 factus
2148 1247 2250 1303 est
2283 1234 2687 1323 Episcopus,
2710 1232 2905 1301 limina

403 1324 556 1409 ejus
594 1324 661 1392 in
705 1328 809 1393 Ru
858 1349 891 1393 e
940 1325 1262 1393 amatoris
1306 1324 1638 1391 visitaret.
1698 1328 2014 1391 Decorem
2066 1322 2316 1392 domus
2371 1323 2482 1390 Dei
2518 1344 2675 1391 cum
2716 1333 2905 1390 sancto

410 1412 610 1480 David
654 1412 752 1480 sic
786 1347 1042 1494 dilexit,
1096 1412 1195 1481 sic
1231 1410 1662 1493 desideravit,
1712 1423 1786 1480 ut
1819 1411 2177 1480 ecclesiam
2232 1411 2447 1480 sancti
2502 1411 2721 1489 Petri,
2769 1431 2906 1496 quae

412 1512 624 1569 mater
668 1515 772 1570 est
817 1502 1127 1571 omnium
1178 1500 1624 1570 ecclesiarum
1666 1500 2057 1589 provinciae
2105 1500 2528 1569 Coloniensis
2560 1554 2575 1579 ,
2634 1520 2906 1568 renovare

407 1590 646 1658 fratres
699 1590 1104 1667 hortaretur,
1150 1589 1551 1678 promittens
1586 1610 1656 1657 se
1703 1589 2119 1678 quingentas
2167 1610 2435 1657 marcas
2470 1588 2700 1657 statim
2727 1587 2804 1656 ad
2836 1587 2906 1654 in·

406 1677 834 1746 choationem
872 1678 1292 1757 oblaturum,
1347 1699 1426 1746 ac
1475 1676 1725 1745 deinde
1759 1678 1963 1746 annis
1998 1676 2295 1767 singulis
2337 1699 2607 1746 mareas
2643 1676 2902 1751 totidem.

407 1765 625 1835 donec
658 1765 915 1836 fabrica
971 1779 1594 1835 consummaretur.
1650 1771 1922 1835 Fecerat
1959 1777 2185 1834 autem
2221 1777 2378 1835 ante
2416 1777 2700 1834 mortem
2750 1786 2904 1833 suam

412 1855 808 1923 vestimenta
854 1853 1269 1943 pontificalia
1316 1876 1394 1923 ex
1434 1877 1740 1944 purpura
1789 1868 1853 1923 et
1904 1853 2043 1924 lino
2100 1854 2558 1924 subtilissimo
2591 1908 2606 1932 ,
2662 1852 2906 1922 fimbriis

407 1956 471 2011 et
528 1943 805 2012 laminis
855 1945 1119 2023 aureis,
1187 1943 1488 2029 itemque
1540 1943 1931 2033 margaritis
1980 1956 2044 2011 et
2091 1944 2387 2031 gemmis
2437 1943 2606 2012 tanti
2658 1941 2902 2017 decoris,

410 2044 485 2101 ut
547 2032 774 2101 cordis
838 2032 986 2120 ejus
1053 2032 1319 2101 devotio
1383 2034 1449 2101 in
1507 2032 1644 2101 illis
1711 2045 2060 2119 tamquam
2129 2032 2196 2098 in
2256 2032 2539 2121 speculo
2598 2031 2903 2100 reluceret.

411 2121 628 2190 Semel
681 2133 944 2191 tantum
997 2122 1083 2190 iis
1133 2121 1553 2191 vestimentis
1584 2143 1754 2190 usus
1801 2135 1924 2201 est,
1965 2119 2171 2206 idque
2220 2122 2287 2188 in
2335 2119 2665 2189 velatione
2704 2118 2908 2188 sancti-

412 2210 815 2280 monialium
848 2234 860 2278 :
905 2208 1088 2298 quod
1123 2208 1427 2278 officium
1481 2210 1630 2278 sine
1679 2208 2005 2298 lacrymis
2038 2230 2349 2278 exercere
2386 2230 2517 2277 non
2560 2210 2789 2297 potuit.
2823 2211 2908 2301 Cass

412 2297 607 2367 licem
663 2321 819 2368 vero
866 2321 1152 2369 aureum
1206 2321 1285 2367 ex
1334 2298 1630 2388 gemmis
1680 2299 2020 2388 pretiosis,
2076 2319 2115 2365 a
2163 2297 2455 2369 diversis
2507 2297 2797 2387 Regibus
2838 2293 2908 2362 illi

413 2387 669 2469 missiS,
710 2385 981 2466 valoris,
1037 2401 1113 2457 ut
1147 2388 1363 2476 ajunt,
1404 2386 1774 2477 plusquam
1820 2386 1986 2474 quin
2042 2397 2357 2457 emtarum
2414 2408 2816 2466 marearum,
2850 2381 2906 2480 ad

409 2476 735 2545 honorem
783 2477 1032 2546 domus
1078 2476 1192 2545 Dei
1236 2475 1383 2544 fieri
1424 2476 1709 2554 curavit,
1751 2498 1954 2563 quem
2035 2487 2269 2545 evotus
2303 2497 2515 2564 super
2538 2476 2742 2544 altare
2773 2476 2910 2544 beau

411 2565 581 2633 Petri
626 2565 1097 2652 Apostolorum
1150 2565 1486 2655 principis
1531 2564 1913 2645 obtulisset,
1959 2564 2016 2632 si
2058 2586 2193 2634 non
2245 2565 2439 2651 prius
2486 2565 2571 2633 de
2622 2563 2911 2654 passionis

410 2652 624 2721 calice
663 2653 970 2722 bibisset.
1025 2658 1204 2723 Haec
1252 2655 1337 2722 de
1387 2654 1522 2721 vita
1569 2666 1633 2722 ot
1670 2653 1938 2723 actibus
1977 2653 2156 2722 beati
2191 2653 2319 2721 viri
2359 2652 2541 2722 dicta
2586 2651 2907 2722 sufficiant.

412 2764 491 2809 ex
532 2740 771 2811 multis
807 2763 1048 2830 pauca.
1088 2747 1229 2812 Non
1262 2742 1445 2811 enim
1485 2755 1617 2810 tam
1657 2741 1894 2823 multa,
1948 2763 2154 2829 quam
2207 2764 2364 2811 vera
2415 2742 2764 2832 probitatis
2795 2740 2910 2827 ejus

414 2842 565 2898 acta
618 2829 914 2900 seribere
966 2831 1318 2931 proposui,
1384 2850 1467 2899 ne
1521 2829 1688 2899 mihi
1740 2831 1827 2899 ab
1881 2831 1961 2899 iis
2029 2831 2148 2917 qui
2198 2831 2421 2900 virum
2476 2842 2810 2908 noverant,
2854 2827 2910 2892 de

413 2917 771 2987 mendacio
834 2919 1047 3009 possit
1095 2918 1437 2999 insultari,
1490 2940 1570 2987 eo
1618 2919 1797 3005 quod
1855 2918 2159 2989 nondum
2211 2919 2523 3009 expletus
2565 2921 2649 2990 sit
2701 2938 2907 2992 annus,

409 3029 486 3075 ex
540 3029 675 3094 quo
734 3030 983 3097 passus
1028 3021 1165 3077 est:
1219 3021 1283 3078 et
1336 3030 1418 3076 ne
1458 3021 1941 3098 congestorum
1994 3010 2190 3097 copia
2242 3008 2633 3097 legentibus
2688 3015 2913 3097 generet

413 3094 792 3165 fastidium.
847 3102 1039 3166 Nunc
1097 3109 1322 3166 autem
1383 3118 1591 3183 quam
1645 3095 1951 3176 feliciter,
2006 3098 2133 3166 etsi
2172 3096 2589 3176 difficulter,
2643 3097 2722 3165 de
2766 3097 2914 3163 laeva

410 3184 893 3274 temporalium
941 3207 1061 3275 per
1098 3208 1461 3255 ascensum
1509 3207 1964 3286 purpureum,
2004 3186 2068 3254 id
2112 3199 2235 3268 est,
2283 3186 2596 3276 martyrii
2640 3185 2912 3279 meritum

410 3274 796 3344 ascenderit
842 3274 923 3342 ad
977 3274 1338 3364 amplexus
1389 3295 1526 3342 veri
1579 3274 1987 3354 Salomonis,
2045 3274 2111 3342 id
2162 3288 2310 3355 est,
2375 3275 2460 3344 ad
2509 3277 2790 3362 quietem
2831 3270 2913 3337 dt-

414 3363 609 3432 vinae
658 3362 1281 3452 contemplationis,
1321 3362 1544 3452 stylus
1582 3363 2006 3442 manifestet3
2060 3363 2247 3450 quia.
2287 3376 2364 3432 ut
2409 3364 2507 3432 ait
2552 3363 2813 3451 quidam
2855 3379 2911 3425 ex

408 3451 555 3538 ejus
595 3452 1107 3526 concanonicis,
1164 3451 1481 3521 sacerdos
1528 3450 1814 3521 devotus
1847 3473 1924 3520 ac
1959 3451 2320 3532 litteratuS,
2358 3452 2566 3521 aliam
2611 3453 2796 3528 viam,
2822 3467 2915 3536 per
2963 3471 2964 3476 ¹

409 3562 621 3625 quam
666 3541 732 3608 in
794 3553 975 3609 statu
1017 3540 1131 3609 tali
1186 3541 1447 3629 positus
1477 3539 1769 3628 januam
1815 3540 2004 3630 regni
2046 3540 2382 3620 coelestiS,
2444 3563 2621 3627 quae
2667 3548 2912 3625 angusta

409 3643 531 3700 est.
582 3630 835 3698 intrare
880 3629 1230 3718 potuisset,
1282 3651 1412 3698 non
1465 3628 1845 3697 considero.

499 3727 535 3796 ξ
587 3721 741 3789 1⁰.
800 3723 940 3800 Vas
973 3716 1326 3786 electionis
1374 3717 1615 3787 beatus
1663 3717 1919 3786 Paulus
1969 3717 2355 3817 ApostoluS,
2410 3718 2765 3788 electorum
2797 3711 2911 3794 ,stlo-

412 3806 611 3886 riam‚
665 3818 730 3875 et
780 3805 1081 3875 divinam
1134 3806 1315 3875 circa
1351 3805 1506 3876 illos
1544 3806 1936 3896 intelligens
1969 3806 2583 3895 dispensationem,
2629 3808 2742 3874 ait:
2774 3810 2910 3896 Ques

410 3905 637 3963 autem
670 3897 1221 3986 praedestinavit,
1272 3896 1387 3965 hos
1435 3906 1499 3964 et
1544 3898 1856 3964 vocavit:
1909 3906 1970 3964 et
2004 3918 2166 3987 quos
2197 3898 2484 3979 vocavit,
2527 3898 2638 3966 hos
2668 3906 2722 3964 et
2738 3896 2908 3982 jusit·

407 3985 687 4070 ficavz't:
740 4008 902 4053 (uos
949 3995 1174 4053 autem
1211 3986 1659 4074 justificavit,
1716 3986 1830 4053 hos
1877 3995 1938 4053 et
1990 3987 2457 4075 maqm‘ficavz't
2516 3988 2718 4075 (Rom.
2771 3975 2904 4060 vul)-

411 4077 714 4151 Quatuor
748 4015 875 4142 lhio
922 4084 1301 4153 enumerat,
1361 4072 2079 4160 praedestinationem,
2136 4067 2906 4163 vocationem‚justilica·

412 4160 661 4228 tionem
697 4215 711 4239 ,
769 4162 1422 4252 magnificationem.
1503 4162 1810 4232 Primum
1863 4174 2215 4231 aeternum
2269 4177 2420 4241 est,
2495 4176 2558 4231 et
2604 4175 2697 4231 est
2735 4172 2905 4249 causa

413 4248 618 4314 trium
671 4250 1264 4336 subsequentium.
1308 4255 1491 4332 Quos
1530 4255 1718 4342 Deus,
1739 4251 1824 4318 ab
1866 4264 2139 4320 aeterno
2176 4251 2652 4340 praedestinat,
2705 4248 2804 4315 hos
2844 4261 2900 4305 ιι)

414 4345 716 4421 tempore
758 4350 971 4417 vocat,
1007 4338 1344 4424 justificat
1392 4351 1457 4407 et
1509 4339 1925 4427 magnificat.
1965 4344 2244 4409 Beatum
2289 4342 2670 4440 pontificem
2705 4325 2900 4419 Bugel-

412 4420 677 4489 bertum
714 4477 728 4502 ,
784 4425 868 4493 ab
932 4439 1202 4494 aeterno
1265 4427 1900 4516 praedestinatum,
1966 4428 2543 4518 praedesttnantis
2599 4423 2786 4518 gratia
2821 4412 2894 4483 ad
