2993 4837
510 282 638 349 582
1283 298 1363 345 m:
1411 297 1467 347 5.
1504 296 1823 345 mraocco
1871 297 2111 345 Ansam
2631 277 2783 343 ΠΟΥ.
2819 279 2877 345 19

411 384 726 455 celeriter
749 382 1080 452 memoria
1106 381 1514 471 opitulante,
1543 382 1857 453 imbutus
1881 395 2004 463 est,
2042 393 2118 453 ut
2139 381 2418 452 fratrem
2448 381 2545 451 vel
2577 380 2641 449 iu
2667 381 2885 452 scientia

469 472 874 553 raecederet,
912 470 1012 541 vel
1049 470 1399 542 alacritate
1437 493 1712 553 sensus,
1745 471 2117 559 adjuvante
2165 470 2389 541 divini
2435 470 2728 541 numinis
2748 472 2882 540 auxi·

451 562 537 643 io,
592 561 902 630 anteiret.

506 653 543 737 ξ
587 654 679 721 8.
737 649 989 718 Dehinc
1040 648 1394 730 Mumioni,
1437 648 1560 735 qui
1606 648 1961 736 quondam
2000 670 2162 719 cum
2205 648 2634 718 childeberto
2665 646 2891 717 Parisio-

415 761 572 810 rum
624 743 805 828 Rege
857 759 1153 828 magnus
1203 737 1607 818 habebatur,
1661 737 1744 807 ad
1788 736 2248 819 exercendum
2306 736 2769 808 commedatus
2801 748 2892 805 est.

417 832 468 897 Α
530 848 619 896 uo
649 849 809 897 cum
848 830 1124 896 summa
1163 827 1417 896 amoris
1444 824 1807 916 diligentia
1842 827 2242 908 nutriretur,
2277 827 2370 896 ita
2399 825 2724 895 humilem
2748 837 2898 911 atque

418 849 802 1003 suquectum
860 915 1188 984 omnibus
1247 937 1317 985 se
1368 915 1758 1005 praebebat,
1806 928 1882 984 ut
1916 937 2159 985 omnes
2197 937 2357 985 eum
2411 927 2750 1001 tamquam
2795 935 2904 1004 pro-

418 1005 652 1094 prium
705 1004 927 1072 filium
977 1004 1047 1072 in
1099 1022 1375 1073 summa
1424 1004 1727 1073 bonitate
1773 1003 2162 1095 diligerent.
2217 1008 2312 1073 Re
2366 1025 2598 1073 ressus
2645 1024 2784 1070 vero
2820 1001 2884 1069 do

419 1115 641 1173 mum,
685 1105 872 1182 patre
909 1091 1255 1173 defuncm,
1323 1092 1573 1182 reperit
1624 1106 1909 1161 matrem
1961 1115 2162 1162 suam
2227 1092 2316 1162 ad
2371 1116 2457 1162 uc
2507 1092 2902 1182 superstitem.

418 1182 541 1252 Cui
568 1181 686 1251 illa
716 1182 846 1250 ait:
879 1204 914 1247 «
944 1186 1114 1250 Ecce
1138 1181 1405 1271 genitor
1435 1192 1619 1264 tuu5‚
1649 1203 1691 1250 o
1719 1180 2126 1252 dulcissime
2154 1195 2331 1263 nate,
2362 1181 2558 1251 obiit:
2586 1202 2710 1270 ego
2732 1192 2903 1249 autem

419 1270 680 1357 absque
704 1270 945 1340 solatio
971 1269 1175 1360 dego:
1211 1268 1556 1357 requiram
1575 1291 1737 1360 ergo
1761 1270 2061 1360 puellam
2082 1269 2392 1360 pulcram
2425 1272 2720 1359 ingenua
2732 1287 2901 1356 mque,

415 1360 530 1429 cui
592 1358 996 1447 copulatuS,
1054 1358 1376 1428 solatium
1450 1359 1780 1448 praebeas
1841 1372 2188 1428 maternae
2249 1358 2587 1429 viduitati.
2628 1381 2666 1423 »
2732 1355 2936 1426 Atiue*

418 1446 808 1537 respondit:
862 1470 899 1513 «
931 1452 1070 1517 Non
1112 1448 1500 1539 conjungor
1530 1447 1877 1517 humanae
1922 1449 2228 1537 conjugi,
2267 1447 2387 1517 sed
2435 1469 2618 1535 quae
2655 1445 2901 1533 concepit

420 1537 725 1615 animus,
760 1559 919 1605 cum
953 1536 1223 1605 Domini
1264 1536 1615 1606 voluntate
1647 1536 2019 1627 perficiam.
2064 1560 2101 1603 »
2134 1536 2259 1606 Sed
2294 1559 2455 1607 cum
2490 1536 2781 1627 genitrix
2812 1554 2900 1602 non

419 1623 635 1694 intelli
692 1646 836 1705 ens,
918 1637 1227 1695 uaereret
1261 1624 1428 1711 quid
1481 1624 1611 1695 boc
1645 1638 1844 1705 esset,
1891 1624 2182 1714 prodere
2229 1625 2474 1707 noluit,
2519 1625 2640 1695 sed
2673 1619 2900 1693 abiitad

417 1713 636 1783 Archa
691 1714 834 1783 ium
984 1714 1329 1803 Biturigae
1390 1713 1588 1783 urbis
1651 1714 2067 1804 Episcopum
2137 1714 2467 1801 petiitque
2513 1714 2651 1783 sibi
2697 1728 2900 1807 comam

417 1802 667 1892 capitis
724 1801 1012 1881 tonderi,
1065 1802 1414 1889 accirique
1459 1824 1536 1872 se
1572 1803 1642 1871 in
1694 1802 2006 1872 ordinem
2059 1802 2497 1872 clericorum.
2549 1802 2740 1885 Quod
2795 1805 2899 1888 Ept-

422 1912 699 1980 scopuS,
736 1891 1022 1960 Domino
1060 1890 1345 1973 volente,
1399 1891 1551 1960 sine
1602 1913 1791 1960 mora
1829 1890 2221 1981 complevit.
2278 1891 2487 1961 Multo
2531 1905 2758 1961 autern
2804 1898 2900 1979 post

424 1980 836 2050 Diaconatus
862 1978 1165 2049 officium
1196 2000 1502 2060 sumens,
1541 1984 1823 2051 vacabat
1837 1980 2153 2070 jejuniiS‚
2188 1979 2660 2050 delectabatur
2688 1977 2897 2069 vigitiis„

422 2069 868 2138 exercebatur
915 2068 1227 2148 lectione,
1281 2089 1363 2137 ac
1403 2068 1470 2137 in
1521 2070 1829 2139 oratione
1877 2069 2162 2139 assidua
2210 2072 2302 2138 ita
2345 2082 2704 2159 promptus
2748 2067 2902 2162 effua-

421 2156 735 2238 debatur‚
797 2169 872 2227 ut
927 2179 1050 2226 nec
1105 2157 1190 2226 ad
1247 2156 1640 2227 convivium
1718 2179 1995 2228 mensae
2048 2159 2423 2228 canonicae
2469 2178 2630 2227 cum
2683 2156 2898 2241 reliqua

418 2246 769 2316 accederet
832 2244 1125 2315 clericis.
1199 2244 1392 2328 Quod
1468 2245 1762 2316 audiens
1836 2246 2382 2317 Archidiaconus
2448 2247 2564 2327 **,
2643 2244 2897 2316 frendens

418 2349 656 2405 contra
709 2356 894 2415 eum,
938 2336 1065 2404 ait:
1121 2357 1157 2401 «
1199 2339 1326 2403 Aut
1372 2356 1534 2403 cum
1592 2335 1880 2423 reliquis
1940 2334 2268 2405 fratribus
2315 2336 2550 2405 cibum
2603 2354 2785 2406 sume
2808 2330 2879 2365 *⁸⁴

418 2437 541 2494 aut
592 2436 773 2495 certe
834 2423 1110 2493 discede
1156 2447 1195 2493 a
1246 2424 1487 2494 nobis:
1555 2446 1688 2494 non
1745 2426 1929 2495 enim
1986 2437 2245 2496 rectum
2313 2425 2604 2505 videtur,
2662 2437 2734 2494 ut
2775 2420 2897 2491 nolis

418 2535 581 2583 cum
656 2513 767 2582 his
843 2512 1093 2582 habere
1156 2512 1452 2595 victum,
1520 2532 1676 2582 curn
1736 2514 1994 2601 quibus
2058 2513 2611 2584 Ecclesiasticum
2679 2510 2934 2601 implere:

419 2602 691 2691 putaris
729 2599 1057 2671 officium.
1091 2624 1128 2669 »
1177 2606 1319 2672 Non
1368 2614 1470 2671 est
1501 2613 1732 2671 autem
1781 2605 1870 2673 ob
1912 2602 2079 2672 haec
2129 2626 2366 2673 servus
2415 2604 2527 2672 Dei
2577 2567 2934 2672 commotus!

418 2690 675 2770 animo,
719 2691 838 2777 qui
878 2691 1025 2778 jam
1067 2690 1282 2760 eremi
1331 2690 1603 2761 sitiebat
1649 2691 1841 2761 adire
1902 2706 2286 2762 secretum:
2339 2691 2460 2761 sed
2508 2711 2805 2781 egressus
2830 2683 2892 2785 ‘ab

422 2780 595 2848 urbe
651 2791 1052 2860 memorata,
1097 2779 1280 2848 venit
1340 2778 1424 2847 ad
1485 2779 1715 2850 vicum
1765 2785 2168 2851 Nereensem
2217 2780 2398 2848 *⁸²⁸2
2453 2780 2683 2867 ibique
2720 2772 2932 2848 aedifi-i

418 2878 568 2936 cato
597 2867 918 2967 oratorio,
975 2868 1189 2937 sancti
1242 2869 1513 2938 Martini
1563 2868 1876 2956 reliquiis
1914 2882 2336 2951 consecrato,
2393 2891 2643 2960 pueros
2686 2847 2932 2954 erudire}

418 2967 643 3044 coepit
673 2956 740 3024 in
778 2956 1027 3026 studiis
1063 2956 1468 3026 litterarum.
1534 2958 1909 3028 veniebant
1945 2971 2172 3028 autem
2224 2958 2308 3029 ad
2348 2980 2509 3027 eum
2564 2955 2817 3033 infirmi,
2855 2962 2894 3016 et

418 3044 892 3202 gagahantur,
953 3058 1158 3133 atque
1205 3047 1657 3136 energumeni
1728 3068 1976 3118 nomen
2046 3048 2202 3136 ejus
2248 3047 2651 3118 confitentes
2713 3060 2893 3113 emun-

467 3155 506 3202 a
557 3146 788 3202 antur.

505 3224 542 3309 ἓ
590 3226 675 3295 4.
731 3226 978 3292 Verum
1038 3244 1173 3292 non
1235 3223 1299 3292 ei
1360 3232 1507 3291 erat
1559 3222 1918 3304 solitudo,-
1954 3235 2027 3293 ut
2081 3223 2408 3306 voluerat,
2464 3223 2587 3292 sed
2637 3218 2892 3313 patefacta

414 3310 632 3380 virtus
698 3310 1052 3400 publicum
1120 3332 1620 3398 usquequaque
1680 3311 2031 3383 reddebat.
2083 3318 2275 3383 Tunc
2325 3334 2449 3403 pro
2497 3311 2779 3401 hospitio
2811 3304 2928 3392 ehss

412 3399 638 3490 gendo
677 3399 1016 3486 quaedam
1082 3401 1467 3490 conscripta
1522 3401 1749 3471 brevia
1807 3403 2034 3490 posuit
2079 3423 2290 3492 super
2342 3401 2604 3478 altare,
2667 3395 2929 3518 vigilansl

412 3500 478 3558 et
514 3510 720 3558 orans
762 3489 984 3559 tribus
1020 3489 1359 3570 noctibus,
1415 3488 1686 3576 utquid
1737 3491 1797 3558 ei
1841 3492 2169 3560 Dominus
2207 3491 2507 3580 juberet,
2560 3488 2892 3580 dignaretur

413 3576 978 3649 manifestissime
1031 3577 1405 3648 declarare.
1463 3577 1590 3647 Sed
1647 3579 1917 3668 pietatis
1963 3578 2238 3648 divinae
2288 3578 2545 3669 inclyta
2588 3579 2888 3665 miseram,

411 3687 589 3753 quae
617 3688 776 3735 eum
820 3667 1231 3756 praesciens,
1275 3667 1631 3736 eremitam
1674 3689 1824 3737 esse
1879 3666 2293 3749 decreverat,
2334 3668 2538 3737 breve
2585 3664 2743 3736 illud
2775 3678 2890 3730 acm·

416 3776 580 3844 pere
609 3755 832 3845 jubet,
871 3768 949 3824 ut
980 3756 1063 3825 ad
1100 3757 1409 3825 eremum
1463 3768 1883 3845 properaret.
1936 3756 2059 3827 Ille
2104 3769 2335 3826 autem
2390 3758 2459 3824 in
2511 3753 2763 3830 cellula,
2797 3761 2888 3833 qu!

407 3842 730 3935 degebat,
791 3846 1228 3935 congregatis
1280 3845 1707 3934 virginibus,
1777 3846 2274 3915 monasterium
2339 3844 2637 3914 instituit
2694 3836 2886 3932 puella*

412 3955 600 4017 rum,
640 3934 810 4003 nibil
862 3932 948 4002 de
991 3934 1186 4003 omni
1235 3932 1466 4003 labore
1513 3954 1664 4014 suo,
1719 3934 1901 4021 quod
1955 3933 2210 4004 ibidem
2244 3944 2738 4025 aggregaverat,
2767 3939 2884 3995 cum

460 4147 485 4170 θ
515 4145 604 4188 Hic
622 4147 833 4187 Antiates
853 4144 1064 4188 concilio
1084 4147 1318 4188 Aurelian.
1341 4148 1425 4193 111.
1444 4155 1568 4187 anno
1588 4147 1680 4193 588.
1704 4147 1882 4193 coacto.
1902 4147 2198 4196 subscripsit„

460 4202 515 4229 *⁸
545 4200 871 4242 Archtdiaconi
901 4203 1034 4242 erant
1056 4202 1170 4241 olim
1188 4198 1338 4241 veluti
1359 4203 1653 4241 caeterorum
1681 4198 1968 4242 clericorum
1993 4198 2237 4251 praerecti.
2269 4200 2337 4241 De
2374 4209 2537 4241 eorum
2572 4194 2869 4239 officinatur-²·

408 4254 636 4302 rognttvts
657 4255 752 4302 agit
770 4252 1111 4294 Thomasainaa
1134 4253 1181 4293 in
1202 4251 1387 4303 Duc-ipe.
1406 4256 1548 4294 eccles.
1571 4254 1704 4302 parte
1726 4253 1761 4299 1.
1778 4251 1858 4295 tib.
1888 4257 1928 4295 2.

462 4307 546 4333 *⁴*
576 4308 639 4345 Ex
658 4307 736 4346 hta
756 4308 913 4347 verbis
933 4306 1124 4348 elicitur
1144 4309 1344 4347 clericos
1365 4310 1480 4347 tuno
1500 4309 1734 4348 communi
1757 4317 1923 4348 menan
1945 4308 2031 4348 uti.
2806 4344 2817 4352 .

412 4358 579 4451 “st'‘
610 4357 842 4452 {pff-du&
876 4365 963 4406 est.
997 4359 1111 4402 olim
1144 4358 1352 4407 celebre.
1388 4359 1435 4401 in
1470 4369 1582 4412 agro
1615 4360 1926 4408 Burbonenst,
1958 4362 2008 4401 tn
2044 4360 2234 4403 Tabulis
2269 4357 2626 4410 Peuttngertaain
2656 4345 2855 4402 WM'*

465 4420 490 4452 0
514 4420 609 4456 mn.
661 4423 687 4451 o
722 4422 763 4452 ta
784 4437 801 4453 0
828 4415 939 4455 erit.
