2993 4837
59 312 216 379 NOV.
273 312 314 376 9
901 330 980 376 nn
1029 329 1084 377 s.
1139 328 1468 377 maonono
1517 330 1706 376 mar.
2369 314 2497 379 373

57 428 176 482 tum
238 412 711 501 pulcritudine
774 412 1137 502 splendide
1197 413 1717 483 exaedificatum
1772 428 1836 485 et
1876 427 2311 494 exornatum,
2349 416 2468 485 ubi
2519 426 2584 485 et

55 504 220 572 faber
270 502 539 591 lignum
610 502 695 571 ad
746 502 1155 572 animalium
1220 501 1515 591 effigiem
1590 501 2085 582 conformavit,
2151 517 2215 572 et
2287 503 2588 593 lapicida

57 613 335 661 marmor
385 590 469 659 ad
512 592 778 681 argenti
829 591 1210 661 laevitatem
1246 590 1593 679 expolivit,
1628 605 1692 660 et
1729 592 1945 681 pictor
1978 593 2147 661 artis
2182 614 2348 661 suae
2382 590 2586 662 ssores

53 682 107 748 in
155 680 582 769 imaginibus
630 680 1025 768 exprimens
1056 735 1071 760 ‚
1129 701 1235 749 res
1299 680 1616 769 Martyris
1668 680 2014 769 praeclare
2063 694 2336 768 gesta5‚
2394 681 2585 751 labo-

52 792 164 849 res,
199 770 573 841 cruciatus,
631 769 969 837 immanes
1020 780 1470 857 tyrannorum
1526 768 1919 858 adspectus,
1963 770 2285 859 impetuS,
2333 771 2585 839 arden-

53 872 162 925 tem
199 857 389 926 illam
427 868 490 924 et
535 857 851 927 flammas
892 870 1317 926 evomentem
1355 856 1729 935 fornacem,
1775 857 2248 928 beatissimum
2288 858 2586 928 athletae

51 946 263 1025 finem,
318 946 708 1031 Christique
755 946 1116 1014 certamini
1174 945 1651 1035 praesidentiS,
1697 967 1777 1014 ac
1827 947 2134 1034 praemia
2175 946 2405 1016 dantis
2454 948 2585 1015 hu-

54 1058 274 1103 manae
312 1036 606 1104 formam
646 1034 1007 1123 imaginis:
1052 1034 1241 1115 haec,
1282 1034 1593 1120 inquam,
1632 1034 1829 1102 nobis
1880 1047 2229 1121 tamquam
2287 1036 2354 1102 in
2409 1034 2584 1105 libro

54 1123 345 1210 loquente
418 1122 786 1191 artificiose
856 1123 1304 1203 descrihenS,
1382 1123 1699 1212 Martyris
1774 1126 2152 1192 certamina
2239 1124 2585 1210 sapienter

53 1214 366 1300 exposuit,
409 1224 476 1280 et
525 1212 741 1280 instar
782 1213 958 1301 prati
994 1212 1291 1281 nitidum
1347 1211 1682 1311 templum
1734 1211 2124 1281 illustravit.
2165 1213 2357 1281 Novit
2397 1213 2581 1281 enim

55 1304 230 1370 etiam
285 1302 558 1391 pictura
606 1311 837 1370 tacens
888 1302 956 1369 in
1012 1302 1266 1389 pariete
1318 1299 1530 1386 loqui,
1571 1315 1634 1369 et
1684 1300 2000 1371 utilitatis
2049 1300 2429 1390 plurimum
2483 1300 2586 1370 as-

57 1390 229 1457 serre.
282 1388 460 1472 Quin
514 1389 717 1457 etiam
775 1388 1166 1479 lapillorum
1219 1390 1662 1475 compositor,
1706 1391 2199 1477 pavimentum,
2232 1390 2414 1476 quod
2471 1411 2584 1479 pe-

57 1477 237 1548 dibus
296 1478 588 1556 teritur,
653 1491 795 1545 arte
861 1492 1065 1565 atque
1129 1477 1542 1547 emblemate
1593 1478 2113 1547 vermiculatum
2168 1479 2243 1560 ⁴²,
2300 1479 2586 1548 historia

57 1567 319 1651 dignum
373 1566 622 1634 effecit.
1805 1615 1813 1619 >

130 1659 161 1743 ξ
203 1662 284 1727 ὅ.
342 1656 803 1738 Quamobrem
859 1654 965 1722 his
1014 1655 1180 1723 artis
1231 1654 1559 1754 operibus
1609 1656 1930 1724 sensibus
1977 1655 2288 1725 obnoxiis
2349 1655 2584 1726 oculos

58 1745 450 1813 oblectantes
481 1797 496 1823 ,
554 1742 847 1832 cupiunt
898 1741 1122 1812 loculo
1173 1743 1503 1828 reliquias
1551 1746 1859 1832 corporis
1919 1757 2143 1834 partes
2192 1744 2579 1814 admovere.

60 1834 293 1901 Etenim
345 1833 503 1921 ipso
551 1844 874 1901 contactu
921 1832 1450 1901 sanctimoniam
1508 1832 1798 1901 credunt
1847 1846 1912 1901 et
1958 1833 2358 1903 charitatem
2402 1835 2584 1902 exci-

65 1922 190 1989 tari.
234 1922 300 1989 Si
347 1921 509 2007 quis
558 1933 781 1989 autem
841 1919 1185 2008 pulverem
1240 1921 1308 1989 in
1360 1921 1509 2009 ipsa
1566 1920 1772 1989 loculi
1821 1922 2207 2010 superficie,
2264 1924 2383 1991 ubi
2433 1945 2584 1992 cor-

65 2031 171 2097 pus
215 2011 531 2099 Martyris
581 2009 970 2095 requiescit,
1021 2010 1484 2078 inhaerentem
1543 2011 1883 2098 praebeat,
1943 2033 2063 2097 pro
2112 2011 2375 2100 ingenti
2431 2035 2583 2079 mu-

65 2120 196 2167 nere
225 2098 603 2188 accipiunt,
643 2110 707 2166 et
750 2111 994 2167 terram
1034 2113 1382 2184 tamquam
1426 2119 1565 2166 rem
1609 2099 2171 2186 pretiosissimam
2215 2113 2579 2188 reponunt.

69 2190 198 2254 Nam
246 2189 302 2256 si
353 2186 468 2256 cui
520 2185 689 2256 forte
748 2186 1035 2256 facultas
1098 2186 1320 2267 detur,
1376 2197 1452 2255 ut
1506 2186 1691 2275 ipsas
1742 2187 2069 2274 reliquias
2118 2189 2456 2277 attingat,
2513 2187 2581 2256 id

73 2296 195 2344 vero
235 2275 577 2365 ejusmodi
643 2289 961 2345 censetur
1020 2275 1277 2344 donum
1313 2330 1327 2355 ,
1397 2289 1472 2344 ut
1521 2298 1847 2365 supremo
1900 2291 2047 2347 voto
2121 2276 2291 2344 nihil
2354 2277 2581 2365 majus

70 2367 248 2451 optari
302 2386 504 2454 posse
570 2364 898 2434 videatur.
956 2368 1095 2434 Hoc
1146 2366 1266 2452 qui
1313 2366 1573 2454 experti
1624 2378 1807 2446 sunt,
1857 2379 2131 2445 norunt,
2192 2365 2450 2453 quique
2506 2386 2585 2435 eo

68 2464 348 2522 tenentur
389 2453 755 2522 desiderio.
812 2459 1047 2542 Ipsum
1100 2455 1282 2523 enim
1336 2477 1591 2543 corpus
1645 2455 1947 2543 perinde,
1988 2456 2130 2524 acsi
2183 2456 2414 2524 vivens
2465 2456 2585 2523 sso-

65 2563 322 2628 rensque
363 2554 566 2619 esset,
604 2542 1119 2631 amplectuntur
1151 2555 1216 2612 et
1248 2541 1763 2624 deosculantur,
1799 2544 2044 2624 oculis,
2087 2566 2224 2625 ore,
2264 2543 2580 2624 auribuS,

64 2633 356 2701 omnibus
408 2630 708 2716 denique
755 2632 1077 2701 sensibus
1125 2631 1502 2701 adhaerent
1539 2631 1629 2713 **,
1674 2631 2150 2721 lacrymasque
2201 2634 2473 2723 pietatis
2522 2645 2586 2701 et

65 2719 412 2789 affectionis
463 2719 726 2788 indices
774 2720 1191 2799 effundunt,
1248 2721 1663 2810 Martyrique
1739 2734 1813 2790 ut
1885 2722 2211 2792 omnibus
2272 2723 2584 2811 partibus

68 2806 294 2898 integro
343 2831 425 2877 ac
486 2809 742 2898 vigenti
791 2808 1228 2897 supplicant,
1278 2822 1354 2878 ut
1407 2831 1527 2897 pro
1579 2831 1648 2877 se
1697 2809 1881 2899 apud
1954 2815 2159 2879 Deum
2225 2811 2584 2901 legationis

69 2917 318 2965 munere
355 2896 711 2986 fungatur:
754 2898 850 2966 uti
908 2898 1016 2965 Dei
1070 2897 1465 2966 ministrum
1506 2897 1881 2987 appellant,
1918 2900 2062 2985 qui,
2097 2902 2374 2984 quando
2411 2898 2579 2979 vult,

68 2982 388 3054 invocatus
442 3008 728 3054 munera
780 2986 1115 3074 impetret.
1165 2990 1257 3053 Ex
1306 2985 1414 3054 his
1453 2986 1783 3058 omnibus
1825 2987 1981 3074 pins
2021 2986 2316 3076 populus
2348 2988 2579 3068 discit,

69 3092 239 3153 qnam
294 3073 592 3163 pretiosa
639 3074 725 3143 sit
799 3074 865 3142 in
918 3086 1292 3163 conspectu
1365 3075 1634 3143 Domini
1702 3097 1885 3143 mors
1958 3091 2350 3144 sanctorum
2403 3077 2579 3165 ejus,

69 3161 291 3228 Etenim
347 3162 504 3231 licet
564 3185 642 3232 ex
691 3162 927 3232 eadem
1000 3185 1226 3232 massa
1289 3164 1583 3232 conflata
1635 3175 2088 3249 concretaque
2152 3165 2288 3233 sint
2347 3164 2586 3233 omnia

67 3244 393 3319 hominum
446 3273 758 3341 corpora,
796 3275 876 3321 ea
926 3264 1179 3333 tamen,
1232 3274 1408 3339 quae
1457 3250 1866 3341 simpliciter
1918 3252 2283 3331 intereunt,
2331 3264 2584 3320 temere

70 3339 334 3425 projecta
397 3340 674 3424 jacent:
754 3362 931 3427 quae
982 3362 1137 3410 vero
1211 3339 1526 3430 martyrii
1592 3341 1882 3430 gratiam
1935 3340 2425 3421 obtinuerunt,
2482 3339 2581 3409 sic

69 3427 361 3496 amabilia
405 3429 858 3516 jucundaque
907 3442 1093 3509 sunt,
1129 3440 1194 3497 et
1242 3430 1555 3498 omnium
1611 3428 1861 3498 studiis
1916 3429 2222 3498 certatim
2274 3428 2583 3516 comple-

68 3516 304 3592 ctenda,
343 3530 419 3585 ut
470 3517 533 3585 in
592 3519 975 3606 praesentia
1024 3517 1554 3586 declaravimus
1611 3522 1702 3586 Ex
1752 3518 1861 3587 his
1909 3540 2071 3606 ergo
2103 3572 2117 3596 ‚
2171 3539 2347 3602 quae
2395 3516 2583 3584 vide-

71 3621 221 3680 τους,
273 3627 348 3673 ea
395 3605 768 3686 credimus,
822 3628 999 3692 quae
1036 3628 1168 3675 non
1213 3619 1625 3675 cernuntur:
1680 3619 1745 3675 et
1792 3628 1871 3675 ex
1920 3607 2049 3686 his,
2090 3627 2265 3692 quae
2322 3606 2584 3694 experi-

72 3709 204 3758 mur
241 3692 305 3759 in
344 3694 468 3762 hac
505 3695 661 3773 vita,
699 3716 1058 3784 speramus
1091 3717 1193 3775 ea,
1230 3716 1406 3781 quae
1441 3695 1673 3764 futura
1711 3696 2207 3783 promittuntur
2243 3695 2308 3761 in
2342 3693 2576 3763 altera.

71 3781 217 3846 Sunt
261 3783 439 3850 enim
495 3783 718 3864 multi,
753 3784 871 3870 qui
917 3784 983 3850 in
1023 3795 1275 3863 ventre,
1313 3783 1645 3869 inanique
1686 3782 1927 3872 gloria,
1970 3796 2034 3851 et
2064 3783 2346 3852 caducis
2381 3795 2584 3868 atque

6 3900 7 3903 ¹
73 3861 399 3952 fragilibus
456 3872 663 3940 rebus
708 3870 1154 3941 cumulandis
1206 3894 1557 3940 summum
1612 3873 1869 3940 bonum
1923 3871 2359 3951 collocantes,
2414 3870 2580 3958 quid

6 3978 9 3987 ·
71 3949 348 4056 futurum
383 3958 494 4039 sit,
537 3958 917 4049 negligunt,
963 3973 1167 4046 atque
1216 3960 1425 4048 hujus
1466 3960 1639 4028 vitae
1689 3959 1824 4029 fine
1877 3973 2119 4049 putant
2167 3961 2399 4028 omnia
2451 3973 2584 4029 ter-

78 4060 323 4113 minari.

142 4132 301 4214 §ss
355 4135 482 4203 Sed
545 4148 638 4213 tu,
700 4135 816 4221 qui
867 4137 1145 4224 sapiens
1192 4158 1311 4216 es,
1365 4159 1444 4204 ex
1498 4136 1725 4224 parvis
1786 4159 2033 4226 magna
2085 4136 2445 4224 conJ'icitO,
2505 4158 2583 4204 ex

85 4291 2588 4398 ‚2251052513323'fusennam202222⁴s¹s12122¹3112¹scessistism²⁸·

125 4394 164 4416 '⁸‘
190 4399 283 4439 Atia
308 4405 406 4440 erat
435 4402 674 4440 Boou->zuo
708 4404 950 4450 Romanae,
971 4406 1192 4445 observat
1213 4403 1508 4448 Ruina-stills·
1528 4403 1792 4451 (1¹5⁰112lfflss·
1813 4403 1888 4443 Ubi
1914 4417 2046 4444 ‘⁴⁵²⁶‘st
2067 4414 2263 4452 corpora
2284 4408 2535 4454 ”equidem
2558 4416 2590 4446 a

91 4443 168 4486 loco
185 4454 440 4499 sepulturae
462 4454 784 4495 movebantur.

2744 4469 2813 4512 tf
