2993 4837
519 284 645 347 536
1117 301 1194 345 m:
1242 302 1295 345 s.
1351 298 1643 346 mom'sto
1694 301 1790 344 ar.
1847 299 2290 346 AtaxANnruxo
2652 281 2804 346 NDV.
2845 284 2898 345 l}
2937 301 2938 314 ¹

428 385 832 474 angiportus
880 397 1043 461 erat,
1100 385 1167 451 in
1220 406 1356 471 quo
1407 398 1550 452 tuto
1601 383 1703 451 vel
1757 395 1984 463 noctu,
2025 383 2126 452 vel
2183 382 2490 453 interdiu
2533 383 2753 452 liceret
2776 383 2907 452 ince-

427 474 622 542 dere:
677 474 935 563 quippe
983 494 1223 541 omnes
1262 472 1522 559 ubique
1566 493 1706 540 uno
1757 494 1873 541 ore
1926 472 2503 541 conclamabant:
2560 473 2690 541 «si
2736 472 2914 558 quise

425 564 963 654 Christianorum
1020 584 1308 631 numero
1358 562 1573 651 impia
1611 573 1677 629 et
1717 560 2000 650 profana
2043 563 2243 630 verba
2295 562 2490 630 effari
2539 563 2910 634 recusaverit

424 652 732 740 rapiatur
761 649 1123 739 extemplo,
1162 665 1227 720 et
1260 652 1325 718 in
1362 652 1589 740 ignem
1643 650 2078 739 conjiciatur.
2121 673 2155 716 »
2207 655 2423 737 Atque
2455 651 2586 720 ista
2628 650 2796 718 mala
2831 650 2914 718 hoc

423 740 623 808 modo
684 761 815 807 non
861 738 944 807 ad
1001 742 1326 829 exiguum
1384 740 1711 827 temporis
1770 740 2070 828 spatium
2132 753 2446 829 grassata
2496 754 2683 820 sunt,
2739 760 2906 806 verua

421 828 695 898 tandem
734 827 975 897 seditio
1009 843 1073 896 et
1109 829 1367 899 bellum
1425 828 1852 906 intestinum,
1893 829 2072 914 quod
2111 829 2177 895 in
2219 827 2374 896 illos
2413 830 2706 897 miseros
2748 841 2910 917 postea

421 918 717 994 invasit,
775 917 1243 987 crudelitatem
1312 931 1550 986 contra
1604 939 1727 986 nos
1788 918 2149 985 exercitam
2186 972 2201 994 ,
2258 918 2326 985 in
2383 919 2699 1006 ipsorum
2760 917 2918 1004 capita

420 1006 769 1076 convertit.
833 1007 1020 1075 Unde
1057 1029 1179 1075 nos
1212 1007 1519 1094 quidem,
1574 1005 1740 1074 dum
1796 1005 2071 1073 illorum
2110 1006 2302 1075 furor
2338 1007 2405 1073 in
2450 1028 2579 1074 nos
2625 1007 2916 1074 incensis,

406 1095 576 1176 ,aliis
626 1095 831 1164 rebus
882 1095 1277 1183 implicatus
1330 1096 1710 1174 tenebatur,
1750 1093 2105 1183 paulisper
2141 1095 2688 1184 respiravimus:
2743 1114 2914 1162 verum

422 1183 775 1254 confestim
829 1184 1138 1252 animum
1193 1184 1657 1274 Imperatoris,
1711 1184 1829 1268 qui
1880 1183 2290 1252 clementius
2338 1183 2703 1270 aliquanto
2748 1197 2804 1251 et
2839 1183 2924 1248 lm—

425 1273 700 1341 manius
750 1273 1106 1341 videbatur
1152 1296 1310 1363 erga
1371 1296 1491 1342 nos
1536 1286 1730 1341 antea
1783 1272 2102 1352 affectuS,
2149 1273 2439 1341 omnino
2475 1285 2910 1341 commutatus

422 1383 570 1432 esse
620 1362 818 1429 nobis
870 1363 1272 1432 nunciatum
1320 1375 1441 1431 est.
1490 1367 1921 1450 Quapropter
1973 1362 2320 1429 minarum
2378 1361 2680 1430 formido
2737 1363 2800 1429 in
2843 1377 2908 1425 nc

414 1450 823 1536 jactatarum
873 1452 1307 1520 vehementer
1353 1452 1822 1520 accrescebat:
1880 1471 2035 1517 nam
2094 1451 2272 1518 Decii
2320 1449 2628 1519 edictum
2669 1450 2904 1536 eratjn

423 1538 878 1627 divulgatum,
923 1539 1232 1626 illudque
1264 1540 1392 1610 tale
1428 1539 1726 1628 profecto
1760 1538 2140 1618 videbatur,
2178 1539 2384 1624 quale
2421 1539 2761 1607 Dominus
2792 1553 2900 1627 prue

423 1627 683 1696 dixerat
732 1626 1038 1696 futurum
1076 1653 1088 1695 :
1145 1631 1210 1697 in
1263 1651 1400 1716 quo
1443 1627 1951 1697 terribilissima
1987 1626 2102 1694 illa
2141 1628 2292 1715 ejus
2329 1628 2906 1716 propemodum&-

426 1715 740 1816 plebatur
773 1717 1131 1797 sententia,
1182 1718 1512 1786 nimirum
1547 1717 1819 1794 electOS,
1860 1717 1915 1783 si
1956 1715 2280 1804 possibile
2319 1730 2522 1796 esset,
2566 1718 2631 1784 in
2677 1733 2904 1784 errores

424 1805 743 1874 inductos
784 1805 964 1873 fore:
1000 1807 1115 1892 qui
1159 1828 1399 1874 omnes
1428 1821 1608 1877 certe
1644 1819 1828 1874 metu
1865 1804 2159 1892 perculsi
2195 1806 2744 1894 obstupuerunt:
2779 1817 2904 1887 atqae

422 1915 500 1962 ex
539 1893 678 1961 illis
711 1895 828 1981 qui
864 1917 1020 1962 cum
1075 1895 1431 1983 dignitate,
1475 1907 1615 1962 turn
1654 1893 2050 1962 divitiarum
2096 1893 2445 1963 affluentia
2491 1907 2831 1984 praestare
2858 1891 2908 1953 rr

424 1982 764 2050 dabantur
800 1983 951 2072 (qui
990 1984 1267 2068 quidem
1314 2005 1448 2053 non
1513 1986 1714 2072 pauci
1767 1995 1962 2050 erant
2002 1982 2321 2070 numero)
2363 1983 2687 2052 nonnulli
2740 1985 2910 2072 timae

428 2072 788 2160 perterriti,
827 2071 962 2139 diis
1007 2072 1279 2142 illorum
1313 2072 1622 2140 colendis
1674 2093 1742 2141 se
1792 2071 1974 2139 ultro
2012 2072 2370 2151 offerunt;'
2403 2071 2523 2139 alii
2574 2094 2656 2140 ex
2699 2071 2910 2161 privatis

424 2161 713 2229 aedibus
764 2162 828 2228 in
873 2161 1229 2250 publicum
1275 2163 1545 2249 raptati,
1601 2160 1683 2227 ad
1731 2159 2018 2228 delubra
2069 2160 2425 2229 ducuntur
2463 2183 2502 2228 a
2563 2162 2907 2250 magistrae

427 2250 600 2329 bus;
651 2250 850 2318 multi
906 2251 1286 2318 vicinorum
1332 2273 1545 2320 suasu
1591 2271 1669 2317 co
1727 2248 2216 2337 pelliciuntur:
2254 2249 2373 2334 qui
2428 2249 2713 2336 quidem
2756 2265 2908 2316 nomi-

425 2340 637 2407 natim
672 2340 952 2418 evocati,
992 2339 1072 2406 ad
1111 2340 1383 2429 impura
1419 2351 1483 2407 et
1520 2339 1802 2429 profana
1836 2359 2074 2406 eorum
2112 2337 2449 2406 sacrificia
2483 2360 2557 2406 se
2591 2338 2903 2407 conserunt

512 2430 664 2515 ἓὸ.
715 2451 749 2493 «
781 2433 1038 2497 Horum
1091 2443 1317 2497 autem
1363 2450 1498 2497 non
1555 2428 1778 2516 pauci,
1817 2428 2012 2513 quasi
2052 2428 2336 2495 minime
2365 2440 2594 2496 essent
2629 2425 2908 2496 sacrifica-

391 2518 586 2593 ·turi,
627 2516 743 2585 sed
790 2517 886 2585 illi
924 2517 1056 2605 ipsi
1091 2519 1318 2607 potius
1369 2517 1685 2586 victimae
1717 2530 1781 2584 et
1815 2515 2152 2584 sacrificia
2198 2516 2400 2585 idolis
2435 2516 2675 2595 futuri,
2725 2512 2910 2605 pallore

425 2604 892 2685 exalbescunt,
946 2619 1010 2674 et
1046 2605 1414 2675 formidine
1463 2605 1730 2674 attoniti
1775 2617 2093 2693 stupent:
2147 2604 2315 2672 adeo
2350 2617 2425 2673 ut
2472 2604 2802 2691 frequenti
2841 2621 2909 2688 prr

428 2693 571 2780 puli
626 2695 848 2773 turba,
889 2716 1064 2780 quae
1096 2695 1669 2771 circumsistebat‚
1716 2693 1882 2761 dum
1921 2715 1993 2762 se
2026 2694 2354 2763 omnibus
2395 2696 2756 2783 perspicue
2789 2702 2910 2780 pate-

425 2780 813 2861 faciebant,
880 2805 1038 2851 cum
1090 2783 1170 2850 ad
1228 2783 1711 2860 moriendum,
1769 2796 1913 2850 tum
1964 2782 2048 2850 ad
2095 2782 2636 2852 sacrificandum
2701 2778 2904 2849 tandem

426 2870 789 2939 timiditate
820 2892 967 2940 esse
1002 2873 1299 2951 affectos,
1343 2872 1509 2941 risui
1562 2887 1625 2939 et
1677 2871 1977 2940 ludibrio
2028 2871 2468 2940 haberentur.
2504 2871 2633 2940 Alii
2671 2866 2910 2961 paratius

426 2957 507 3026 ad
553 2958 792 3027 altaria
839 2974 1274 3049 procurrunt,
1325 2961 1500 3029 duro
1544 2982 1659 3028 orc
1713 2973 1777 3028 et
1827 2959 2215 3050 impudenti
2271 2973 2674 3029 constanter
2710 2974 2908 3048 assere

427 3060 676 3126 rantes,
710 3070 780 3116 se
811 3071 1161 3135 nunquam
1194 3050 1403 3118 fuisse
1430 3048 1892 3118 Christianos:
1924 3049 2007 3116 de
2036 3049 2293 3134 quibus
2329 3049 2601 3116 Domini
2644 3056 2910 3139 sententia

429 3138 783 3206 verissime
822 3138 957 3206 dici
999 3152 1235 3226 potest,
1275 3139 1549 3206 divitem
1587 3136 1955 3205 difficulter
1991 3160 2189 3224 posse
2222 3138 2502 3206 servari.
2539 3143 2631 3206 Ex
2667 3137 2904 3220 reliquis.

426 3228 544 3311 qui
594 3228 937 3296 tenuiores
993 3240 1186 3296 erant
1237 3242 1301 3294 et
1352 3227 1572 3315 magis
1620 3227 1944 3304 obscuri,
2005 3225 2311 3315 plerique
2365 3240 2737 3311 utrumque
2780 3216 2906 3291 istud

428 3315 788 3383 hominum
827 3337 1068 3405 genus,
1114 3316 1295 3402 quod
1335 3330 1676 3406 postremo
1718 3316 2103 3403 posuimus,
2156 3316 2545 3395 imitantur,
2583 3315 2700 3384 alii
2736 3327 2906 3399 capes:

426 3418 588 3473 sunt
637 3404 870 3493 fugam
907 3459 921 3484 ,
978 3405 1294 3473 nonnulli
1366 3403 1912 3494 prehenduntur.
1967 3409 2177 3489 Atque
2227 3426 2317 3475 ex
2363 3404 2722 3491 prehensis
2765 3395 2905 3467 multt

427 3493 508 3560 ad
553 3493 823 3562 vincula
863 3505 927 3561 et
958 3515 1298 3562 carcerem
1342 3507 1657 3582 pergunt,
1695 3505 1759 3560 et
1797 3492 2033 3561 multis
2059 3493 2305 3561 diebus
2339 3493 2434 3560 ibi
2465 3506 2772 3562 tenentur
2794 3505 2904 3555 con-

424 3581 647 3663 clusi,
706 3595 935 3671 postea
991 3596 1215 3650 tamen
1271 3595 1637 3669 antequam
1683 3581 1764 3649 ad
1822 3581 2120 3650 tribunal
2179 3581 2565 3660 accedunt,
2629 3580 2899 3649 Christum

424 3670 694 3759 ejurant
726 3693 740 3751 ;
778 3672 1059 3757 quidam
1105 3684 1437 3740 tormenta
1470 3671 1592 3739 diu
1627 3670 1887 3739 fortiter
1922 3671 2284 3747 sustinent,
2326 3670 2442 3739 sed
2474 3670 2561 3738 ad
2593 3681 2898 3738 extremum

428 3761 1001 3840 succumbenteS,
1072 3760 1273 3828 fidem
1336 3772 1736 3848 pernegant.
1801 3765 2147 3827 Caeterum
2209 3760 2326 3845 qui
2397 3759 2660 3828 Domini
2721 3764 2893 3824 erant.

425 3861 772 3935 tamquam
814 3849 1052 3921 firmae
1082 3862 1146 3917 et
1180 3849 1413 3918 beatae
1446 3848 1835 3925 columnae,
1889 3849 2039 3936 ejus
2073 3869 2200 3936 ope
2238 3860 2303 3916 et
2335 3850 2558 3947 gratia
2593 3849 2893 3915 roboratae.

424 3935 580 4004 fidei
619 3937 948 4014 firmitati,
988 3959 1163 4024 quae
1201 3939 1265 4005 in
1307 3959 1544 4006 eorum
1597 3936 1851 4005 animis
1903 3936 2174 4025 penitus
2235 3937 2618 4015 insidebat,
2664 3936 2811 4000 vires
2843 3944 2892 3992 ac

428 4026 853 4095 tolerantiam
893 4039 1047 4116 apte
1094 4040 1158 4095 et
1201 4026 1512 4117 apposite
1548 4024 2070 4114 respondentem
2108 4024 2365 4113 adepti,
2419 4022 2820 4095 admirabiles
2852 4023 2889 4077 et

426 4114 734 4204 insignes
784 4117 932 4201 ejus
966 4116 1156 4205 regni
1198 4128 1534 4204 martyres
1569 4137 1646 4183 ac
1685 4125 1883 4183 testes
1914 4115 2071 4182 facti
2106 4129 2291 4183 sunt.
2782 4195 2790 4204 ι

513 4206 548 4289 ἓ
579 4210 673 4273 θ.
712 4227 745 4268 «
773 4210 1074 4285 Quorum
1116 4205 1383 4294 primus
1413 4216 1558 4273 erat
1593 4201 1946 4282 Julianus,
1986 4203 2188 4270 homo
2225 4203 2567 4292 podagrae
2611 4193 2887 4294 doloribus

429 4291 598 4358 adeo
645 4314 1062 4380 oppressuS‚
1121 4305 1196 4359 ut
1261 4315 1479 4379 neque
1543 4291 1896 4369 incedere,
1955 4313 2174 4378 neque
2244 4292 2537 4380 pedibus
2597 4294 2882 4380 conststere

434 4393 681 4463 posset.
739 4381 861 4447 Hic
909 4403 1063 4449 cum
1122 4381 1275 4449 aliis
1323 4382 1598 4451 duobus
1629 4436 1643 4461 ,
1697 4382 1816 4467 qui
1866 4403 2022 4448 eum
2074 4380 2485 4469 gestabant,
2536 4372 2876 4466 adjudicent
