2993 4837
74 292 223 357 NOV.
275 293 355 356 23
706 312 783 356 na
831 311 887 357 s.
943 310 1301 357 carnarum
1354 309 1519 356 vme.
1575 311 1649 355 ar
1699 310 1889 356 naar.
2356 296 2483 359 665

74 394 312 474 ditione,
348 393 659 464 salutem.
714 400 1037 485 Magnum
1086 398 1434 463 consecuti
1493 394 1902 463 beneficium
1950 417 1989 462 a
2042 394 2323 463 deorum
2378 396 2573 464 beni-

71 483 327 572 gnitate,
391 483 592 551 veluti
650 483 996 569 quandam
1052 483 1263 572 hujus
1315 483 1830 551 munificentiae
1895 483 2565 561 remunerationem,

68 572 427 640 censuimus
478 592 597 640 nos
650 585 961 660 oportere
1010 573 1251 641 offerre
1316 571 1679 640 sacrificia.
1736 574 1987 641 Omnes
2035 593 2242 662 ergo,
2306 573 2360 641 si
2427 573 2570 642 fieri

69 672 270 747 potest,
321 659 400 727 ad
455 683 575 730 nos
626 662 993 740 venientes,
1042 659 1377 729 ostendite
1428 674 1718 730 vestram
1774 661 1841 728 in
1905 682 2192 748 magnos
2241 660 2403 729 deos
2456 662 2570 731 be-

67 748 521 818 nevolentiam:
577 749 866 818 scientes
927 748 1107 835 quod
1173 749 1295 835 qui
1346 749 1473 817 hoc
1534 760 1843 817 nostrum
1893 749 2194 817 edictum
2263 763 2567 818 contem-

67 838 376 920 pserit‚·et
421 838 505 905 ad
547 837 751 906 aliam
804 861 845 906 a
882 837 1080 907 nobis
1132 837 1544 926 prohibitam
1607 836 1993 925 adspexerit
2036 837 2462 927 religionem,
2503 853 2566 907 et

62 925 285 994 excidet
315 927 399 995 ab
430 927 579 1015 ipsa
610 948 858 1016 magna
908 927 1190 996 deorum
1231 925 1723 1004 benevolentia,
1761 938 1826 994 et
1859 926 2267 1015 subjicietur
2297 949 2334 995 a
2372 928 2566 996 nobis

63 1014 230 1082 malis
259 1015 595 1084 extremis.
637 1037 671 1078 »

130 1104 276 1187 §2
314 1107 474 1172 Cum
529 1103 655 1171 hae
696 1102 954 1172 litterae
1008 1102 1072 1169 in
1125 1124 1399 1172 omnem
1454 1115 1714 1191 partem
1761 1103 2263 1191 pervasissent,
2321 1103 2567 1174 licebat

64 1189 253 1258 videre
283 1192 738 1260 confluentem
779 1191 863 1260 ad
921 1192 1149 1280 ipsum
1187 1190 1705 1259 multitudinem
1742 1203 1927 1259 metu
1963 1192 2310 1261 minarum
2348 1215 2361 1258 ε
2400 1215 2566 1279 quo-

64 1299 181 1345 rum
211 1279 321 1348 alii
367 1279 645 1366 quidem
697 1280 1133 1350 adducebant
1180 1302 1337 1349 oves
1369 1291 1434 1348 et
1466 1281 1709 1358 boves;
1762 1279 1880 1348 alii
1929 1294 2156 1349 autem
2214 1281 2398 1348 varia
2447 1304 2563 1370 ge-

62 1386 191 1434 nera
218 1370 461 1437 avium.
521 1373 743 1455 Neque
790 1383 935 1439 erat
980 1368 1171 1437 ullus
1221 1369 1581 1452 immunis,
1629 1368 1744 1437 sed
1796 1382 1989 1438 erant
2031 1391 2271 1438 omnes
2323 1369 2560 1437 intenti

65 1453 114 1521 in
139 1471 452 1545 apparatu
504 1458 852 1526 sacrificii.
909 1463 1071 1526 Nam
1110 1458 1228 1543 qui
1270 1469 1465 1526 erant
1515 1456 1710 1526 valde
1757 1457 2002 1526 divites
2037 1513 2051 1537 ,
2111 1458 2560 1527 constitutum

62 1557 194 1622 erat,
247 1560 317 1614 ut
365 1567 615 1635 magna
649 1546 977 1615 animalia
1006 1545 1430 1618 adducerent
1463 1546 1550 1614 ad
1585 1546 2003 1614 sacrificium
2035 1568 2047 1611 :
2094 1569 2300 1634 parva
2334 1560 2559 1615 autem

62 1652 375 1720 paupereS,
433 1648 636 1722 prout
683 1635 1063 1721 unicuique
1113 1635 1572 1724 suppetebant
1613 1633 1989 1715 facultateS‚
2030 1647 2094 1703 et
2140 1647 2284 1703 erat
2318 1637 2562 1703 unius-

58 1720 353 1808 cujusque
386 1724 449 1791 in
490 1724 653 1792 deos
688 1723 1180 1792 benevolentia.
1233 1723 1323 1791 Ad
1372 1744 1476 1790 ma
1538 1723 1956 1791 nificentiam
2008 1735 2234 1791 autem
2271 1745 2385 1791 eos
2423 1746 2563 1790 ma·

60 1808 206 1877 xime
252 1813 576 1882 incitabat
624 1817 1050 1900 Imperator,
1095 1813 1388 1880 afl'erens
1435 1834 1469 1879 a
1575 1810 2109 1880 sacrificandum
2175 1827 2449 1879 centum
2501 1826 2562 1881 et

59 1898 294 1987 triginta
338 1914 592 1969 tauros,
649 1905 814 1969 Cum
866 1922 1107 1969 omnes
1153 1922 1316 1989 ergo
1364 1899 1448 1968 ad
1506 1900 1730 1988 ipsum
1769 1899 2249 1969 convenissent
2286 1899 2563 1969 Alexan-

60 1983 266 2067 driam,
305 1989 500 2058 valde
549 1989 838 2058 laetatus
887 2001 1010 2069 est,
1053 1988 1288 2058 videns
1333 1988 1847 2057 multitudinem
1893 1987 2133 2078 populi
2186 2003 2248 2057 et
2300 1989 2563 2057 sacrifi-

59 2074 320 2145 ciorum:
360 2078 535 2147 adeo
569 2090 641 2147 ut
678 2099 798 2146 nec
834 2077 1123 2146 alterum
1166 2076 1442 2163 quidem
1487 2091 1760 2166 tempus
1793 2077 2223 2166 exspectarit,
2262 2077 2376 2145 sed
2415 2099 2563 2166 pro—

65 2161 211 2232 tinus
260 2166 673 2246 surrexerit,
727 2179 790 2235 et
838 2164 1169 2234 citissime
1217 2165 1301 2233 ad
1358 2165 1687 2254 templum
1737 2166 2163 2254 processerit,
2221 2181 2284 2233 et
2335 2167 2557 2254 ipsum

68 2256 343 2340 peregerit
411 2255 859 2325 sacrificium.
934 2260 1095 2322 Cum
1157 2275 1235 2323 eo
1290 2267 1518 2323 autem
1587 2255 1906 2323 currebat
1973 2277 2175 2323 omne
2224 2276 2443 2343 genus
2501 2266 2562 2320 et

67 2342 241 2411 omnis
264 2357 471 2425 aetas,
509 2356 572 2412 et
612 2343 977 2412 universus
1004 2355 1305 2423 senatuS,
1341 2354 1404 2410 et
1434 2364 1675 2413 omnes
1714 2343 2175 2433 magistratuS‚
2227 2341 2554 2432 plebsque

63 2439 108 2492 et
138 2431 354 2521 vulgus
388 2433 780 2512 hominum,
811 2454 988 2519 quae
1018 2433 1101 2501 ad
1134 2431 1553 2502 sacrificium
1595 2433 2045 2521 pertinebant,
2084 2432 2560 2517 unusquisque

57 2515 337 2590 afferens:
376 2522 550 2591 adeo
599 2535 671 2589 ut
731 2534 1000 2610 propter
1062 2520 1574 2591 multitudinem
1634 2542 1867 2589 eorum
1922 2521 2040 2607 qui
2088 2522 2549 2597 confluebant,

55 2623 302 2693 angusta
329 2624 510 2681 esset
540 2611 689 2699 ipsa
724 2610 984 2688 civitas,
1024 2622 1400 2697 angustum
1438 2608 1814 2699 templum;
1870 2609 2169 2677 clamore
2205 2632 2357 2678 vero
2402 2610 2560 2678 bru-

56 2702 239 2764 torum
273 2699 731 2767 animantium
780 2699 1322 2767 circumsonaret
1368 2710 1500 2769 tota
1552 2699 1735 2787 regio
1770 2698 2267 2777 circumcirca;
2327 2697 2561 2766 nidore

55 2795 242 2853 autem
286 2788 785 2858 sacrificiorum
830 2787 974 2875 ipse
1005 2808 1280 2873 quoque
1319 2789 1435 2854 aer
1479 2787 1894 2855 inficeretur.

123 2872 275 2956 ὃὸ.
329 2882 496 2946 Cum
550 2876 716 2944 haec
767 2874 864 2945 sic
916 2874 1175 2954 fierent,
1234 2875 1481 2944 mulier
1530 2874 1867 2961 quaedam
1930 2875 2064 2963 pia,
2130 2875 2406 2943 nomine
2446 2881 2558 2945 Ae-

54 2962 359 3045 caterina,
414 2978 631 3034 aetate
673 2964 994 3050 juvenis,
1053 2964 1293 3053 pulcra
1343 2964 1591 3051 specie,
1646 2985 1822 3049 quae
1874 2986 2092 3052 genus
2142 2963 2436 3032 ducebat
2482 2987 2558 3032 ex

52 3066 145 3113 san
193 3052 347 3120 uine
390 3054 600 3143 regie,
636 3074 909 3121 omnem
952 3067 1179 3123 autem
1215 3067 1280 3122 et
1312 3064 1659 3122 externam
1695 3065 1760 3119 et
1798 3065 2094 3119 nostram
2132 3052 2554 3141 Scripturam

55 3152 435 3228 peregerat,
496 3141 730 3210 multis
780 3141 1052 3211 ancillis
1101 3142 1421 3210 comitata
1470 3140 1757 3230 degebat
1807 3139 2248 3209 Alexandriae
2279 3194 2293 3219 ,
2349 3153 2411 3209 et
2461 3142 2557 3208 sic

51 3228 489 3299 asservabatur
523 3230 589 3297 in
634 3229 921 3299 aedibus
957 3229 1183 3319 regiis,
1219 3241 1282 3298 et
1317 3230 1541 3298 solum
1581 3229 1932 3299 Christum·
1963 3241 2154 3296 norat
2189 3250 2549 3317 sponsum,

50 3321 100 3408 et
128 3313 179 3381 ei
208 3317 477 3387 animae
526 3319 836 3389 servabat
886 3317 1475 3407 pulcritudinem:
1526 3331 1589 3386 et
1642 3318 1704 3385 in
1761 3339 1917 3386 eum
1971 3316 2193 3386 solum
2252 3330 2396 3386 erat
2443 3339 2559 3385 cor

47 3416 171 3485 ejus
199 3425 425 3475 amore
480 3405 1012 3475 inflammatum.
1055 3411 1235 3475 Haec
1286 3406 1384 3475 sic
1433 3405 1670 3474 videns
1707 3406 2019 3474 homines
2067 3406 2554 3495 gravissimum

50 3488 250 3561 subire
284 3494 746 3584 naufragium,
807 3506 872 3563 et
919 3496 1147 3564 venire
1200 3494 1265 3562 in
1317 3506 1693 3562 extremum
1751 3494 2066 3563 interitus
2122 3494 2501 3583 periculum
2537 3550 2551 3574 ,

45 3577 244 3648 animo
275 3584 571 3672 graviter
619 3583 881 3663 affecta,
934 3597 1000 3653 et
1051 3606 1170 3672 pro
1222 3582 1509 3651 Domino
1559 3582 2019 3651 aemulatione
2060 3604 2137 3650 ac
2196 3583 2337 3651 zelo
2390 3584 2556 3651 inci-

48 3672 179 3747 tata,
214 3680 370 3741 tunc
408 3673 702 3741 maxime
730 3671 965 3741 statuit
998 3694 1200 3742 suum
1239 3669 1595 3740 ostendere
1627 3669 2073 3749 desiderium,
2108 3682 2173 3739 et
2203 3671 2553 3740 ardentem

44 3770 141 3834 pro
189 3756 316 3826 fide
372 3759 640 3829 zelum:
696 3772 762 3829 et
807 3782 966 3828 cum
1032 3759 1404 3829 nonnullos
1463 3781 1699 3829 secum
1762 3759 2137 3848 accepisset
2199 3758 2545 3835 famulos,

47 3843 328 3942 protinus
357 3848 651 3936 profecta
676 3860 779 3917 est
815 3849 880 3916 in
918 3848 1274 3937 templum,
1317 3849 1381 3916 in
1419 3870 1556 3935 quo
1589 3859 1732 3917 erat
1774 3847 2144 3917 multitudo
2185 3871 2344 3917 curn
2381 3854 2556 3936 Rege

43 3933 452 4015 sacrificans;
505 3949 570 4005 et
618 3949 808 4006 stans
858 3936 924 4003 in
974 3936 1233 4017 limine,
1287 3938 1582 4008 aliorum
1624 3936 1901 4022 quidem
1945 3936 2173 4005 vultus
2214 3937 2297 4005 ad
2342 3959 2412 4005 se
2457 3950 2552 4004 at-

43 4018 337 4103 trahebat,
376 4038 451 4094 ut
479 4046 657 4112 quae
690 4025 948 4114 insigni
996 4039 1173 4095 esset
1217 4025 1706 4114 pulcritudine,
1748 4039 1812 4095 et
1862 4025 2202 4093 internam
2255 4024 2550 4114 speciem

43 4109 400 4199 ostendebat
448 4136 566 4203 per
612 4125 987 4183 externam.
1046 4117 1311 4183 Sensim
1374 4118 1602 4182 autem
1658 4136 1787 4182 sua
1839 4113 2102 4182 munda
2156 4113 2347 4182 labra
2395 4132 2553 4198 ape-

45 4211 219 4292 riens,
249 4199 415 4269 dixit
461 4223 533 4270 se
573 4202 825 4273 babere
876 4203 1335 4271 necessarium
1380 4201 1671 4289 aliquid,
1710 4202 1891 4288 quod
1942 4202 2196 4271 diceret
2253 4206 2551 4287 Impera-

46 4290 169 4350 tori.
203 4288 325 4367 Qui
354 4289 580 4377 itaque
606 4291 882 4359 nunciis
918 4290 1288 4359 referendis
1327 4304 1704 4379 praeerant,
1747 4292 2147 4377 Imperatori
2180 4290 2263 4356 de
2293 4287 2551 4375 virgine

44 4377 450 4447 annunciant.
506 4383 812 4465 Cumque
847 4377 959 4447 ille
985 4380 1327 4468 jussisset,
1368 4378 1596 4447 statim
1635 4377 2117 4446 introducitur.
2170 4382 2355 4457 Quae
2389 4397 2544 4443 cum
