2993 4837
516 299 640 362 360
1107 315 1184 360 ne
1231 315 1287 360 s.
1340 312 1691 360 eonssraluo
1739 272 1839 359 Ep.
1892 312 2278 360 mmmmm
2671 296 2831 361 NOV.
2870 299 2906 361 8

425 395 535 463 hic
576 393 805 474 lector,
841 408 916 464 ut
964 394 1064 462 vir
1111 393 1225 462 Dei
1276 415 1400 463 nec
1433 393 1663 462 timori
1700 393 2162 473 succubuerit,
2220 415 2342 462 nec
2391 392 2516 462 ulli
2577 392 2777 463 labori
2810 416 2911 483 pe-

430 483 738 569 percerit,
794 495 1004 569 utque
1051 482 1542 565 administrum
1601 495 1879 551 satanae
1935 494 2210 573 propter
2242 482 2453 559 unius
2502 482 2789 553 hominis
2826 505 2915 551 sa·

429 571 637 639 lutem
689 593 876 640 nunc
924 570 1334 651 humilitate,
1375 593 1564 640 nunc
1612 571 2010 650 severitate,
2070 570 2271 640 modo
2330 569 2691 649 blanditer,
2744 572 2915 639 modo

431 680 692 749 aspere,
730 659 1000 749 justitia
1035 659 1426 750 impellente
1465 682 1832 749 aggressus
1865 661 1975 740 sit,
2010 671 2087 728 ut
2129 660 2437 747 justitiae
2470 672 2534 728 et
2577 659 2919 729 misericor·

431 748 584 816 diae
633 748 991 836 speculum
1043 762 1245 835 atque
1292 750 1641 847 exemplar
1681 749 1839 835 jure
1884 748 2021 817 dici
2074 762 2300 835 queat.
2355 747 2679 829 Tandem,
2732 769 2796 816 re
2835 749 2921 816 in·

432 836 625 917 fecta,
663 838 902 906 beatus
950 838 1326 926 Episcopus
1369 836 1541 905 redit
1587 837 1671 905 ad
1709 837 1950 908 urbem
1976 858 2198 931 ‚suam
2249 836 2486 905 eodem
2537 837 2682 906 die:
2716 858 2923 905 accur·

431 938 593 994 runt
623 927 824 1005 cive5‚
861 926 1405 1007 circumsistunt,
1443 937 1721 1015 stupent
1753 939 1815 994 et
1849 925 2338 996 lamentantur.
2375 924 2496 993 Ille
2531 947 2685 994 vero
2718 926 2924 1013 paucis

425 1036 540 1083 eos
587 1014 1016 1084 consolatur:
1070 1014 1230 1083 inde
1278 1014 1420 1083 abit
1459 1013 1543 1082 ad
1594 1037 1825 1084 sacras
1866 1015 2044 1085 beati
2094 1014 2378 1083 Firmini
2434 1013 2801 1101 reliquia5‚
2849 1014 2923 1082 ibi

433 1125 504 1171 se
557 1116 1012 1191 prosternenS,
1069 1118 1214 1173 orat
1256 1117 1650 1191 martyrem,
1692 1116 1764 1173 ut
1810 1102 2233 1172 vicedomini
2291 1103 2717 1173 Guermundi
2766 1104 2925 1172 inso-

434 1192 641 1260 lentia
675 1192 1193 1281 comprimatur.
1233 1196 1377 1261 Mox
1425 1191 1709 1261 domum
1761 1214 1832 1262 se
1867 1191 2131 1281 recipit,
2185 1191 2301 1259 sed
2353 1191 2588 1260 divina
2643 1190 2926 1263 animad-

433 1281 652 1350 versio
694 1302 826 1350 non
879 1279 1222 1349 dormitat.
1259 1280 1438 1349 Vidit
1482 1281 1666 1349 enim
1721 1281 2051 1350 Dominus
2113 1280 2550 1350 afflictionem
2594 1281 2769 1349 servi
2811 1280 2921 1353 sui.

433 1381 497 1438 et
546 1371 778 1437 statuit
824 1368 1091 1438 ulcisci.

522 1461 557 1544 ξ
604 1462 760 1530 am.
814 1457 1057 1527 Paucis
1094 1469 1241 1547 post
1289 1455 1534 1526 diebus
1584 1457 2224 1545 importunissimus
2276 1456 2388 1526 ille
2441 1457 2923 1527 Vicedominus.

433 1547 776 1636 regionem
832 1546 960 1614 late
1011 1544 1482 1634 depopulans,
1537 1545 1807 1615 insidiis
1859 1546 2156 1616 militum
2194 1545 2580 1625 wilhelmi,
2651 1546 2927 1635 primarii

431 1635 614 1724 apud
666 1635 984 1704 Pontinos
1015 1634 1049 1668 ²*
1099 1634 1247 1715 viri,
1292 1634 1583 1724 capitur,
1638 1647 1704 1704 et
1749 1634 1833 1704 ad
1885 1634 2082 1703 illum
2130 1634 2303 1703 mira
2335 1633 2792 1723 gratulatione
2830 1634 2927 1702 ad·

431 1722 731 1793 ducitur.
785 1728 873 1803 Is,
928 1733 1004 1791 ut
1050 1722 1215 1791 vidit
1261 1722 1636 1802 hominem,
1726 1725 1900 1792 rimo
1930 1723 2314 1792 innumeris
2342 1724 2617 1813 injuriis
2664 1724 2925 1812 exagita-

434 1824 603 1891 tum,
664 1834 815 1881 mox
864 1812 1037 1880 ferro
1088 1813 1385 1881 vinctum
1420 1812 1618 1899 jubet
1716 1813 1823 1882 uci
1876 1812 1943 1880 in
1981 1812 2386 1882 custodiam.
2447 1813 2569 1881 Ubi
2618 1834 2777 1882 cum
2822 1833 2923 1879 non

434 1922 677 1989 parum
723 1901 845 1970 diu
893 1900 1330 1979 detineretur,
1380 1900 1769 1987 videretque
1823 1922 2094 1970 omnem
2156 1901 2288 1970 sibi
2351 1900 2762 1990 prodeundi,
2822 1922 2925 1985 quo

436 1989 654 2067 vellet,
693 1988 1080 2059 facultatem
1130 2001 1457 2079 ereptam,
1517 1990 1685 2058 mire
1718 1991 1988 2070 anxiuS‚
2046 1989 2315 2058 tandem
2361 1989 2535 2059 redit
2574 1990 2658 2059 ad
2712 1989 2925 2059 sanita·

435 2089 594 2146 tem.
651 2078 898 2147 Videns
931 2090 1155 2147 autem
1199 2078 1268 2145 in
1322 2078 1513 2148 nullo
1546 2077 1823 2147 homine
1856 2077 2122 2147 mortali
2155 2099 2345 2166 spem
2374 2078 2679 2165 aliquam
2727 2077 2923 2147 mortis

430 2167 816 2236 evadendae
872 2167 1001 2235 sibi
1051 2166 1398 2244 relictam,
1464 2167 1599 2235 nisi
1660 2167 1726 2234 in
1786 2189 1928 2237 uno
1980 2166 2344 2237 Godefrido
2404 2168 2762 2257 Episcopo,
2810 2166 2922 2234 dire

428 2256 889 2335 cruciabatur,
943 2256 1164 2326 sciens
1210 2275 1416 2342 quam
1451 2255 1688 2324 multis
1727 2254 1947 2343 iisque
1985 2254 2433 2326 intolerandis
2479 2278 2639 2324 eum
2693 2253 2923 2344 injuriis

431 2345 786 2414 affecisset.
844 2344 967 2413 Sed
1023 2359 1272 2425 tamen,
1308 2356 1592 2432 urgente
1639 2344 2050 2424 calamitate,
2091 2344 2173 2413 de
2223 2343 2411 2414 illius
2462 2343 2799 2434 singulari
2831 2343 2923 2410 lm·

434 2435 757 2503 manitate
808 2432 1233 2522 praefidens,
1287 2455 1422 2519 qua
1488 2434 1691 2502 sciret
1759 2456 1913 2502 eum
1965 2435 2167 2503 etiam
2222 2433 2543 2503 inimicos
2603 2457 2685 2503 ex
2732 2434 2923 2502 animo

432 2522 817 2611 complecti,
877 2543 993 2610 per
1033 2521 1380 2591 hominem
1436 2521 1651 2591 fidum
1697 2544 1827 2611 sup
1884 2523 1986 2592 lex
2034 2535 2180 2592 orat
2231 2522 2507 2591 beatum
2564 2523 2830 2601 virum,
2872 2532 2923 2587 ut

430 2610 797 2679 immemor
844 2632 1106 2690 eorum,
1141 2632 1315 2696 quae
1350 2610 1683 2681 hactenus
1716 2633 1823 2680 ma
1856 2634 1894 2680 o
1925 2611 2255 2680 daemone
2294 2611 2667 2700 instigante
2707 2612 2773 2680 in
2801 2630 2921 2678 eum

431 2699 844 2777 admisisset,
905 2698 1033 2787 ipsi
1083 2720 1280 2785 opem
1316 2697 1489 2768 ferre
1536 2699 1880 2790 dignetur.
1935 2699 2319 2778 Pollicetur,
2369 2722 2440 2768 se
2483 2701 2808 2770 ecclesias
2847 2697 2923 2764 di-

430 2800 620 2855 rutas
669 2788 1237 2867 instauraturum,
1275 2787 1606 2856 Adamum
1645 2788 2125 2867 dimissurum,
2158 2788 2483 2877 deinceps
2529 2787 2922 2857 emendatius

430 2889 494 2943 et
530 2875 902 2945 humanius
964 2877 1326 2945 victurum.
1383 2881 1564 2946 Haec
1612 2877 1729 2946 ubi
1792 2878 2054 2947 audivit
2101 2878 2501 2977 EpiscopuS,
2558 2877 2839 2947 laetatur
2875 2895 2923 2941 se

431 2986 469 3032 a
512 2965 797 3033 Domino
845 2964 1264 3044 exauditum,
1326 2964 1509 3034 dolet
1557 2966 1768 3034 vicem
1829 2966 2063 3034 miseri
2113 2966 2449 3043 hominis,
2500 2978 2567 3034 et
2613 2967 2789 3035 bona
2835 2985 2924 3054 pro

408 3051 633 3121 ‘malis
670 3053 949 3122 reddere
994 3053 1055 3121 ei
1105 3053 1359 3132 volens,
1398 3054 1580 3141 quod
1630 3069 1731 3124 est
1766 3054 2240 3144 perfectorum,
2282 3076 2417 3123 non
2464 3069 2823 3125 cunctatur
2857 3054 2924 3120 ire

428 3141 511 3209 ad
569 3140 792 3211 illum.
847 3148 937 3212 Eo
983 3155 1368 3227 conspecto,
1425 3156 1775 3229 tamquam
1826 3142 1912 3212 ab
1960 3145 2100 3213 orci
2148 3142 2466 3213 faucibus
2514 3157 2786 3233 ereptus
2821 3143 2919 3212 sit.

432 3229 625 3298 valde
674 3231 805 3300 sibi
854 3229 1237 3321 gratulatur
1292 3231 1806 3311 GuermunduS,
1858 3247 1923 3301 et
1969 3232 2084 3319 qui
2137 3243 2335 3301 antea
2378 3232 2598 3301 virum
2636 3232 2746 3301 Dei
2794 3251 2924 3316 sup·

435 3319 644 3407 plices
693 3321 751 3389 ei
807 3343 1038 3409 preces
1077 3319 1467 3388 offerentem
1521 3321 1864 3411 superbus
1910 3333 2434 3409 contempserat,
2476 3321 2622 3406 jam
2673 3320 2753 3389 ad
2803 3320 2917 3406 ejus

433 3429 579 3477 sese
631 3409 833 3498 pedes
867 3407 1184 3481 advolvit.
1232 3408 1355 3476 Sed
1393 3431 1475 3476 ne
1522 3409 1863 3499 longiores
1916 3410 2158 3488 simuS,
2213 3410 2269 3478 si
2322 3409 2597 3497 singula
2638 3421 2919 3477 annotare

430 3497 744 3579 velimus,
798 3498 1087 3567 extrahit
1122 3497 1278 3585 pius
1326 3500 1706 3599 Episcopus
1741 3498 2259 3568 Guermundum
2298 3519 2334 3566 e
2366 3520 2661 3576 carcere,
2700 3493 2915 3565 reducit

432 3606 560 3654 non
616 3587 764 3655 sine
806 3586 1019 3656 multo
1069 3584 1318 3654 sudore
1349 3587 1905 3674 Pinqutniacum,
1952 3601 2274 3656 etsecum
2314 3586 2597 3657 abducit
2628 3585 2913 3655 Adamum

361 3689 364 3692 ’
429 3694 659 3743 SUUOE.

512 3765 547 3849 ἓ
595 3768 741 3835 44.
800 3768 886 3831 Ea
941 3777 1335 3853 tempestate
1370 3768 1748 3851 Imperator
1778 3764 1846 3798 *⁴*
1881 3763 2272 3833 Pontificem
2325 3762 2737 3841 Paschalem,
2784 3779 2906 3827 cum

422 3851 570 3937 ejus
618 3864 682 3918 et
718 3851 922 3941 pedes
955 3865 1018 3921 et
1064 3876 1140 3923 os
1180 3851 1620 3922 deosculatus
1659 3866 1857 3931 esset,
1912 3852 2067 3922 dolo
2116 3865 2421 3941 captum,
2458 3874 2689 3922 secum
2733 3847 2908 3941 abdu-

421 3941 536 4008 xit.
592 3945 680 4008 Ea
715 3963 920 4009 causa
957 3942 1176 4011 Guido
1209 3941 1611 4010 Viennensis
1644 3941 1744 3975 *Ἣ
1777 3942 2368 4030 ArchiepiscopuS,
2410 3943 2527 4027 qui
2569 3950 2777 4031 postea
2811 3935 2904 4002 suit

421 4029 716 4098 Calixtus
751 4034 1102 4100 Romanus
1151 4029 1474 4108 Pontifex,
1535 4051 1861 4119 magnum
1910 4030 2150 4100 habuit
2215 4029 2551 4098 Ecclesiae
2602 4040 2901 4124 procerum

421 4117 602 4206 apud
658 4118 981 4187 Viennam
1015 4133 1454 4189 conventum.
1491 4119 1762 4188 Vocavit
1810 4119 2011 4188 etiam
2055 4142 2173 4209 per
2215 4117 2471 4189 litteras
2521 4111 2897 4188 Godesridum

487 4267 508 4288 ’⁸¹
540 4265 592 4302 In
614 4264 871 4303 Galliarum
893 4266 1095 4313 regione,
1115 4276 1234 4314 quae
1259 4265 1464 4306 Ponehim
1484 4261 1760 4312 appellatur.

477 4319 527 4339 Μ
560 4317 787 4354 muricus
812 4318 860 4358 V.
879 4329 1014 4365 quem
1040 4322 1256 4366 superum
1280 4316 1589 4357 meminimus.

482 4371 558 4393 *Μ
597 4369 754 4406 Vienna
790 4373 1080 4418 Allobroqnm,
1117 4371 1222 4420 gall.
1265 4372 1432 4411 Vienna.
1471 4370 1691 4415 calixtus,
1726 4381 1750 4409 e
1787 4372 1895 4409 sede
1932 4370 2183 4409 Viennensi
2211 4369 2271 4408 ad
2304 4370 2579 4418 Supremam
2612 4365 2897 4408 Pontificatum·

425 4431 544 4460 anno
566 4422 684 4466 1119,
706 4429 944 4469 promotus
964 4425 1066 4462 fuit.
