2993 4837
68 349 212 415 Not.
256 351 289 414 4
2356 357 2479 421 1103

732 541 978 618 VITA
1032 542 1162 621 ΕΤ
1215 541 1414 621 RES
1469 541 1869 621 GESTAE

447 784 889 883 SANCTl
974 785 1400 884 CAROLl
1496 786 2114 886 BORROMEl

854 1023 916 1086 S.
972 1024 1046 1087 R.
1106 1024 1174 1087 E.
1231 1023 1735 1099 CARDINALIS,

15 1114 27 1283 l
112 1164 349 1230 TITULI
401 1167 467 1230 S.
528 1165 969 1240 PRAXEDIS,
1023 1167 1122 1229 ET
1172 1166 1792 1233 ARCHIEPlSCOPl
1843 1168 2489 1235 MEDIOLANENSIS

17 1372 248 1471 {CABOLO
284 1398 322 1442 A
370 1395 900 1454 nalelcapssTm,
956 1396 1339 1444 PRAEPOSITO
1396 1398 1701 1446 GENERAL!
1763 1399 2298 1448 CONGREGATlONlS
2355 1403 2562 1450 CLEM-

153 1502 340 1551 comm
397 1503 826 1551 REGULAMUM
873 1503 1093 1551 SANCTI
1156 1501 1381 1562 PAULI,
1449 1504 1682 1552 POSTEA
1730 1507 2025 1555 Episcopo
2073 1509 2453 1557 NOVARlENSl
2502 1489 2556 1568 ῃ,

155 1608 438 1655 AUCTORE-

17 1630 20 1691 l

17 1716 20 1845 l
983 1805 1223 1870 LIBER
1271 1806 1605 1871 PRIMUS.

15 1854 29 2027 l
114 1941 147 2027 ἐ
185 1947 249 2014 1.
303 1948 723 2013 Borromeae
758 1944 983 2032 gentis
1030 1944 1531 2031 antiquitatem,
1589 1958 1710 2015 aut
1756 1946 2218 2036 splendorem,
2260 1973 2391 2021 non
2434 1967 2557 2035 est,

52 2031 436 2130 utaquidem
497 2033 865 2112 existim0‚
925 2056 1051 2102 cur
1101 2034 1227 2103 hoc
1279 2033 1425 2103 loco
1473 2033 1946 2105 demonstrare
1994 2059 2234 2107 coner:
2294 2063 2447 2110 nam
2500 2057 2565 2113 et

56 2129 184 2190 ntis
218 2142 330 2209 per
378 2144 453 2190 se
500 2135 672 2190 nota
725 2142 830 2190 res
877 2134 1002 2202 est;
1044 2135 1108 2192 et
1136 2144 1214 2191 ea
1253 2145 1419 2192 cura
1471 2144 1714 2212 parum
1758 2127 2121 2194 convenire
2169 2128 2434 2198 videtur
2481 2132 2564 2201 de

60 2205 362 2282 flammeo
399 2210 528 2279 illo
584 2210 942 2294 scribenti,
1026 2211 1095 2280 ui
1147 2210 1541 2280 admirabili
1590 2212 1888 2298 quadam
1941 2214 2294 2286 christiani
2348 2220 2563 2287 animi

58 2291 433 2378 ffimdine,
498 2300 721 2380 fluxa,
776 2311 839 2368 et
886 2233 1147 2370 caguca
1194 2300 1427 2369 omnia
1474 2301 1690 2386 hujus
1739 2302 1908 2371 vitae
1957 2318 2358 2374 ornamenta
2406 2329 2562 2376 con·

15 2352 297 2480 lwmpsit.
354 2393 450 2458 De
502 2388 667 2478 ejus
719 2409 873 2458 vero
926 2388 1324 2478 parentibus
1373 2389 1632 2477 aliquid
1684 2403 1784 2460 est
1833 2391 2336 2484 attingendum;
2376 2409 2450 2466 ut
2490 2396 2559 2465 in

15 2472 115 2628 *iis
148 2494 183 2544 a
229 2499 501 2556 noscaS,
546 2475 739 2564 quod
792 2477 1123 2547 divinitus
1173 2478 1495 2547 traditum
1541 2491 1677 2548 est:
1734 2493 2070 2570 parentes,
2106 2486 2226 2569 qui
2266 2485 2554 2573 justam,

34 2560 191 2657 simp
220 2565 542 2653 icemque
602 2566 805 2634 vitam
858 2579 1095 2655 agunt,
1142 2567 1373 2635 beatos
1410 2566 1792 2654 relinquere
1841 2570 2042 2639 filios.
2091 2573 2406 2643 Gibertus
2438 2574 2564 2664 igi-

17 2662 137 2720 !tur
168 2655 463 2725 Federici
520 2653 724 2723 silius
779 2659 1230 2734 Borromeus,
1287 2656 1850 2739 MediolanensiS,
1917 2682 2058 2727 una
2119 2684 2275 2730 cum
2345 2662 2563 2733 tribus

17 2734 349 2824 iratribus,
405 2743 626 2812 Julio
654 2747 955 2820 Caesare,
1004 2745 1385 2824 Francisc0,
1423 2758 1487 2814 et
1520 2746 1840 2833 Dionysio
1888 2754 2144 2817 Arenae
2194 2756 2452 2831 Comes,
2492 2753 2559 2821 in

50 2848 112 2895 ea
146 2846 315 2919 parte
364 2832 675 2901 ditionis
708 2831 1254 2913 Mediolanensis‚
1284 2855 1459 2920 quae
1489 2846 1590 2902 est
1637 2835 1816 2904 circa
1869 2836 2248 2906 Verbanum
2303 2840 2555 2920 lacum,

56 2930 266 3003 praeter
309 2926 626 2990 Aronam
685 2920 944 3007 ipsam,
1002 2922 1220 2999 vicos,
1286 2922 1701 3009 castellaque
1764 2924 1979 2993 multa
2031 2927 2268 2996 habuit
2317 2930 2384 2996 in
2439 2951 2565 2999 sua

58 3014 350 3091 potoetate.
413 3016 487 3079 Is
547 3009 860 3078 Carolum
918 3011 1092 3079 inter
1121 3010 1314 3091 aiios,
1356 3010 1438 3079 de
1470 3032 1608 3097 quo
1647 3013 1943 3081 scribere
1983 3014 2434 3097 instituimuS,
2484 3040 2564 3087 ex

50 3095 129 3161 fla
198 3100 367 3167 arita
421 3098 767 3185 suscepit,
808 3120 1037 3167 sorore
1072 3097 1171 3167 Pii
1220 3100 1450 3181 Quarti
1490 3105 1679 3169 Pont.
1741 3106 1909 3169 Max.
1963 3114 2027 3171 et
2067 3110 2264 3174 Joan.
2318 3107 2564 3175 Jacobi

44 3184 96 3249 it
168 3187 310 3268 icis,
371 3186 585 3255 illius
614 3186 979 3257 clarissimi
1012 3186 1383 3266 bellatoris,
1423 3189 1625 3278 cujus
1655 3211 1758 3258 res
1807 3202 2032 3279 gestae
2074 3214 2393 3283 magnam
2428 3195 2564 3263 fere

39 3273 195 3359 apud
234 3297 490 3344 omnes
540 3279 850 3365 Europae
901 3277 1206 3346 nationes
1261 3276 1512 3347 liabent
1558 3277 2077 3347 admirationem
2090 3330 2221 3348 .....

73 3398 93 3419 ¹
117 3397 313 3447 caroius,
339 3404 429 3451 qui
460 3402 711 3441 Francisci
740 3412 923 3444 nomen.
950 3404 999 3442 in
1028 3404 1274 3451 baptismo,
1304 3405 1496 3451 accepit.
1528 3402 1797 3449 Mediolani.
1829 3414 1955 3444 anno
1988 3407 2101 3451 1550,
2133 3405 2425 3445 nobilissimo
2461 3408 2564 3448 loco

32 3454 148 3493 utus
173 3458 258 3494 est.
287 3458 424 3500 cum,
454 3454 636 3503 Ticini,
657 3453 782 3503 juris
812 3456 1018 3495 lauream
1047 3456 1346 3501 obtinuisset,
1380 3458 1646 3502 Mediolani.
1675 3459 1723 3497 in
1753 3460 2006 3498 Doctorum
2035 3456 2289 3508 Collegium
2310 3462 2563 3507 cooptatus

34 3502 119 3542 init.
144 3504 307 3548 Verum
336 3509 580 3559 profanae
614 3510 737 3549 vitae
766 3514 813 3549 et
841 3508 1192 3550 exercitationis
1216 3510 1605 3558 jurisperitorum
1627 3512 1837 3559 pericula
1856 3510 2040 3557 timens,
2060 3514 2102 3552 S.
2126 3513 2291 3552 carolo
2313 3514 2563 3556 Borromeo

32 3565 117 3597 sese
142 3561 348 3607 tradidit,
377 3563 518 3611 apud
546 3572 655 3601 eum
684 3573 993 3607 commorans.
1022 3563 1103 3613 qni
1134 3565 1288 3612 ipsum
1325 3571 1372 3602 et
1401 3565 1665 3604 sacerdotio
1695 3562 1938 3613 insignivit
1968 3568 2016 3604 et
2035 3563 2257 3606 ecclesiae
2279 3567 2564 3608 cathedralis

31 3614 277 3655 canonicum
305 3617 463 3666 etegit
495 3618 640 3663 atque
668 3618 722 3655 ut
748 3614 993 3657 historiam
1021 3614 1390 3657 ecclesiasticam
1417 3618 1680 3666 impensius
1699 3619 1890 3663 coleret.
1909 3617 2131 3659 excitavit
2149 3620 2565 3669 inflammavitque.

30 3664 139 3703 Anno
164 3669 278 3712 1558.
306 3670 359 3708 in
389 3669 693 3710 clericorum
722 3668 1026 3717 Regularium
1055 3671 1100 3710 S.
1135 3669 1281 3713 Pauli.
1313 3671 1395 3719 qui
1427 3672 1475 3710 et,
1511 3672 1780 3711 Barnabteae
1798 3674 2042 3717 vocantur,
2060 3673 2232 3713 Ordine
2253 3674 2486 3713 conscribi
2507 3685 2563 3715 ac

34 3716 177 3759 deinde
202 3724 329 3761 votis
363 3719 671 3762 solemnibus
704 3723 814 3762 huic
842 3733 893 3763 se
921 3725 1153 3764 devovere
1172 3723 1719 3774 pettinimpetravitqne.
1740 3726 1854 3765 Oum
1878 3728 2050 3771 autern,
2066 3724 2307 3775 religionis
2332 3726 2488 3773 causa,
2509 3729 2566 3769 de

32 3780 153 3818 more,
175 3771 218 3815 ei
246 3785 425 3816 nomen
455 3777 743 3816 mutandum
778 3778 920 3827 esset,
956 3778 1076 3817 illud
1112 3779 1262 3817 Caroli
1292 3775 1383 3817 sibi
1416 3779 1591 3826 imponi
1623 3780 1819 3823 curavit,
1849 3780 1905 3818 ad
1928 3789 2064 3819 suum
2086 3790 2289 3820 amorem
2311 3783 2358 3819 et
2379 3786 2564 3829 gratum

34 3833 218 3868 inunum
246 3839 360 3878 erga
391 3835 587 3868 tantum
618 3832 868 3877 patronum
896 3841 948 3869 ac
967 3834 1146 3880 patrem
1168 3832 1453 3871 testandum.
1478 3832 1709 3871 Universo
1732 3834 1802 3870 sui
1825 3829 1986 3871 Ordini
2008 3834 2080 3872 ter
2099 3834 2316 3881 praefuit.
2337 3836 2469 3872 Anno
2489 3836 2564 3875 de-

32 3888 136 3919 mum
162 3883 264 3921 1593
294 3893 322 3922 a
351 3884 610 3923 Clemente
640 3884 717 3931 Pp.
758 3884 865 3923 vm
894 3886 1151 3933 Episcopus
1173 3882 1476 3925 Novariensis
1499 3886 1652 3924 sactus
1675 3883 1779 3924 ruit.
1803 3886 2016 3925 Decessit
2035 3895 2155 3925 anno
2176 3888 2292 3928 1616.
2316 3887 2368 3926 In
2387 3889 2565 3935 episco-

30 3936 134 3978 patu,
157 3935 199 3974 8,
232 3933 389 3975 Caroli
420 3933 672 3975 Borromei
699 3937 906 3977 virtutes
940 3939 1126 3987 egregie
1157 3938 1419 3977 aemulatus
1449 3940 1539 3978 ost.
1571 3939 1831 3978 Ecclesiam
1864 3947 2000 3977 suam
2026 3948 2246 3985 praesens
2276 3950 2461 3988 semper
2485 3943 2564 3982 ad·

32 3985 305 4034 ministravit.
335 3990 546 4036 excepto
576 3986 731 4028 solum
760 3988 985 4037 temporis
1015 3991 1181 4038 spatto.
1212 4000 1305 4039 quo
1332 3992 1529 4030 Romam
1567 3991 1626 4031 ob
1645 3992 1810 4039 gravia
1829 3992 2015 4039 negotia
2032 4001 2083 4030 se
2105 3993 2320 4032 contulit.
2342 3993 2405 4033 Ut
2425 3995 2467 4033 S.
2490 3996 2568 4036 Ca·

34 4039 141 4078 tolus
167 4043 293 4083 inter
321 4044 534 4082 sanctos
562 4043 920 4087 adscisceretur.
945 4043 1082 4082 valde
1116 4044 1418 4084 adlaboravit.
1454 4044 1727 4083 sanctitatis
1754 4047 1803 4083 et
1831 4044 2069 4083 doctrinae
2099 4047 2204 4093 ejus
2233 4044 2380 4095 plura,
2401 4045 2569 4089 eximia

36 4099 140 4136 une,
166 4099 486 4135 monumenta
514 4097 692 4135 extant.
712 4096 771 4135 Ut
798 4097 855 4135 de
874 4097 1073 4136 caeteris
1096 4093 1241 4145 ipsius
1265 4097 1457 4145 scriptis
1475 4100 1670 4141 taceam,
1689 4097 1777 4136 hac
1796 4098 1840 4136 S.
1865 4097 2018 4135 Caroli
2039 4098 2143 4137 Vita
2163 4098 2302 4140 aliam
2322 4100 2568 4148 perfectio-

36 4153 135 4199 n'em.
159 4150 259 4187 sive
286 4150 421 4197 quod
455 4150 690 4189 orationis
719 4150 892 4189 latinae
918 4149 1175 4199 puritatem
1208 4154 1618 4199 venustatemque.
1651 4149 1750 4191 sive
1777 4151 1903 4199 quod
1923 4152 2207 4192 narrationis
2227 4151 2478 4193 veritatem
2499 4157 2570 4193 at·

38 4200 151 4243 tinet.
175 4198 252 4241 vix
283 4202 508 4250 profecto
541 4203 765 4250 reperies.
797 4204 861 4242 Ex
896 4213 951 4243 ea
968 4205 1200 4243 Romanae
1219 4205 1367 4243 Rotae
1384 4205 1411 4241 J
1416 4205 1572 4243 udices
1596 4205 1824 4245 articulos
1844 4204 2235 4251 deprompserunt
2255 4209 2310 4246 ad
2331 4208 2445 4246 Acta
2464 4216 2571 4246 con-

40 4253 217 4293 uerenda
244 4252 292 4293 in
322 4255 552 4303 ejusdem
582 4255 627 4295 8.
662 4254 815 4295 Caroli
843 4255 1211 4298 canonizatione.
1249 4259 1405 4305 Ipsam
1434 4267 1574 4306 porro
1607 4256 1807 4298 summis
1828 4256 2045 4295 laudibus
2066 4256 2276 4299 extulere
2297 4260 2573 4299 cardinales

40 4301 278 4347 fridericus
307 4308 625 4352 Bon-omens,
654 4313 702 4347 et
730 4306 984 4355 Paleottus.
1014 4311 1057 4352 8.
1091 4311 1373 4350 Franciscus
1403 4311 1630 4357 salesius,
1662 4313 1880 4354 Rutenis,
1913 4309 2240 4360 merlo—Horat,
2284 4310 2574 4352 possevinus

42 4355 186 4407 aliique
212 4361 587 4410 quamplurimi.
618 4361 713 4400 Nos
739 4371 849 4402 vero
867 4362 1010 4414 piget.
1027 4361 1291 4407 brevitatis,
1312 4373 1405 4411 qua
1424 4366 1694 4410 premimur,
1713 4361 1870 4406 causa,
1894 4362 2127 4409 integram
2159 4362 2233 4403 hio
2253 4366 2432 4405 reterre
2454 4374 2576 4406 eam.

44 4417 115 4499 ἓξ
140 4423 286 4459 posse.
310 4435 365 4443 -
386 4415 670 4455 Notandum
705 4417 791 4463 est,
816 4416 960 4465 hujus
994 4415 1219 4457 historiae
1259 4417 1687 4464 interpunctionem
1728 4413 2073 4465 aliquantisper
2110 4417 2247 4457 nobis
2281 4416 2577 4458 emendatum

98 4474 164 4503 §Ee
812 4486 817 4493 ·
