2993 4837
529 337 656 401 302
1304 355 1383 399 nn
1432 353 1487 399 S.
1543 351 1869 400 Lnolvitano
1920 352 2104 400 comt.
2689 333 2833 399 NOV.
2873 335 2904 398 6

440 438 828 538 Remigium
882 438 1292 527 Episcopum
1332 437 1746 506 imitandum
1781 458 1852 505 se
1892 437 2202 506 contulit.
2241 437 2448 525 Cujus
2479 435 2782 504 salutares
2817 435 2904 503 ad·

440 527 850 595 monitiones
899 548 1030 596 non
1086 525 1297 595 surda
1344 526 1725 616 accipiebat
1769 546 1976 605 aure,
2037 525 2149 594 sed
2191 537 2263 594 ut
2301 525 2578 594 futurus
2624 523 2785 593 verbi
2823 524 2906 593 Dei

440 615 813 684 seminator
846 670 860 696 ,
916 615 984 683 in
1039 615 1330 704 pectoris
1385 615 1493 683 sui
1543 615 1842 683 armario
1892 614 2322 682 recondebat.
2380 613 2546 682 Inde
2585 626 2720 691 est,
2773 611 2904 698 quod

435 702 1017 790 quemadmodum
1074 704 1311 773 beatus
1362 703 1718 793 Remigius
1765 702 1928 771 olim
1972 725 2011 771 a
2056 704 2378 771 Franciae
2419 702 2711 791 Regibus
2745 701 2906 790 impe·

439 803 694 872 trarat,
752 805 826 861 ut
885 793 1152 880 quoties
1200 791 1622 862 Rhemorum
1670 790 1705 825 ⁴⁸
1754 791 1990 860 urbem
2057 804 2175 860 aut
2232 792 2783 880 ingrederentur,
2824 802 2905 857 aut

437 881 905 971 praeterirent,
945 881 1192 970 captivi
1229 902 1469 950 omnes
1502 904 1536 947 e
1577 879 1874 950 vinculis
1902 891 1967 948 et
1998 880 2392 950 carceribus
2430 878 2904 947 dimitterentur:

434 969 614 1056 quod
674 969 950 1056 quidem
1010 969 1349 1056 hodieque
1403 968 1844 1039 observatur:
1898 969 1990 1037 ita
2040 968 2198 1037 boni
2253 968 2560 1058 magistri
2611 968 2810 1036 bonus
2840 965 2910 1033 di-

437 1058 752 1159 scipulus
801 1058 1193 1127 Leonardus
1240 1080 1279 1126 a
1323 1063 1502 1147 Rege
1533 1057 1780 1127 obnixe
1829 1057 2042 1146 petiit,
2096 1071 2171 1125 ut
2211 1057 2278 1124 in
2317 1056 2593 1125 vincula
2627 1054 2908 1142 conjectis,

434 1147 493 1216 si
547 1168 691 1237 ipse
730 1168 842 1216 eos
878 1147 1217 1227 inviseret,
1276 1145 1488 1215 libera
1539 1158 1837 1236 potestas
1877 1146 2066 1215 fieret
2091 1144 2535 1215 abscedendi.
2575 1149 2844 1230 Cumque
2865 1142 2914 1211 id

436 1257 476 1304 a
524 1240 703 1327 Rege
741 1235 1170 1315 obtinuisset,
1226 1235 1647 1321 ubicumque
1694 1235 2029 1323 comperit
2076 1235 2338 1304 vinctos
2386 1234 2456 1302 in
2510 1255 2768 1302 carcere
2795 1231 2918 1298 deti-

388 1405 393 1409 ·
435 1325 607 1406 neri,
640 1346 1075 1414 summopere
1104 1346 1219 1394 eos
1256 1323 1418 1392 inde
1454 1323 1807 1393 extrahere
1847 1323 2247 1392 conabatur.
2286 1323 2559 1393 Sciebat
2589 1323 2761 1391 enim
2790 1319 2911 1389 illud

436 1412 695 1481 dictum
731 1435 767 1480 a
806 1412 1144 1482 Salvatore
1171 1435 1184 1479 :
1221 1417 1301 1481 In
1332 1435 1598 1481 carcerc
1626 1434 1836 1492 eram,
1874 1423 1935 1481 et
1961 1413 2234 1481 venistis
2264 1413 2354 1481 ad
2382 1434 2489 1481 me
2516 1406 2910 1501 (Manlum,

435 1513 520 1582 et,
578 1502 762 1585 Quod
805 1504 932 1570 uni
973 1525 1063 1571 eae
1107 1502 1404 1570 minimis
1449 1503 1615 1570 meis
1659 1503 1937 1590 fecistis,
1990 1501 2165 1569 mihi
2203 1503 2480 1590 fecistis.

524 1591 559 1677 ξ
596 1594 683 1659 2.
717 1590 1069 1659 Crescebat
1102 1590 1371 1658 interim
1416 1603 1549 1658 tota
1583 1588 1801 1659 Gallia
1825 1587 2009 1659 fama
2042 1590 2309 1658 virtutis
2342 1590 2521 1679 ejus,
2558 1587 2736 1676 quod
2770 1582 2910 1654 multi

436 1677 874 1747 incommoda
921 1678 1142 1747 affecti
1192 1678 1630 1759 valetudine,
1687 1678 1770 1747 ad
1822 1700 1978 1748 eum
2032 1678 2502 1759 confluerent,
2561 1691 2626 1746 et
2672 1675 2803 1747 sani
2849 1692 2914 1742 re·

436 1778 879 1846 verterentur,
936 1788 1256 1857 corporea
1298 1780 1361 1836 et
1396 1766 1687 1857 spiritali
1724 1767 1810 1836 ab
1843 1788 1920 1835 eo
1953 1766 2284 1836 alimonia
2330 1767 2643 1837 recreati.
2694 1760 2914 1834 Eratvir

437 1855 552 1924 Dei
602 1853 827 1924 alacer
874 1856 939 1923 in
994 1855 1437 1937 exhortando,
1491 1856 1723 1924 suavis
1771 1869 1974 1943 atque
2023 1855 2310 1927 humilis
2367 1857 2438 1923 in
2491 1875 2833 1930 sermone,
2869 1849 2914 1917 iu

436 1943 702 2013 actione
751 1943 1040 2035 simplex
1089 1957 1153 2014 et
1194 1944 1542 2034 pudicuS,
1607 1945 1673 2012 in
1733 1944 2093 2034 promissis
2144 1966 2363 2024 verax,
2423 1945 2489 2013 in
2536 1938 2912 2027 eleemosynis

438 2031 672 2122 largus
710 2045 774 2101 et
817 2033 1227 2103 munificus:
1285 2034 1353 2101 in
1407 2032 1757 2102 reddenda
1806 2033 2065 2102 ratione
2117 2033 2507 2112 modestuS,
2567 2045 2764 2119 atque
2802 2027 2916 2098 adeo

436 2121 659 2190 tenuis
691 2134 756 2190 et
794 2123 1206 2202 submissuS,
1261 2134 1336 2191 ut
1385 2143 1518 2190 non
1557 2121 1817 2190 familia
1856 2121 2092 2202 nobili,
2132 2121 2246 2191 sed
2292 2122 2757 2212 abjectissima
2780 2131 2914 2187 ortus

436 2209 647 2279 videri
692 2222 938 2301 posset.
978 2212 1141 2301 Ejus
1181 2210 1364 2280 fama
1405 2222 1754 2300 permotus
1788 2211 2110 2279 Franciae
2144 2216 2303 2290 Rex,
2345 2210 2673 2279 honestos
2703 2208 2776 2277 ad
2803 2224 2916 2275 eunt

434 2298 692 2389 legatos
726 2299 935 2381 misit,
967 2300 1086 2387 qui
1118 2322 1271 2368 eum
1309 2299 1743 2378 accersirent,
1777 2299 2006 2386 aitque
2038 2299 2328 2369 venienti
2363 2298 2445 2368 ad
2478 2321 2589 2368 se:
2632 2300 2912 2367 «Obsecro

438 2401 519 2468 te,
564 2388 666 2457 vir
704 2388 819 2457 Dei
860 2388 1227 2468 Leonarde,
1264 2400 1509 2458 utnon
1556 2388 1832 2458 recedas
1880 2387 2133 2479 palatio
2185 2409 2355 2468 mec,
2401 2387 2627 2458 donec
2666 2387 2754 2457 sis
2799 2402 2922 2474 pon-

436 2476 668 2557 tificia,
707 2488 784 2546 ut
813 2478 1069 2567 dignus
1095 2500 1190 2558 eS,
1229 2476 1581 2547 functione
1621 2490 1928 2546 ornatuS.
1966 2501 2000 2545 »
2032 2483 2188 2547 Erat
2218 2477 2401 2546 enim
2429 2478 2582 2567 jam
2624 2478 2689 2545 in
2718 2475 2916 2568 olet-unt

436 2564 764 2647 adscituS,
801 2566 1109 2636 moribus
1143 2565 1430 2636 humilis
1459 2578 1525 2635 et
1561 2580 1984 2636 mansuetus.
2021 2565 2394 2655 Respondit
2425 2567 2531 2634 vir
2557 2567 2805 2635 beatus:
2831 2562 2916 2626 «Si

438 2675 623 2722 more
651 2654 989 2723 ma‘orurn
1035 2676 1342 2724 meorum
1373 2655 1677 2756 Regibus
1713 2655 2032 2724 Franciae
2070 2655 2362 2723 militare
2403 2655 2792 2732 voluissem,
2823 2667 2912 2747 non

435 2740 696 2822 dubim,
791 2744 1019 2812 omine
1052 2744 1146 2811 mi
1183 2749 1341 2823 Rex,
1387 2765 1554 2831 quin
1604 2744 1672 2812 in
1719 2744 1970 2833 palatio
2007 2755 2120 2812 tuo
2166 2765 2297 2812 non
2351 2743 2684 2812 mediocri
2732 2741 2913 2809 suenm

436 2828 583 2898 loco
632 2831 999 2920 potiturus
1056 2831 1183 2902 Sed
1224 2833 1387 2918 quia
1429 2832 1656 2922 potius
1706 2832 1881 2923 elegi
1929 2832 2234 2920 abjectus
2291 2832 2545 2901 servire
2600 2837 2726 2901 Deo
2772 2848 2910 2900 meo,

432 2939 639 3004 quam
683 2920 752 2987 in
790 2918 934 2989 loco
970 2920 1254 2991 sublimi
1311 2922 1563 2991 servire
1611 2921 1771 3010 Regi
1832 2934 2133 3001 terreno,
2195 2943 2333 3001 eas,
2387 2943 2565 3007 quas
2616 2919 2776 2987 mihi
2813 2932 2916 3010 pro:

435 3007 670 3107 mittiS,
722 3008 1088 3099 dignitates
1126 3022 1191 3078 et
1232 3008 1486 3079 infulas
1537 3009 1638 3079 lar
1690 3010 1787 3079 ire
1846 3010 1982 3079 illis
2032 3010 2152 3097 qui
2192 3032 2305 3078 eas
2355 3022 2733 3098 appetunt:
2798 3000 2920 3072 mibi

432 3107 599 3166 satis
628 3109 751 3177 est,
798 3099 853 3166 si
893 3098 1089 3167 liceat
1128 3099 1195 3166 in
1242 3098 1611 3168 solitudine
1678 3098 1934 3168 andare
1970 3104 2175 3168 Deum
2214 3110 2278 3167 et
2312 3099 2680 3168 Dominum
2720 3111 2912 3162 meum.

430 3189 560 3254 Nec
589 3197 809 3255 tamen
837 3186 965 3256 hoc
1001 3187 1091 3257 ita
1118 3187 1335 3276 accipi
1368 3186 1595 3268 velim,
1635 3188 2070 3257 serenissime
2094 3191 2252 3267 Rex,
2289 3187 2485 3274 quasi
2515 3180 2915 3255 execrandum

434 3274 520 3343 sit
555 3274 871 3365 Episcopi
910 3298 1165 3345 munus
1208 3275 1368 3356 iltis,
1408 3278 1528 3363 qui
1575 3275 1676 3345 illi
1727 3277 2045 3347 obeundo
2094 3289 2254 3345 sunt
2294 3275 2520 3344 idonei
2558 3301 2571 3342 :
2628 3273 2740 3343 sed
2784 3261 2915 3369 quod

430 3363 600 3431 mihi
637 3366 856 3454 magis
896 3364 1103 3434 libeat
1131 3364 1477 3452 abjectum
1512 3386 1661 3434 esse
1696 3366 1762 3433 in
1810 3364 2013 3444 domo
2056 3365 2169 3434 Dei
2216 3363 2372 3444 mei,
2412 3386 2621 3452 quam
2669 3361 2918 3431 habitare

430 3451 496 3519 in
531 3452 711 3521 aulis
753 3458 1013 3544 Regum
1050 3465 1115 3522 et
1148 3453 1545 3543 principum
1583 3453 1826 3523 mundi
1872 3454 2104 3542 hujus.
2143 3476 2179 3519 »

520 3548 556 3621 ἓ
606 3545 695 3612 3.
753 3546 855 3611 Ita
911 3564 1072 3632 ergo
1114 3541 1500 3633 posthabito
1549 3541 1905 3632 dignitatis
1956 3555 2260 3611 terrenae
2291 3541 2563 3632 fastigio
2611 3536 2782 3628 quod
2823 3538 2920 3603 Rex

428 3629 774 3713 offerebat,
816 3643 1163 3718 tamquam
1218 3631 1442 3699 fidelis
1490 3631 1791 3721 agricola
1835 3632 2113 3700 verbum
2169 3631 2283 3700 Dei
2334 3632 2708 3710 seminans,
2756 3631 2918 3719 Aure-⁰

430 3716 593 3786 liam
635 3717 701 3754 ⁸*
738 3720 1065 3809 pervenit,
1120 3720 1532 3807 inventoque
1575 3720 1753 3788 baud
1801 3719 2039 3809 procul
2080 3732 2261 3789 extra
2312 3720 2553 3789 urbem
2608 3705 2920 3808 venerabili

429 3807 576 3877 viro
618 3808 987 3878 Maximino
1036 3809 1398 3888 monachO,
1453 3807 1865 3896 aliquandiu
1895 3808 2077 3899 apud
2123 3808 2318 3877 illum
2375 3820 2677 3877 moratus
2704 3803 2920 3899 est-01·

427 3896 585 3965 vina
635 3910 861 3967 autem
918 3897 1324 3967 revelatione
1357 3898 1778 3976 admonitus,
1835 3899 1993 3967 inde
2029 3897 2373 3978 recedens,
2421 3898 2487 3965 in
2539 3894 2914 3981 Aquitaniam

426 3985 772 4073 profectus
825 3999 948 4056 est.
1002 3991 1309 4074 Cumque
1377 3999 1612 4055 sancto
1663 3987 2006 4076 Liphardo
2067 3986 2260 4056 fratri
2309 4006 2457 4066 suo,
2510 3985 2631 4072 qui
2678 3980 2835 4077 fidus
2869 3991 2912 4038 e!

426 4094 655 4144 eomes
707 4075 952 4157 suerat,
994 4097 1142 4144 eam
1199 4073 1673 4145 revelationem
1732 4075 2148 4157 indicasset,
2201 4096 2406 4143 orans
2447 4086 2522 4142 ut
2553 4090 2769 4141 secum
2801 4071 2911 4135 trel.

424 4160 666 4234 beatus
702 4163 1090 4256 Liphardus
1143 4163 1541 4255 respondit:
1598 4187 1633 4230 «
1677 4165 2033 4250 Equidem,
2078 4163 2172 4233 mi
2211 4163 2437 4244 frater,
2495 4161 2623 4230 nisi
2665 4156 2772 4227 tibi
2814 4168 2913 4220 mo·

429 4248 680 4320 lestum
745 4266 884 4335 est,
947 4254 1058 4322 hic
1115 4253 1299 4343 apud
1352 4252 1647 4343 Ligerim
1696 4253 1801 4288 ’Μ
1857 4254 2029 4322 mihi
2077 4251 2515 4323 commodum
2573 4256 2910 4319 construam

480 4411 503 4431 θ
537 4411 696 4451 Βεὼρ.
1767 4415 1821 4442 *θ’*
1855 4415 2054 4456 oncant.

482 4464 563 4493 *¹2*
594 4465 738 4510 Leire,
759 4466 1015 4507 Galliarum
1034 4469 1224 4508 flumen·
