2993 4837
540 288 668 351 268
1298 304 1374 349 ΒΕ
1422 304 1479 350 s.
1531 298 1771 350 canoto
1820 300 2153 349 consono
2700 281 2843 347 NOV.
2879 284 2932 348 t*

451 388 730 478 alpibus
794 387 1189 457 viciniorem
1260 386 1600 476 singulari
1655 385 2007 487 vigilantia
2055 383 2528 466 custodiebat;
2581 383 2754 453 locus
2799 405 2910 452 vero

449 491 552 546 est
597 476 684 546 ob
736 476 1043 565 proxima
1096 474 1415 565 pluribus
1448 497 1530 544 ex
1571 476 1882 565 partibus
1969 472 2251 554 erieula‚
2306 473 2472 544 satis
2520 484 2910 562 opportunus:

451 587 607 634 nam
659 577 725 634 et
773 564 1064 634 Romani
1114 569 1568 654 Imperatores
1614 564 1793 633 hanc
1841 586 1927 633 ur
1977 585 2084 633 em
2118 617 2133 644 ,
2185 562 2385 649 quasi
2442 561 2675 632 Italiae
2725 582 2916 650 propu-

449 652 826 744 gnaculum
859 707 874 734 ,
927 666 1162 723 contra
1214 653 1525 721 nationes
1575 651 2039 741 transalpinas
2103 650 2518 740 quandoque
2575 650 2914 719 habuerunt.

448 742 540 812 Ad
579 741 997 831 Subalpinae
1032 741 1329 832 regionis
1368 741 1778 820 custodiam,
1831 752 2169 827 quantum
2218 740 2369 829 ejus
2413 738 2721 818 consilia,
2765 752 2922 824 atque

451 831 753 900 actiones
803 830 1159 911 valuerint,
1217 829 1425 917 hujus
1475 829 1631 909 loci,
1688 829 1789 898 vel
1842 828 2170 918 temporis
2201 850 2336 898 non
2377 841 2478 897 est
2513 828 2843 916 explicare.
2915 828 2916 831 ’

447 918 610 1007 quid
666 919 921 1007 ubique
970 931 1104 989 toto
1151 918 1278 987 hoc
1328 930 1551 987 tractu
1598 918 1892 1011 oriretur
1942 918 2153 1006 hujus
2199 917 2472 1007 generis
2513 914 2914 991 incommodi,

454 1007 871 1097 providebat,
927 1013 1212 1077 Romam
1269 1006 1682 1088 nunciabat;
1739 1028 1896 1076 nam
1941 1006 2037 1095 pii
2083 1017 2150 1075 et
2182 1005 2481 1095 religiosi
2516 1005 2643 1074 viri
2688 1027 2759 1072 ex
2784 1000 2929 1072 omu‘

453 1109 641 1187 parte
688 1096 771 1166 ad
823 1119 982 1166 eum
1035 1096 1492 1183 potissimum,
1545 1116 2024 1183 quaecumque
2063 1094 2471 1173 acciderent,
2521 1106 2839 1177 tamquam
2873 1093 2929 1158 .·ιῖ’

450 1207 675 1256 rerum
714 1184 1133 1264 divinarum,
1183 1183 1732 1271 salutariumque
1781 1183 2385 1283 vigilantissimum
2421 1181 2791 1259 custodem,
2823 1202 2855 1267 p
2888 1209 2909 1232 ι-

448 1287 969 1360 curatoremque
1030 1272 1640 1363 diligentissimum
1693 1294 1926 1342 omnia
1988 1270 2405 1340 deferebant.
2468 1276 2640 1340 Cum
2691 1268 2838 1338 milit
2888 1297 2908 1328 ιι

449 1368 943 1433 Germanorum
995 1361 1305 1431 cohortes
1357 1360 1763 1441 nonnullae,
1819 1360 2036 1431 donec
2084 1360 2219 1430 alio
2268 1373 2715 1438 vocarentur,
2759 1379 2907 1427 essa-

450 1451 516 1520 in
567 1450 859 1521 dioecesi
906 1449 1323 1531 collocatae,
1383 1449 1755 1519 multorum
1821 1449 1912 1518 im
1973 1450 2235 1519 ietatem
2288 1470 2368 1517 ex
2438 1446 2736 1537 publicis
2783 1442 2896 1514 sact‘

449 1538 865 1629 quibusdam
918 1539 1278 1619 odoratus,
1332 1560 1411 1608 eo
1453 1539 1634 1607 venit
1683 1538 1875 1626 ipse,
1960 1538 2276 1607 icentiam
2331 1537 2681 1625 repressit,
2731 1539 2925 1605 Gai-2

454 1641 753 1698 natorem
809 1628 1118 1708 monuit,
1187 1626 1443 1697 litteras
1502 1627 1584 1696 ad
1650 1626 2047 1716 Philippum
2119 1632 2367 1715 Regem
2420 1624 2658 1705 dedit,
2728 1622 2894 1692 malu

449 1739 762 1787 aversum
820 1729 943 1785 est.
996 1716 1445 1806 Apostolicam
1500 1721 1877 1785 Romanam
1929 1716 2166 1785 Sedem
2221 1735 2497 1785 summo
2547 1733 2807 1801 semper
2844 1712 2891 1777 li·

449 1827 611 1875 nore
660 1817 1040 1885 veneratus,
1107 1803 1261 1893 ejus
1308 1804 1752 1894 dignitatem,
1806 1804 2415 1889 auctoritatemque
2477 1801 2853 1891 religiosissi
2882 1827 2901 1856 ι-

451 1894 621 1963 tueri
678 1893 978 1974 studuit,
1038 1907 1103 1962 et
1158 1915 1366 1983 propa
1419 1915 1557 1962 are.
1626 1891 2026 1982 Apostolicis
2088 1891 2431 1961 mandatis
2492 1886 2919 1978 suscipiend‘

451 1982 997 2073 promulgandiS,
1068 2003 1368 2068 exequen
1429 1982 1521 2063 is,
1580 1980 1748 2049 nihil
1801 1977 1985 2070 a'pud
2035 2002 2105 2049 se
2154 2001 2463 2066 unquam
2517 1980 2603 2048 ad
2661 1979 2905 2048 honor

447 2085 648 2159 atque
697 2071 1139 2141 reverentiam
1190 2092 1502 2139 summae
1551 2069 1744 2139 Sedis
1805 2069 2102 2139 debitam
2155 2069 2390 2138 deesse
2440 2068 2709 2147 voluit;
2761 2087 2919 2149 neq

446 2161 504 2229 si
543 2183 719 2250 opus
766 2159 938 2240 fuit,
996 2158 1464 2229 fortitudinem
1515 2181 1708 2226 suam
1766 2180 2009 2248 passus
2055 2171 2155 2227 est
2205 2158 2272 2225 in
2326 2157 2454 2227 hoc
2505 2178 2755 2247 genere
2792 2151 2894 2222 d-·'

444 2248 664 2319 derari
695 2273 710 2329 ;
747 2272 825 2319 ac
859 2248 1116 2317 litteras
1147 2247 1425 2334 quidem
1463 2246 1881 2337 Apostolicas
1912 2269 2070 2316 cum
2113 2247 2474 2334 acciperet,
2521 2258 2755 2335 aperto
2788 2242 2864 2343 pri
2897 2277 2907 2294 ι

445 2339 689 2428 capite,
736 2358 1069 2406 venerans
1142 2335 1606 2406 osculabatur.
1653 2335 1999 2423 Quidquid
2063 2337 2130 2404 in
2192 2334 2475 2425 privatis
2558 2333 2864 2425 publicisq
2920 2369 2923 2372 -

446 2428 650 2496 rebus
686 2450 818 2496 non
850 2427 1014 2497 satis
1039 2438 1299 2496 certum
1337 2424 1705 2506 incidebat,
1766 2424 2347 2495 considerandum
2384 2423 2867 2513 judicandumq

450 2521 733 2585 Romam
785 2514 1130 2584 deferebat
1168 2536 1460 2603 semper.
1517 2519 1701 2596 Quae
1741 2513 1865 2594 illi,
1906 2527 1982 2583 ut
2022 2512 2136 2583 tali
2177 2511 2506 2582 ecclesiae
2555 2510 2833 2581 Antistiti
2859 2529 2926 2601 i*⁸

449 2604 729 2673 niebant
776 2604 844 2672 in
883 2616 1203 2684 mentem,
1243 2624 1418 2689 quae
1452 2602 1534 2670 ad
1574 2603 1922 2672 meliorem
1964 2624 2190 2671 rerum
2242 2613 2496 2671 statum
2538 2607 2787 2671 Romae

445 2706 753 2792 oportere
790 2704 1077 2781 putaret,
1120 2714 1199 2760 ea
1236 2691 1736 2760 modestissime
1771 2691 2253 2781 suppeditabat
2288 2712 2304 2770 ;
2346 2690 2437 2779 pii
2476 2689 2790 2759 homines
2825 2685 2872 2774 pl

447 2781 626 2859 rimi,
694 2781 746 2848 si
793 2779 957 2867 quid
1022 2781 1274 2849 rectius
1337 2780 1614 2870 publice
1672 2779 2065 2849 faciendum
2109 2779 2630 2859 existimarent,
2689 2777 2767 2846 ad
2813 2795 2912 2841 eu·¹

447 2868 826 2938 referebant
856 2894 869 2935 ι
902 2890 1195 2955 quorum
1226 2870 1280 2939 si
1308 2870 1465 2955 quis
1491 2868 1940 2938 immoderato
1967 2869 2225 2937 fervore
2245 2880 2661 2945 commotus,
2706 2862 2931 2958 ριιιιΙιιιι

446 2957 816 3026 modestiae
865 2957 1036 3027 fines
1104 2958 1463 3037 transiret,
1518 2958 1814 3047 graviter
1877 2955 2460 3046 reprehendebat;
2517 2976 2741 3041 neque
2795 2971 2915 3045 eni·-

444 3067 696 3133 equum
727 3046 1105 3132 judicabat,
1158 3058 1233 3115 ut
1270 3046 1364 3115 vel
1418 3046 1566 3135 ipso
1609 3046 1823 3115 nimio
1861 3046 2128 3135 pietatis
2176 3045 2420 3116 ardore
2453 3043 2686 3113 debita
2727 3039 2932 3112 Princi-

448 3136 652 3224 pibus
684 3134 1022 3205 Ecclesiae
1054 3134 1428 3204 reverentia
1473 3133 1860 3224 pelleretur.

534 3227 569 3311 ξ
602 3227 756 3296 89.
804 3225 999 3294 Ritus
1028 3237 1092 3292 et
1124 3223 1592 3292 caeremonias
1621 3222 2120 3293 ecclesiasticas
2170 3223 2505 3309 exquisite
2536 3233 2922 3312 cognoscere,

446 3334 848 3400 servareque
888 3312 1191 3382 studuit:
1245 3334 1381 3399 quo
1420 3312 1504 3381 de
1543 3334 1790 3402 genere
1831 3325 2093 3381 certum
2144 3311 2573 3382 sacerdotum
2617 3319 2928 3379 numerum

445 3402 715 3492 delegit,
769 3403 885 3488 qui
920 3400 1409 3481 consultarent,
1454 3423 1614 3471 curn
1648 3400 2098 3470 dubitationis
2134 3400 2395 3487 aliquid
2428 3401 2811 3474 afferretur;
2845 3412 2934 3459 nvo·

444 3513 598 3560 vero
682 3491 1045 3560 ravabatur
1072 3490 1556 3559 consultationi
1590 3510 1922 3578 praeesse,
1954 3489 2455 3577 diligenterque
2485 3488 2567 3557 de
2601 3489 2684 3557 iis
2709 3502 2863 3572 quoq
2912 3502 2925 3533 ἰ

442 3579 563 3649 diu
671 3579 1045 3666 isquirere,
1101 3600 1278 3665 quae
1321 3578 1491 3648 levia
1532 3600 1733 3667 saepe
1781 3579 1985 3668 vulgo
2023 3590 2392 3665 putantur;
2448 3577 2619 3646 nihil
2670 3574 2832 3644 enini
2867 3560 2937 3708 ad,

443 3668 752 3737 divinum
804 3668 1066 3737 cultum
1108 3668 1477 3757 pertinens,
1535 3687 1667 3735 non
1718 3666 2007 3757 dignum
2043 3667 2526 3746 arbitrabatur,
2567 3666 2636 3734 in
2677 3683 2802 3751 quo
2840 3675 2930 3723 cu·

442 3779 585 3826 ram
621 3756 1188 3848 diligentiamque
1220 3755 1583 3826 collocaret
1636 3778 1860 3825 suam.
1900 3755 2492 3824 caeremoniarum
2535 3756 2917 3842 magistrum,

441 3846 745 3916 honestis
783 3844 1054 3915 tributis
1084 3845 1471 3935 stipendiis,
1515 3845 1580 3912 in
1623 3845 1910 3914 ecclesia
1965 3845 2222 3931 majore
2256 3843 2632 3913 constituit.
2692 3846 2918 3909 Romae,

443 3936 620 4022 quod
674 3947 869 4004 antea
925 3934 1316 4024 tetigimus,
1379 3932 1561 4002 idem
1616 3933 1922 4003 studium
1978 3932 2204 4021 juvit,
2271 3931 2926 4006 consultationemque

444 4024 906 4096 Cardinalium
946 4023 1027 4092 ad
1076 4022 1141 4091 id
1191 4022 1515 4091 constitui
1568 4022 1875 4091 curavit:
1930 4042 2104 4107 quos
2141 4021 2286 4110 ipse
2330 4021 2396 4089 in
2443 4020 2682 4110 primis
2724 4028 2926 4109 consu·

444 4110 579 4181 lere
605 4111 865 4181 solebat
891 4105 1465 4198 frequentissime.
1503 4109 1919 4199 Hujusmodi
1950 4109 2341 4199 cognitione
2378 4107 2660 4179 curabat
2689 4102 2926 4195 clericos

442 4222 703 4281 omneS,
741 4221 854 4271 eos
906 4201 1303 4290 praesertim
1349 4200 1465 4286 qui
1534 4200 1601 4267 in
1647 4198 2020 4269 seminario
2054 4197 2416 4268 alebantur
2462 4197 2804 4285 diligenter
2843 4202 2922 4279 ¹¹¹?

445 4289 682 4369 stitui;
738 4310 817 4357 ac
869 4310 948 4357 ea
1009 4288 1285 4374 quidem
1348 4288 1589 4377 peritia
1650 4287 1910 4358 solebat
1955 4286 2025 4355 in
2090 4286 2401 4357 ecelesiis
2465 4282 2918 4355 Mediolanensi·

447 4378 603 4456 buS,
642 4376 1037 4465 praesertim
1087 4378 1152 4445 in
1207 4375 1533 4449 ecclesiae
1575 4377 1852 4465 majoris
1892 4375 2107 4448 sacris
2154 4374 2423 4457 officiis,
2470 4392 2707 4464 magno
2736 4366 2914 4436 fructu
