2993 4837
44 324 192 388 ΜΝ.
250 324 325 386 17
752 343 828 387 nr.
876 343 932 387 s.
985 340 1296 387 caecoalo
1346 338 1814 386 Tamus-:runco
2332 322 2458 384 559

46 426 95 495 in
136 426 467 494 dominos.
508 427 637 507 Qui
678 426 1108 494 dominatum
1152 425 1575 505 obtinebant,
1628 437 1701 492 ut
1735 437 1962 492 essent
1995 423 2274 512 benigni
2316 436 2381 491 et
2415 421 2545 490 cle-

42 528 268 583 mentes
309 516 374 582 in
411 536 526 582 eos
557 516 675 601 qui
712 515 1259 601 subjiciebantur
1289 536 1527 582 eorum
1566 514 1876 602 imperio.
1912 517 2197 600 Pauper,
2239 524 2313 579 ut
2363 511 2543 579 solas

42 603 280 672 divitias
340 603 760 671 existimaret
810 605 1124 672 virtutem
1160 657 1174 683 ,
1228 603 1429 688 cujus
1482 603 1819 690 possessio
1880 614 1980 669 est
2049 602 2113 668 in
2176 599 2546 688 qu'uslibet

42 705 331 779 potestate
384 693 626 780 posita.
667 698 752 771 ts,
791 693 911 778 qui
953 714 1023 760 se
1073 692 1155 759 de
1190 692 1334 759 suis
1373 691 1677 778 jactabat
1726 689 2006 769 divitiis,
2062 689 2544 757 convenienter

40 780 524 858 admonebatur,
582 793 656 848 ut
694 803 928 849 eorum
965 803 1141 866 quae
1193 781 1507 859 babebat,
1561 792 1737 848 esset
1776 800 2215 857 oeconomuS,
2260 799 2391 845 non
2428 777 2542 845 do·

41 870 261 937 minus.
312 868 722 937 Mulieribus
769 868 1256 947 conducibilia,
1303 869 1536 957 pueris
1575 867 2070 945 convenientia,
2116 881 2180 936 et
2231 866 2544 955 patribus

41 978 99 1025 ea
134 980 297 1043 quae
342 957 649 1035 decebat,
705 957 1163 1036 distribuens;
1216 970 1281 1026 et
1320 957 1541 1026 factus
1591 958 1823 1025 omnia
1872 957 2220 1034 omnibus,
2278 968 2542 1023 tantum

42 1062 277 1133 repente
314 1047 650 1135 populum
704 1046 971 1115 induxit
1017 1045 1268 1114 auxilio
1320 1046 1549 1114 Sancti
1601 1046 1921 1135 Spiritus,
1961 1060 2033 1114 ut
2081 1044 2165 1113 ad
2207 1044 2540 1133 templum

42 1133 507 1204 aedificandum
546 1136 749 1204 suerit
790 1135 1135 1211 incitatus,
1178 1135 1489 1223 pecuniis
1529 1147 1594 1203 et
1626 1135 2030 1222 corporibus
2076 1134 2404 1203 omnibus
2453 1134 2539 1201 ad

47 1222 102 1288 id
131 1246 307 1292 suum
342 1224 654 1293 studium
690 1224 1222 1292 conferentibus.
1258 1228 1398 1291 Hoc
1427 1235 1529 1290 est
1563 1223 1921 1312 templum,
1968 1224 2168 1311 cujus
2219 1233 2537 1290 constru-

48 1310 253 1381 ctionis
295 1313 408 1380 ille
450 1314 621 1399 jecit
671 1312 1155 1390 fundamenta,
1212 1323 1276 1379 et
1325 1311 1390 1378 id
1444 1313 1667 1400 coepit
1732 1311 2118 1380 aedificare.
2181 1311 2541 1380 Exornavit

47 1412 233 1467 autem
265 1401 547 1487 quidam
592 1422 671 1469 ex
718 1401 1234 1470 successoribus
1288 1422 1406 1487 pro
1456 1399 1646 1470 illius
1695 1400 2047 1489 dignitate,
2101 1401 2284 1485 quod
2335 1400 2541 1468 etiam

48 1485 100 1555 in
145 1488 537 1558 hodiernum
584 1511 804 1575 usque
836 1489 1015 1557 diem
1053 1488 1456 1558 ostenditur.
1519 1489 1590 1557 [d
1645 1503 1871 1557 autem
1928 1491 2026 1557 vir
2083 1489 2194 1557 ille
2247 1511 2539 1578 magnus
2630 1518 2639 1527 ·

48 1578 315 1664 protinus
348 1579 515 1646 huic
566 1578 659 1645 rei
712 1579 1143 1657 incumbens,
1202 1577 1406 1646 veluti
1449 1579 1558 1647 sui
1593 1578 1951 1646 sacerdotii
2004 1578 2533 1646 fundamentum

46 1665 346 1819 3⁰⁰dd³m
408 1681 474 1736 et
525 1666 873 1752 quandam
933 1667 1153 1735 basim
1216 1667 1355 1735 viro
1404 1666 1697 1735 civitatis
1746 1666 2131 1736 clarissimo
2193 1686 2543 1734 commen-

84 1754 213 1832 avit,
262 1755 490 1825 divina
541 1755 840 1841 quadam
897 1753 1312 1843 impulsione
1346 1768 1408 1823 et
1461 1756 1703 1841 majori
1736 1777 1861 1844 ope
1894 1755 2175 1823 studens
2210 1754 2424 1842 operi,
2465 1765 2540 1821 ut

48 1860 294 1927 sequens
344 1858 621 1933 tempus
672 1843 1091 1914 testificatur.
1150 1849 1314 1911 Nam
1379 1867 1539 1912 cum
1609 1845 1857 1912 nostris
1908 1842 2330 1931 temporibus
2381 1864 2538 1931 gra-

50 1930 324 2001 vissimus
371 1933 753 2020 aliquando
790 1944 1236 2001 terraemotus
1284 1932 1622 2000 civitatem
1679 1931 2169 2009 labefactasset,
2214 1943 2277 1999 et
2308 1929 2542 1998 omnia

50 2022 501 2107 propemodum
554 2021 864 2089 funditus
917 2020 1300 2109 periissent,
1340 2033 1404 2089 et
1456 2019 1734 2108 publica
1782 2041 1860 2087 ac
1919 2020 2179 2107 privata
2225 2019 2540 2087 aedificia

54 2108 243 2178 omnia
283 2111 728 2189 corruissent,
766 2109 989 2178 solum
1036 2109 1202 2177 illud
1260 2109 1589 2197 templum
1635 2109 1887 2177 mansit
1922 2106 2287 2175 infractum
2340 2120 2404 2175 et
2435 2108 2542 2175 in-

56 2214 436 2291 concussum,
474 2211 558 2267 ut
591 2200 687 2267 vel
716 2221 790 2267 ex
828 2199 953 2268 hoc
988 2199 1074 2266 sit
1105 2197 1751 2275 manifestum,cum
1783 2195 2178 2283 cujusmodi
2217 2209 2542 2283 potestate

60 2301 141 2350 vir
172 2284 261 2354 ille
301 2310 602 2378 magnus
632 2310 710 2357 ea
759 2309 933 2375 quae
981 2310 1019 2354 a
1060 2308 1130 2356 se
1163 2299 1357 2355 erant
1388 2285 1709 2375 gerenda,
1756 2287 2155 2374 susciperet.
2213 2284 2335 2353 Sed
2377 2284 2541 2353 haec

58 2371 278 2524 puidam
327 2378 571 2448 multis
624 2389 849 2466 postea
904 2376 1328 2466 temporibus
1368 2398 1402 2444 a
1445 2374 1677 2443 divina
1724 2375 2016 2463 potentia
2075 2373 2539 2443 demonstrata

80 2481 206 2531 uere
243 2467 314 2534 ad
368 2467 588 2556 hujus
640 2467 872 2556 magni
911 2465 1033 2534 viri
1075 2465 1279 2533 fidem
1329 2464 1855 2534 testificandam.
1892 2471 2079 2532 Tunc
2114 2477 2340 2531 autem
2378 2486 2536 2531 cum

52 2567 264 2632 omues
310 2570 439 2625 tam
496 2554 615 2641 qui
669 2558 933 2635 urbem,
970 2576 1175 2640 quam
1221 2555 1331 2623 cui
1369 2554 1822 2622 circumcirca
1863 2553 2147 2642 positam
2190 2552 2533 2640 regionem

52 2633 421 2734 habitabant,
478 2645 860 2730 Apostolica
923 2643 1256 2711 miracula
1308 2645 1769 2730 stupuissent,
1830 2657 1893 2711 et
1945 2642 2274 2728 quicquid
2326 2643 2412 2708 ab
2460 2662 2538 2708 eo

53 2722 357 2824 dicebatur
388 2755 467 2800 ac
520 2733 747 2811 fiebat,
794 2733 853 2799 vi
888 2731 1118 2799 divina
1152 2730 1294 2819 geri
1335 2745 1399 2800 et
1446 2731 1585 2798 dici
1635 2730 2109 2811 credidissent,
2170 2753 2251 2798 ne
2298 2752 2536 2798 earum

52 2815 280 2898 qtudem
338 2821 984 2898 controversiarum,
1046 2842 1219 2906 quae
1268 2819 1353 2887 ad
1409 2819 1584 2887 lianc
1637 2819 1841 2886 vitam
1899 2818 2347 2907 pertinebant,
2402 2819 2540 2886 exi-

53 2902 374 2977 stimabant
408 2908 551 2978 ullo
584 2932 731 2978 esse
783 2901 1339 2998 praestantiorem
1375 2908 1721 2994 judicem:
1769 2907 1880 2976 sed
1919 2930 2121 2976 omne
2163 2907 2534 2996 judicium,

55 2993 543 3085 perplexumque
591 3011 656 3066 et
698 2997 1108 3087 implicitum
1146 2997 1493 3066 neuotium
1550 2995 1737 3064 illius
1785 2996 2073 3065 consilio
2131 2996 2540 3084 expedieba-

54 3088 153 3147 tur.
188 3087 263 3153 Ex
294 3109 426 3172 quo
466 3100 531 3156 et
565 3087 899 3156 bonarum
946 3085 1172 3173 legum
1206 3108 1242 3154 o
1298 3086 1610 3165 servatio,
1700 3106 1918 3170 axque
1949 3098 2010 3152 et
2045 3085 2531 3171 tranquillitas,

51 3178 98 3233 et
140 3173 387 3256 publice
434 3189 497 3244 et
556 3176 870 3264 privatim
941 3175 1040 3243 eis
1112 3174 1344 3242 aderat
1411 3174 1601 3243 illius
1697 3172 2026 3253 enelicio,
2089 3184 2153 3240 et
2207 3193 2538 3260 inagnum

50 3253 339 3330 bonorum
391 3263 917 3343 incrementum,
956 3285 1115 3332 cuin
1173 3264 1441 3332 nullum
1493 3263 1733 3331 vitium
1767 3283 2008 3331 eorum
2047 3261 2221 3329 inter
2263 3284 2333 3329 se
2373 3283 2538 3328 con-

50 3346 308 3416 cordiam
350 3352 809 3438 abrumperet.
1477 3386 1482 3391 ·

114 3437 145 3518 §
188 3441 320 3508 1².
378 3446 518 3511 Duo
568 3441 827 3522 fratres,
873 3452 1087 3510 aetate
1128 3439 1440 3526 juveneS‚
1480 3440 1599 3525 qui
1654 3453 2008 3529 paternam
2047 3435 2533 3506 haereditatem

50 3538 233 3609 nuper
277 3528 446 3597 inter
495 3553 565 3598 se
614 3530 1007 3610 diviserant,
1068 3551 1289 3597 unum
1341 3543 1661 3618 stagnum
1731 3529 2193 3605 vindicabant,
2253 3538 2541 3612 uterque

50 3617 226 3683 totum
282 3617 340 3685 id
397 3619 643 3687 habere
681 3618 1124 3697 contendens,
1178 3631 1241 3686 et
1291 3639 1424 3687 non
1484 3617 1856 3686 admittens
1906 3618 2075 3686 alter
2121 3616 2413 3683 alterum
2471 3615 2537 3681 in

49 3701 387 3774 societatem
437 3709 905 3796 possessionis.
945 3708 1044 3776 Fit
1082 3707 1426 3796 magister,
1466 3727 1717 3774 causae
1765 3707 2040 3785 arbiter,
2079 3705 2197 3791 qui
2248 3726 2405 3771 curn
2450 3702 2536 3770 ad

52 3780 237 3857 locum
290 3798 720 3881 pervenisset,
763 3798 829 3864 in
879 3796 1162 3865 arbitrio
1213 3819 1382 3864 usus
1430 3808 1532 3862 est
1583 3796 1731 3863 suis
1789 3795 2078 3882 legibuS,
2127 3794 2254 3861 hoc
2297 3814 2533 3880 agens,

50 3887 107 3941 ut
149 3885 732 3975 reconciliarentur
777 3887 1089 3973 juveneS,
1154 3898 1218 3953 et
1276 3884 1575 3952 redirent
1626 3884 1692 3950 in
1745 3885 2083 3972 gratiam,
2147 3894 2210 3949 et
2262 3880 2535 3949 lucrum

56 3981 207 4058 pacis
240 3971 694 4043 existimarent
729 3972 1037 4060 vectigali
1079 3973 1560 4062 praestantius.
1599 3976 1764 4040 Cum
1799 3986 2024 4039 autem
2063 3983 2240 4040 esset
2274 3969 2540 4038 inutilis

54 4066 170 4134 ejus
211 4059 592 4142 exhortatio,
650 4075 712 4130 et
762 4063 1044 4131 ferveret
1100 4061 1585 4140 adolescentia,
1634 4072 1699 4128 et
1750 4060 1989 4148 majori
2040 4060 2141 4127 ira
2196 4058 2540 4127 incedere-

59 4147 159 4233 tur,
208 4169 316 4232 spe
364 4149 531 4219 lucri
579 4163 924 4231 aestuanS,
974 4165 1040 4219 et
1093 4150 1417 4236 utrinque
1465 4172 1546 4218 ex
1598 4148 1893 4219 subditis
1948 4155 2303 4238 pararetur
2351 4169 2541 4216 exer-

60 4239 200 4323 ssttus
228 4247 286 4303 et
320 4259 559 4339 inagna
613 4262 881 4320 manus,
925 4239 1023 4306 ira
1074 4237 1245 4306 duce
1297 4262 1374 4307 ac
1426 4241 1653 4307 surore
1702 4238 1975 4306 caedem
2029 4238 2327 4326 spiranS,
2376 4259 2540 4305 con-

62 4322 326 4392 stitutum
370 4326 489 4397 luit
541 4342 810 4418 tempus
859 4327 1279 4397 certaminis.
1318 4333 1482 4397 Cum
1549 4340 1776 4396 autem
1838 4327 2162 4416 postridie
2201 4327 2353 4413 ejus
2403 4325 2539 4394 diei

64 4421 203 4475 esset
244 4415 550 4504 utrinque
584 4417 1149 4488 committendum
1205 4417 1565 4505 proelium,
1606 4438 2018 4507 permanens
2059 4417 2263 4487 homo
2309 4415 2417 4485 Dei
2469 4414 2537 4483 in
