2993 4837
532 321 659 385 592
981 337 1058 382 ΒΕ
1106 336 1162 383 s.
1217 335 1584 394 susanam,
1639 336 1820 383 amns
1869 335 2236 383 mmmmm
2283 333 2446 383 amit
2629 317 2783 382 Not.
2824 320 2882 382 te

445 442 842 511 puerperae,
882 420 1025 508 ipsa
1079 440 1200 507 per
1228 441 1299 487 se
1332 430 1597 508 gestare
1628 418 1955 500 sobolem,
1988 433 2190 507 atque
2226 420 2432 489 nudis
2465 419 2888 508 pedibu3‚ami-

442 525 555 579 ctu
590 510 807 589 laneo,
844 508 1167 576 mediocri
1202 510 1554 588 comitatu,
1598 530 1715 597 per
1746 508 2003 578 declive
2036 510 2259 578 saxosi
2294 509 2536 578 montis
2564 510 2676 576 iter
2707 508 2896 597 depor-

445 612 646 667 tatam
687 597 942 686 templo
993 596 1263 674 inferre,
1308 596 1565 666 illatam
1619 618 1759 666 una
1800 619 1955 665 cum
2008 619 2202 666 cereo
2235 597 2455 666 funali
2489 618 2715 686 ponere
2746 618 2894 682 super

442 709 629 755 aram
670 686 950 755 solebat.
999 691 1288 755 Reversa
1336 685 1587 754 dehinc
1629 685 1938 766 domum,
1995 709 2150 755 mox
2197 686 2671 776 pauperculam
2720 684 2890 753 mulie·

445 798 586 844 rem
637 776 853 844 obiter
891 775 1308 855 adnotatam,
1363 788 1427 843 et
1465 775 1696 843 tunico
1744 774 2065 856 donabat,
2119 787 2186 844 et
2236 775 2467 863 pallio.
2941 840 2942 861 χ

533 868 568 951 ἓ
615 867 695 935 S.
751 865 1042 932 Maxima
1082 885 1246 932 sane
1304 864 1900 933 commiseratione
1958 886 2118 954 erga
2174 886 2552 954 paupereS‚
2621 862 2942 949 atquem-1

446 953 831 1021 commodis
880 952 1343 1021 membrorum
1383 952 1771 1021 laborantes
1811 966 1976 1032 erat,
2033 966 2109 1022 ut
2140 954 2198 1021 ei
2236 954 2571 1022 concinne
2600 949 2898 1019 admodum

449 1042 666 1110 sancti
706 1044 836 1111 Job
876 1042 1074 1109 verba
1126 1041 1609 1128 convenirent:
1643 1043 1736 1109 Ab
1783 1043 2079 1130 infantia
2100 1065 2359 1110 mecum
2385 1044 2585 1111 crevit
2612 1041 2897 1108 miseratio,

448 1142 509 1200 et
544 1132 625 1199 de
654 1142 842 1201 utero
888 1132 1127 1200 matris
1174 1153 1383 1207 meae,
1430 1152 1697 1219 eqo-essa
1744 1142 1838 1199 est
1885 1154 2142 1199 mecum
2169 1132 2318 1220 (Job
2369 1153 2513 1199 xxxi
2559 1184 2571 1196 .
2623 1129 2778 1196 Huic
2816 1128 2900 1193 vir·

453 1221 603 1299 tuti,
644 1242 727 1288 ne
762 1220 1013 1289 sterilis
1062 1231 1261 1298 esset,
1316 1218 1642 1306 adiuncta
1689 1233 1833 1287 erat
1876 1219 2397 1288 munificentia:
2453 1242 2487 1286 a
2570 1239 2759 1305 quarn
2797 1236 2894 1283 cum

449 1331 574 1378 sua
609 1321 850 1397 sponte
889 1308 1312 1387 incitaretur,
1357 1308 1478 1375 ubi
1528 1322 1591 1375 et
1629 1307 1963 1397 principis
2004 1307 2192 1377 favor
2228 1312 2540 1388 accessit,
2594 1302 2891 1406 properanti

453 1400 558 1480 (ut
606 1396 741 1466 dici
793 1396 991 1486 solet)
1038 1396 1333 1465 calcaria
1382 1408 1544 1465 sunt
1582 1396 1837 1465 addita.
1886 1398 2171 1483 Pauperi
2223 1397 2500 1466 cuidam
2547 1394 2885 1485 phthiriasim

452 1486 760 1573 patienti,
800 1498 1002 1573 atque
1034 1507 1113 1553 ex
1147 1485 1368 1573 capite
1403 1506 1537 1552 non
1601 1485 2030 1553 mediocriter
2080 1484 2443 1565 laboranti,
2491 1496 2748 1573 captato
2787 1483 2880 1549 inin

499 1575 837 1643 oinarium
877 1585 1157 1655 secret0,
1199 1595 1282 1642 ne
1316 1573 1474 1659 quis
1512 1574 1980 1653 interveniret,
2035 1575 2366 1663 capillum
2422 1573 2800 1650 totonderat,
2828 1567 2882 1635 ὲ-

478 1663 741 1750 etisque
791 1662 1154 1764 pediculis»,
1208 1673 1415 1751 caput
1454 1662 1806 1732 infirmum
1868 1662 2220 1731 humiliter
2286 1663 2525 1742 lotum,
2577 1656 2918 1747 aliquantu,

454 1766 762 1821 materno
792 1774 860 1820 ln
913 1752 1174 1840 gremio
1235 1751 1520 1820 foverat:
1574 1773 1733 1821 cum
1785 1772 1937 1820 ecce
1986 1774 2155 1820 casu
2204 1752 2371 1820 illuc
2420 1751 2793 1821 accedentes
2826 1764 2895 1811 an·

451 1840 672 1924 cillae,
712 1841 830 1910 ubi
883 1840 1233 1909 dominam
1270 1861 1407 1927 quo
1469 1839 1791 1909 nolebant
1835 1853 2237 1929 occupatam
2294 1840 2667 1910 ministerio
2721 1836 2893 1907 vident

452 1928 637 1998 haud
674 1951 744 2000 se
782 1929 1131 1999 continere
1167 1939 1476 2018 possunt,
1531 1951 1667 2016 quo
1715 1929 1948 1997 minus
2000 1928 2186 1998 illam
2238 1928 2700 1998 acerbiuscule
2744 1927 2900 2008 objur-

452 2030 637 2107 gent,
690 2018 871 2105 quod
921 2030 1150 2086 exorta
1200 2017 1384 2107 regio
1450 2017 1787 2107 sanguine
1840 2016 2127 2096 mulier,
2198 2040 2417 2105 usque
2480 2017 2562 2086 ad
2612 2012 2901 2085 tondendos

451 2109 701 2188 crineS‚
758 2106 1248 2208 pediculosque
1317 2105 1783 2176 conficiendos
1853 2128 1997 2175 sese
2064 2106 2409 2193 dejiceret.
2465 2112 2670 2188 Quam
2714 2103 2901 2172 itta-re

454 2197 1008 2286 prehenstonem,
1068 2193 1334 2284 placido
1387 2194 1532 2264 risu
1566 2194 1828 2263 vultum
1882 2217 2238 2276 serenanS,
2302 2195 2671 2283 parvifecit.
2718 2191 2898 2287 Christe

451 2287 661 2366 enim,
707 2307 841 2354 non
877 2284 1300 2364 hominibuS‚
1346 2281 1612 2371 placere
1666 2284 2018 2373 gestiebat.
2066 2290 2386 2374 Magnum
2440 2285 2567 2354 hoc
2601 2302 2780 2351 verae
2815 2298 2900 2367 pti-L

451 2375 609 2444 tatis
642 2373 1073 2464 exemplum:
1116 2373 1222 2443 lon
1280 2394 1315 2441 e
1350 2385 1575 2441 tamen
1622 2374 1868 2462 majuS,
1907 2373 2088 2459 quod
2143 2375 2476 2461 sequitur.
2533 2362 2903 2442 Venerantad

453 2465 837 2553 principem
887 2464 1170 2532 comites
1201 2485 1238 2530 a
1275 2463 1485 2548 iquot‚
1531 2483 2029 2551 procerumque
2071 2484 2204 2531 non
2249 2464 2469 2552 pauci.
2512 2468 2784 2548 Jamque
2803 2476 2904 2555 πρυ·

454 2553 609 2620 vivii
664 2566 935 2642 tempus
983 2551 1368 2631 advenerat,
1422 2572 1582 2618 cum
1638 2550 2095 2621 residentibus
2142 2552 2448 2626 cunctis,
2503 2553 2726 2621 aberat
2767 2545 2904 2616 Elisa·

452 2639 636 2709 beth.
691 2645 770 2720 It,
818 2642 1025 2728 ‚jussu
1075 2640 1408 2730 principis
1443 2651 1773 2708 statorum
1811 2661 2021 2718 unus»,
2075 2641 2370 2709 accitum
2417 2639 2630 2709 illam.
2682 2638 2784 2707 Cui
2806 2649 2903 2702 cunt

454 2729 726 2798 obviam
789 2727 1002 2798 sactae
1051 2729 1481 2808 nunciasset,
1537 2741 1818 2797 cunctos
1872 2729 1955 2796 ad
2001 2729 2233 2817 ipsius
2281 2729 2646 2797 adventum
2696 2723 2904 2816 pendere

454 2818 815 2886 convivas:
872 2816 990 2885 illa
1031 2818 1369 2887 maturius
1418 2816 1768 2897 incedens,
1822 2817 1942 2886 ubi
1975 2818 2198 2907 coepit
2246 2817 2529 2908 graduS,
2581 2816 2693 2903 qui
2738 2812 2808 2883 ad
2841 2825 2903 2876 tn·

454 2905 743 2974 clinium
798 2906 1250 2995 pertinebant,
1303 2904 1696 2990 ascendere,
1752 2905 1978 2975 subito
2024 2905 2381 2976 mendicus
2412 2905 2688 2993 quidam
2736 2906 2906 2990 tmpor-

455 2993 641 3063 tunis
674 2994 1096 3065 clamoribus
1128 2996 1628 3083 eleemosynam
1681 2993 2046 3084 deposcere
2092 2995 2395 3064 auditur.
2451 3001 2661 3077 Quem
2707 2991 2805 3060 itta
2835 2987 2906 3053 de·

455 3105 665 3172 super
712 3083 948 3153 videns
993 3083 1247 3240 fineque
1293 3084 1474 3150 enim
1528 3097 1726 3151 antea
1767 3083 1898 3152 sub
1939 3083 2272 3173 gradibus
2310 3085 2646 3173 jacentem
2684 3071 2908 3150 animad-

458 3171 813 3261 verterat),
872 3194 1004 3260 pau
1043 3173 1223 3262 isper
1282 3184 1674 3260 exspectare
1723 3185 1988 3253 monet,
2049 3173 2387 3262 pollicita,
2440 3165 2906 3260 quandoquidem

460 3261 528 3330 in
567 3262 1108 3351 praesentiarum
1165 3258 1332 3329 nihil
1385 3259 1515 3330 sibi
1567 3261 1988 3350 erogandum
2041 3275 2477 3350 suppeteret,
2519 3262 2907 3330 missuram&

459 3349 645 3419 brevi
696 3350 878 3437 quod
935 3351 1225 3439 patebat.
1271 3349 1392 3417 Ille
1443 3348 1661 3419 nihilo
1697 3349 2130 3437 tranquillior
2162 3350 2403 3430 factus,
2449 3351 2785 3419 abeuntem
2815 3361 2906 3432 per·

464 3439 912 3509 tinacissimis
963 3437 1287 3507 inclamat
1337 3437 1642 3517 vocibus,
1688 3451 1751 3507 et
1801 3460 1884 3506 ne
1935 3439 2259 3508 miserum
2299 3461 2369 3507 se
2416 3439 2566 3507 sine
2597 3438 2756 3506 dono
2783 3449 2906 3524 prae·

465 3530 740 3609 teriret‚
819 3528 1316 3596 instantissime
1366 3540 1705 3616 precatur.
1761 3527 1933 3615 Figit
1992 3528 2283 3617 gradum
2350 3527 2716 3606 Elisabeth,
2774 3523 2904 3616 eiqiie

468 3616 755 3706 pallium
819 3638 953 3685 non
1008 3614 1489 3685 contemnendi
1548 3616 1767 3704 pretii,
1843 3637 1979 3703 quo
2037 3618 2276 3685 vestita
2320 3630 2500 3695 erat,
2573 3611 2899 3704 transmittit

463 3706 654 3787 Quod
708 3704 821 3773 ille
856 3726 1126 3773 summa
1162 3726 1317 3774 cum
1371 3703 1722 3774 alacritate
1769 3705 2178 3794 suscipiens,
2217 3727 2372 3775 arce
2419 3705 2642 3774 statim
2678 3705 2896 3772 excessu-

462 3793 535 3862 ld
587 3816 743 3862 cum
784 3815 1094 3863 reversus
1124 3807 1336 3862 stator
1384 3815 1517 3862 non
1556 3794 1703 3862 sine
1745 3792 2216 3884 indignatione
2245 3793 2596 3883 propalam
2632 3790 2896 3861 retulisset.

464 3883 751 3952 subrisit
802 3882 1148 3972 princeps3
1213 3881 1618 3969 desertoque
1669 3904 1821 3951 mox
1880 3883 2243 3962 accubitu,
2302 3903 2691 3974 progressus
2733 3892 2896 3948 occur·

461 3972 637 4041 renti
687 3972 820 4040 ait:
879 3971 1147 4053 «Quid,
1197 3994 1346 4040 mea
1394 3993 1610 4051 soror,
1666 3970 1908 4040 tandiu
1971 3971 2366 4041 moraris?»
2415 3972 2506 4040 Ad
2559 3991 2733 4058 quem
2785 3963 2889 4063 illa:

464 4084 499 4127 «
531 4066 652 4140 En,
693 4061 942 4147 inquit,
982 4061 1072 4128 mi
1110 4060 1338 4140 frater,
1385 4082 1842 4151 appropero.»
1893 4060 2170 4129 Talibus
2197 4061 2380 4138 enim
2426 4082 2572 4131 sese
2603 4051 2890 4128 nominibus

467 4149 768 4218 vicissim
823 4148 1287 4238 appellabant.
1329 4154 1495 4218 Tum
1552 4150 1910 4239 princeps:
1966 4173 2000 4215 «
2037 4150 2157 4219 Ubi
2205 4149 2357 4225 loci,
2411 4151 2529 4229 ait,
2585 4146 2886 4238 palliumre·

466 4238 849 4325 liquisti?»
900 4236 1026 4306 Illa
1080 4251 1384 4326 porrecto
1435 4237 1698 4306 indice:
1746 4243 1931 4319 «En,
1966 4239 2210 4325 inquit,
2252 4238 2539 4329 pallium
2575 4249 2812 4331 nostrum
2835 4223 2884 4290 de

466 4327 723 4413 pertica
760 4326 1291 4414 propendens.»
1342 4326 1534 4396 Videt
1576 4326 1711 4406 ille,
1765 4326 2049 4406 accedit,
2104 4340 2435 4408 attrectat,
2488 4325 2716 4402 evolvit,
2755 4310 2880 4387 illud·

464 4435 596 4498 que
645 4413 872 4502 ipsum
911 4436 1081 4496 esse,
1127 4415 1307 4504 quod
1353 4416 1638 4507 pauperi
1673 4415 1938 4485 dudum
1982 4415 2456 4508 eleemosynae
2494 4415 2626 4486 loco
2651 4413 2877 4482 donatum
