2993 4837
443 250 569 312 7¹0
1067 266 1145 310 ne
1194 266 1252 312 S.
1304 264 1630 311 srssrnmo
1677 263 1945 313 sumone
1995 265 2208 332 aaut„
2573 245 2733 325 Nol.
2777 249 2836 311 28

351 372 623 438 semper
668 348 947 435 quidem
985 348 1400 438 oppugnari,
1441 370 1802 435 nunquam
1855 361 2081 417 tamen
2118 348 2352 434 subigi
2383 361 2444 417 et
2482 349 2839 436 expugnari,

348 438 461 509 sed
498 453 807 507 externos
859 437 1083 505 hostes
1136 437 1326 506 nullo
1379 438 1649 526 negotio
1691 437 2004 526 frangere
2051 460 2132 506 ac
2167 438 2530 528 profligare
2562 452 2846 516 cerneret,

347 528 749 595 intestinum
816 526 948 615 ipsi
1014 524 1270 595 bellum
1324 527 1618 595 excitare
1679 527 2000 596 instituit.
2054 533 2143 596 Ac
2217 527 2519 616 primum
2553 580 2568 604 ,
2619 538 2690 594 ut
2737 527 2848 615 jam

342 615 605 684 dictum
669 628 813 694 est,
876 613 1174 683 ferinum
1227 613 1425 682 illum
1479 615 1856 694 hominem,
1916 616 2157 685 Leonis
2208 638 2456 684 nomen
2511 614 2848 693 serentem,

343 704 461 790 qui
513 726 549 772 a
586 705 774 790 Syris
824 725 1044 793 genus
1092 703 1411 784 du‘cebat,
1452 726 1530 772 ac
1570 706 1958 795 praestigiis
2007 704 2430 791 quibusdam
2481 705 2588 792 (ut
2620 703 2855 790 quidam

346 793 663 862 homines
697 792 1194 882 opinabantur)
1245 794 1460 860 multa
1500 792 1888 881 prodigiose
1961 794 2421 883 perpetrabat,
2480 806 2681 878 atque
2714 793 2859 881 ejus·

349 882 533 949 modi
569 897 736 956 erat,
785 895 862 949 ut
889 880 1432 970 simplicioribus
1461 882 1864 951 bominibus
1896 883 2356 970 imposturam
2396 881 2617 951 facere
2653 893 2859 969 posset.

348 970 679 1040 adversus
713 992 862 1039 eam
917 971 1229 1038 immisit.
1277 971 1404 1051 Qui
1439 970 1771 1039 adversus
1819 986 2092 1040 sanctas
2141 977 2282 1040 lma
2343 971 2492 1040 ines
2561 969 2782 1039 rabido
2817 990 2864 1037 et

351 1057 654 1128 belluino
704 1059 938 1128 animo
989 1059 1319 1140 saevienS,
1375 1059 1619 1127 Christi
1671 1058 1846 1129 ovile
1898 1061 2216 1129 maximis
2328 1060 2710 1128 etrimentis
2755 1057 2868 1127 affi-

344 1148 588 1217 ciebat.
630 1153 992 1234 Postquam
1033 1170 1185 1215 vero
1216 1170 1255 1215 a
1293 1146 1645 1237 praeclaro
1682 1147 1798 1217 illo
1848 1148 2189 1218 Ecclesiae
2237 1153 2521 1217 Pastore
2569 1151 2864 1217 Germano

346 1237 807 1326 reprehensus
847 1259 927 1305 ac
984 1235 1321 1325 depulsus
1380 1250 1481 1305 est
1523 1237 1871 1323 simulque
1918 1251 1982 1306 et
2046 1237 2226 1306 hanc
2276 1237 2490 1306 vitam
2544 1251 2610 1305 et
2650 1237 2862 1324 sempi-

346 1339 607 1394 ternam
659 1325 912 1404 amisit,
979 1325 1304 1395 immanis
1377 1325 1566 1394 illius
1638 1325 1908 1395 belluae
1967 1325 2338 1395 immanior
2378 1325 2662 1394 catulus
2703 1327 2863 1413 (Con-

346 1415 727 1483 stantinum
754 1413 786 1448 ⁴²
814 1419 1323 1515 Copronymum
1358 1413 1564 1502 dico),
1597 1414 1880 1502 perinde
1918 1414 2230 1484 videlicet
2261 1430 2472 1501 atque
2511 1415 2580 1482 in
2617 1415 2682 1483 id
2717 1415 2864 1482 omni

343 1505 557 1572 animi
607 1503 1042 1572 contentione
1085 1502 1534 1582 incumberet,
1593 1517 1669 1573 ut
1701 1519 1983 1592 paterna
2017 1504 2322 1573 facinora
2361 1526 2581 1593 parva
2610 1517 2673 1572 et
2706 1502 2862 1570 levia.

344 1614 424 1660 ac
458 1592 639 1661 velut
687 1591 1027 1678 quaedam
1063 1591 1443 1671 dumtaxat,
1506 1614 1916 1682 magnorum
1982 1593 2447 1682 improbitatis
2497 1593 2719 1682 ipsius
2755 1591 2864 1659 fru-

344 1694 531 1750 ctum
600 1682 863 1749 semina
926 1681 1138 1749 fuisse
1204 1681 1636 1761 ostenderet,
1694 1681 2065 1750 Ecclesiam
2137 1704 2220 1771 po
2277 1681 2564 1759 ulatur,
2619 1680 2863 1768 dejicit.

343 1770 603 1850 evertit,
656 1791 897 1839 omnes
947 1768 1193 1837 Christi
1243 1782 1307 1837 et
1361 1774 1765 1838 Sanctorum
1828 1770 2166 1871 imagines
2255 1770 2408 1848 elet,
2469 1793 2552 1838 ac
2605 1767 2864 1838 flammis

347 1858 570 1927 tradit.
632 1858 883 1926 Deinde
922 1880 961 1926 a
996 1857 1262 1947 pietatis
1303 1859 1731 1928 amatoribus
1764 1860 2173 1945 eximiisque
2224 1859 2596 1929 monastici
2645 1857 2866 1927 ordinis

345 1948 510 2016 viris
543 1947 1000 2037 reprehensus
1028 1961 1229 2032 atque
1252 1948 1628 2027 convictuS,
1664 1948 2103 2037 implacabile
2130 1947 2467 2017 adversus
2501 1969 2621 2016 eos
2649 1946 2861 2016 bellum

340 2037 608 2116 excitat,
677 2035 1108 2125 praeclarum
1155 2034 1347 2104 illum
1404 2037 1714 2105 habitum
1783 2039 2206 2106 tenebrarum
2268 2038 2730 2105 indu-mentum
2777 2054 2860 2099 vo·

340 2147 531 2206 canS,
563 2139 765 2212 atque
800 2125 1364 2194 Immemor-andos
1395 2147 1512 2195 eos
1546 2124 1907 2214 appellans
1955 2148 2034 2194 ac
2087 2138 2434 2215 praeterea
2473 2127 2856 2195 idololatras,

340 2214 429 2283 ob
464 2214 1009 2284 venerandarum
1050 2214 1437 2300 imaginum
1479 2214 1948 2283 adorationem
1985 2236 2226 2283 omnes
2270 2236 2715 2302 nuncupans.
2763 2213 2860 2300 Igi-

348 2317 458 2372 tur
507 2303 821 2372 stolidam
861 2324 1133 2371 omnem
1181 2302 1368 2371 illam
1408 2304 1922 2390 sapientiaeque
1962 2317 2302 2390 expertem
2352 2303 2851 2372 multitudinem,

342 2414 520 2478 quae
552 2393 772 2482 ipsius
812 2392 1103 2481 imperio
1136 2391 1443 2480 subjecta
1476 2405 1642 2472 erat,
1685 2393 1752 2460 in
1788 2393 2188 2462 concionem
2233 2391 2551 2474 advocat,
2593 2415 2670 2461 ac
2703 2410 2846 2458 vene-

344 2482 561 2551 randa
594 2482 826 2551 Crucis
863 2480 1050 2569 ligna
1093 2502 1229 2548 una
1275 2503 1430 2549 cum
1469 2481 1723 2549 divinis
1768 2482 2103 2550 Dominici
2148 2484 2467 2571 Corporis
2501 2495 2568 2551 et
2615 2476 2850 2568 Sangui·

344 2571 452 2638 nis
488 2571 855 2659 mysteriiS,
893 2583 1095 2656 atquc
1125 2570 1211 2638 ab
1245 2570 1434 2638 omni
1472 2571 1624 2639 labe
1653 2572 1845 2658 puris
1875 2570 2261 2659 Evangeliis
2292 2570 2523 2660 palam
2561 2567 2850 2660 proponit:

339 2672 543 2744 atque
594 2661 681 2727 ita
736 2682 855 2747 per
901 2680 981 2726 ea
1027 2658 1386 2728 universos
1426 2658 1885 2747 jurejurando
1934 2658 2349 2746 adstringit,
2407 2680 2753 2746 nunquam
2806 2674 2854 2720 se

339 2748 611 2817 divinas
662 2747 1004 2836 Imagines
1053 2746 1481 2829 adoraturOS,
1537 2748 1703 2834 quin
1756 2770 1871 2816 eas
1924 2748 2150 2836 potius
2200 2747 2388 2815 idbla
2439 2760 2852 2818 vocaturosac

342 2858 425 2905 ne
452 2837 1009 2905 communionem
1043 2836 1322 2922 quidem
1356 2859 1397 2903 a
1430 2837 1767 2905 monacho
1795 2851 2221 2924 accepturos,
2281 2859 2406 2906 nec
2440 2833 2854 2906 salutantibus

339 2926 712 3011 quicquam
759 2924 1211 2994 humanitatis
1263 2925 1564 2993 vicissim
1616 2926 2064 3005 exhibiturOS,
2120 2948 2362 2994 verum
2416 2925 2472 2994 si
2529 2926 2848 3011 quisquam

337 3035 577 3082 eorum
615 3013 1030 3082 monachum
1081 3014 1380 3099 aliquem
1434 3014 1709 3103 uspiam
1760 3014 2038 3084 obvium
2080 3014 2461 3093 habuisset,
2501 3012 2852 3082 Tenebrico·

336 3125 489 3172 sum
522 3124 678 3172 eum
715 3116 780 3170 et
830 3102 1489 3183 Immemor-andum,
1528 3117 1592 3172 et
1631 3102 1976 3171 idolorum
2025 3103 2361 3172 cultorem
2397 3102 2843 3193 appellatums.

338 3215 414 3261 ac
464 3192 744 3260 demum
791 3191 1140 3276 lapidibus
1209 3192 1436 3280 ipsum
1493 3192 1847 3280 petituros
1926 3192 2317 3274 Quinetiam
2387 3192 2564 3260 sacri
2635 3188 2848 3277 ordinis

339 3280 711 3367 quemdam
760 3295 1022 3360 nactuS,
1080 3281 1192 3349 cui
1229 3294 1292 3349 et
1354 3302 1601 3349 nomen
1654 3304 1813 3349 cum
1879 3280 2028 3368 ipso
2082 3280 2287 3355 idem,
2333 3294 2398 3349 et
2446 3280 2677 3348 eadem
2725 3272 2846 3344 fidet

337 3370 676 3438 sententia
723 3381 916 3450 erat,
987 3370 1098 3449 ei,
1184 3369 1353 3458 proh
1421 3369 1784 3439 scelestum
1861 3368 2167 3438 facinusl
2248 3370 2586 3438 Ecclesiae
2648 3381 2841 3434 curam

337 3457 1145 3544 administrationemque
1193 3459 1584 3539 committit,
1642 3479 1774 3526 non
1831 3463 2102 3527 Patrum
2157 3458 2508 3531 electione.
2577 3476 2704 3524 non
2750 3456 2840 3537 Sy-

340 3546 499 3616 nodi
533 3548 1061 3623 examinatione,
1120 3569 1250 3614 non
1290 3545 1589 3634 denique
1623 3547 1956 3616 canonico
1992 3547 2325 3637 suffragio
2360 3560 2557 3633 atque
2588 3545 2836 3612 decreto.

339 3635 455 3704 sed
531 3637 888 3725 tyrannica
943 3635 1167 3724 potius
1220 3648 1568 3724 potestate,
1623 3636 1998 3704 antistitem
2058 3636 2290 3721 ipsum
2335 3636 2713 3704 instituens.
2761 3631 2838 3724 Et·

340 3724 552 3806 enim,
602 3747 731 3793 non
795 3746 1017 3804 secuS,
1073 3746 1151 3793 ac
1188 3725 1246 3792 si
1298 3723 1365 3792 in
1430 3746 1635 3794 scena
1685 3738 1917 3813 aperte
1967 3724 2329 3803 luderent,
2386 3748 2464 3793 ac
2531 3744 2652 3791 non
2700 3733 2836 3787 seno

334 3828 663 3902 agerent,
718 3814 922 3883 ambo
986 3814 1050 3881 in
1092 3812 1440 3901 pulpitum
1511 3813 2024 3894 ascenderunt;
2079 3836 2157 3882 ac
2222 3813 2471 3882 deinde
2518 3817 2837 3904 Imperator

341 3903 667 3971 manibus
723 3902 1015 3991 impuris
1063 3901 1438 3992 diploidem
1495 3924 1763 3971 sacram
1811 3902 2070 3971 nefario
2121 3902 2392 3971 homini
2442 3899 2696 3991 profane
2738 3912 2832 3990 tm·

343 3992 555 4092 ponit,
613 3991 903 4079 dignum
979 3992 1380 4091 episcopatu
1444 4014 1602 4061 eum
1656 4013 1806 4061 esse
1845 3991 2182 4061 clamans,
2236 3992 2355 4077 qui
2420 3988 2596 4080 gravi
2654 3994 2832 4073 potius

341 4080 727 4170 ignominia
764 4094 828 4148 et
877 4080 1375 4168 vituperatione
1408 4080 1666 4170 dignus
1715 4092 1882 4148 erat.
1938 4083 1986 4150 Ο
2039 4080 2505 4167 importunam
2552 4072 2827 4145 etabsur·

338 4169 495 4237 dam
533 4168 941 4238 audaciaml
999 4172 1048 4239 Ο
1079 4169 1540 4239 execrandum
1582 4168 1891 4238 facinusl
1939 4168 2069 4251 Qui
2118 4190 2281 4237 ense
2329 4169 2657 4237 accinctus
2694 4166 2820 4255 erat·

338 4258 711 4326 antistitem
749 4279 1021 4326 sacrum
1076 4259 1381 4337 creabat;
1437 4258 1559 4344 qui
1613 4257 1812 4327 bellis
1842 4281 1921 4328 ac
1957 4256 2289 4327 caedibus
2322 4279 2440 4347 per
2483 4272 2665 4325 omne
2690 4258 2821 4312 vita?

390 4382 414 4406 ⁴
446 4382 602 4429 Hujus
624 4381 826 4423 nominis
850 4384 924 4423 11'.
949 4384 994 4422 1⁸
1017 4384 1141 4432 patet
1161 4381 1392 4425 successit
1414 4394 1536 4424 anno
1569 4385 1663 4428 741·
