2993 4837
567 269 694 335 572
1181 283 1261 329 nn
1308 282 1364 329 s.
1416 279 1656 328 Ammo
1702 280 1801 326 nr.
1855 280 2319 328 AURELIANRNSI
2665 260 2811 326 ttov.
2849 262 2907 326 Π

473 499 635 569 Hic
672 497 1065 566 inserere
1114 494 1355 584 libet,
1395 495 1508 564 ob
1549 492 1965 584 majorem
2008 494 2427 564 historiae
2469 492 2733 583 fidem,
2766 513 2915 583 quae

581 612 679 680 D.
740 607 1204 695 Gregorius
1279 605 1819 677 Turonensis
1893 606 2152 675 habet
2230 606 2384 674 lib.
2462 606 2516 673 2
2572 604 2915 675 Historiae

576 722 1135 808 Francorum,
1195 737 1375 807 cap.
1437 718 1506 821 7,
1547 717 1643 785 in
1698 718 1906 786 haec
1958 717 2268 786 verba:

559 903 595 989 ἕ
643 906 718 972 1.
772 900 968 969 Attila
1024 904 1431 967 Hunnorum
1486 904 1646 978 Rex,
1700 921 1738 966 a
1790 898 2131 967 Metensi*
2180 898 2349 967 urbe
2405 898 2777 988 egrediens,
2815 918 2918 965 cum

473 990 724 1058 multas
758 989 1131 1058 Galliarum
1169 988 1471 1056 civitates
1506 988 1945 1074 opprimeret,
1985 986 2328 1055 Aureliam
2364 988 2775 1077 aggreditur,
2803 1008 2918 1053 eam·

469 1100 605 1165 que
648 1078 944 1146 maximo
983 1077 1270 1145 arietum
1325 1076 1637 1165 impulsu
1693 1076 1934 1144 nititur
1979 1097 2394 1165 expugnare.
2451 1082 2612 1144 Erat
2658 1091 2844 1144 autem
2873 1096 2916 1141 es

471 1180 775 1255 tempore
815 1167 1252 1235 beatissimus
1284 1166 1591 1233 Anianus
1641 1164 1706 1232 in
1758 1164 2158 1254 supradicta
2207 1165 2377 1234 urbe
2425 1167 2823 1254 Episcopus,
2858 1164 2916 1229 vir

469 1256 759 1325 eximiae
809 1255 1233 1342 prudentiae,
1275 1276 1354 1321 ac
1403 1252 1774 1322 laudabilis
1817 1253 2219 1330 sanctitatis,
2272 1255 2478 1342 cujus
2514 1256 2818 1322 virtutum
2847 1273 2902 1341 gr

470 1358 572 1414 sta
624 1343 977 1413 nobiscum
1032 1343 1321 1412 fideliter
1368 1343 1750 1411 retinentur
1781 1342 1872 1408 ⁴²⁰².
1928 1348 2233 1428 Cumque
2283 1342 2540 1410 inclusi
2595 1342 2898 1431 populis»

475 1432 804 1534 pontifici,
841 1432 1003 1518 quid
1044 1444 1342 1521 agerent,
1370 1430 1852 1511 acclamarent;
1894 1431 2007 1499 ille
2039 1432 2206 1499 [isus
2234 1433 2303 1500 in
2337 1437 2490 1511 Deo,
2523 1446 2893 1499 monetam

472 1544 540 1590 ιη
575 1522 881 1590 oratione
917 1521 1276 1610 prosterni,
1332 1533 1395 1588 et
1428 1541 1587 1588 cum
1629 1519 1949 1607 lacrymis
2004 1542 2326 1608 praesens
2366 1542 2643 1609 semper
2677 1523 2742 1589 in
2777 1538 2896 1587 mus·

471 1610 787 1680 sitatibus
825 1611 1085 1679 Domini
1122 1609 1455 1677 auxilium
1494 1608 1889 1697 implorare.
1930 1610 2233 1695 Denique
2270 1609 2377 1688 iis,
2434 1621 2514 1678 ut
2550 1618 2902 1698 praecepa!-

469 1699 1022 1787 deprecantibus,
1076 1699 1169 1767 ait
1210 1697 1579 1767 Sacerdos:
1615 1719 1651 1763 «
1682 1697 2023 1786 Adspicite
2071 1698 2155 1766 de
2206 1720 2405 1767 muro
2452 1698 2769 1776 civitatis,
2797 1692 2904 1765 siitu'

471 1788 816 1881 miseratio
838 1789 981 1876 jam
1022 1800 1401 1856 succurrat.
1444 1809 1479 1852 »
1533 1787 2029 1876 Suspicabatur
2065 1788 2250 1855 enim
2312 1809 2432 1876 per
2487 1788 2751 1855 Domini
2797 1785 2908 1852 miss.»

471 1875 836 1945 ricordiam
882 1876 1142 1944 Aetium
1179 1875 1283 1911 *μ
1313 1875 1659 1955 advenire,
1706 1875 1788 1944 ad
1819 1897 2023 1962 quem
2058 1888 2123 1945 et
2151 1876 2456 1944 Arelaten
2502 1876 2781 1953 abierat,
2808 1875 2916 1962 prits

469 1978 837 2052 suspectus
873 1964 1109 2033 futuri.
1155 1964 1622 2053 Adspicientes
1653 1978 1879 2032 autem
1909 1963 1992 2032 de
2018 1987 2239 2041 muro,
2284 1965 2634 2033 neminem
2669 1965 2912 2032 viderunt

467 2068 534 2123 et
576 2054 721 2123 ille:
767 2076 799 2120 «
831 2057 1050 2133 Orate,
1098 2054 1344 2138 inquit,
1405 2052 1719 2121 fideliter.
1768 2054 2096 2121 Dominus
2151 2053 2332 2121 enim
2387 2052 2709 2121 liberabit
2748 2052 2918 2121 vestis

468 2143 607 2211 die.
648 2166 682 2209 »
734 2144 1105 2213 Orantibus
1140 2142 1299 2222 illis,
1337 2142 1467 2210 ait:
1509 2165 1543 2207 «
1581 2140 1920 2229 Adspicite
1953 2143 2221 2210 iterum.
2261 2165 2299 2207 »
2348 2147 2424 2210 Et
2453 2165 2615 2210 cum
2659 2142 2915 2231 adspexzs

468 2243 642 2309 sent,
685 2233 1028 2300 neminem
1075 2230 1413 2310 viderunt,
1453 2231 1571 2317 qui
1608 2231 1811 2299 ferret
1858 2231 2218 2299 auxilium.
2274 2232 2374 2298 Ait
2414 2232 2515 2299 eis
2565 2232 2799 2299 tertio:
2837 2230 2914 2291 «St

466 2320 765 2389 fideliter
827 2319 1076 2409 petitis,
1142 2321 1473 2389 Dominus
1527 2319 1843 2387 velociter
1893 2320 2108 2387 adest.
2158 2343 2193 2384 »
2242 2324 2319 2387 At
2369 2319 2466 2387 illi
2524 2343 2684 2389 cum
2741 2321 2918 2387 ssetuet

465 2409 729 2499 ejulatu
770 2432 1022 2499 magno
1055 2409 1326 2478 Domini
1357 2407 1896 2478 misericordiam
1934 2408 2023 2476 im
2085 2408 2420 2477 lorabant.
2459 2414 2707 2478 Exacta
2735 2425 2916 2496 quoqa}

465 2499 794 2579 oratione,
855 2499 1045 2567 tertio
1085 2500 1279 2586 juxta
1329 2498 1516 2566 senis
1557 2498 1925 2584 imperium
1979 2432 2438 2586 adspicientes
2485 2499 2572 2567 de
2629 2496 2921 2576 muroni-

467 2587 715 2656 derunt
748 2609 785 2655 a
827 2587 1028 2677 longe
1061 2588 1259 2673 quasi
1295 2586 1615 2655 nebulam
1653 2587 1737 2654 de
1773 2598 1949 2653 terra
1990 2608 2428 2676 consurgere.
2470 2588 2666 2669 Quod
2713 2604 2922 2655 cumi-f:-

466 2676 898 2756 nunciarent,
943 2677 1036 2744 ait
1076 2676 1426 2744 Sacerdos:
1464 2697 1500 2740 «
1535 2675 1800 2742 Domini
1833 2675 2164 2744 auxilium
2196 2690 2316 2743 est.
2353 2699 2389 2741 »
2419 2681 2686 2744 Interea
2706 2677 2922 2762 jamtre·

466 2765 813 2833 mentibus
833 2765 917 2832 ab
954 2765 1213 2852 impetu
1240 2765 1529 2832 arietum
1564 2764 1802 2843 muri5‚
1831 2763 2115 2850 jamque
2144 2765 2452 2843 ruituris,
2488 2786 2649 2833 ecce
2672 2765 2922 2834 Aetius&

466 2853 743 2920 Tbeudo
789 2852 928 2888 *⁴⁸⁴²*
976 2853 1372 2922 Gotthorum
1434 2858 1568 2920 Rex
1622 2875 1700 2921 ac
1749 2852 2302 2921 Thorismundus
2355 2853 2507 2942 ejus
2567 2854 2773 2932 filius,
2825 2867 2918 2918 cum

464 2941 873 3011 exercitibus
935 2943 1082 3011 suis
1142 2941 1225 3010 ad
1292 2941 1631 3009 civitatem
1691 2955 2110 3022 accurrunt,
2180 2942 2689 3028 adversumque
2743 2942 2919 3030 hostem

464 3030 857 3119 ejiciuntac
908 3029 1248 3120 repellunt
1278 3029 1475 3096 *****.
1528 3033 1764 3116 Itaque
1819 3029 2101 3098 liberata
2150 3032 2430 3098 obtentu
2460 3031 2644 3101 beati
2675 3027 2920 3099 Antistia

464 3119 754 3200 civitate,
795 3119 1059 3188 Attilam
1098 3118 1359 3208 fugant.
1406 3123 1750 3187 Hactenus
1784 3119 2155 3207 Gregorius
2183 3122 2627 3199 Turonensis,
2662 3117 2924 3207 quietiatti

465 3221 697 3297 postea
731 3208 1115 3297 subjungit,
1173 3208 1515 3277 neminem
1566 3208 1916 3295 ambigere
1964 3208 2232 3287 debere,
2287 3213 2699 3276 Hunnorum
2747 3223 2922 3294 exero·

466 3309 609 3365 tum
648 3302 717 3365 B.
757 3298 999 3366 Aniani
1046 3298 1328 3367 obtentu
1375 3295 1689 3385 fugatum
1741 3317 1912 3367 esse.
1982 3298 2303 3384 Sequitur
2351 3319 2539 3367 nunc
2601 3298 2665 3364 in
2715 3297 2921 3365 historia

465 3391 531 3454 S.
569 3387 838 3454 Auiani:

548 3475 585 3560 ξ
638 3480 722 3544 2.
778 3480 932 3544 Post
990 3497 1138 3542 eam
1195 3495 1231 3542 e
1290 3471 1605 3542 barbaris
1666 3487 2076 3562 reportatam
2141 3474 2524 3554 victoriam,
2580 3480 2643 3543 S.
2695 3471 2922 3556 Anianu}

463 3562 844 3632 laetabatur
880 3564 944 3631 in
1002 3563 1308 3642 Domino,
1362 3562 1543 3649 quod
1585 3561 1651 3629 in
1693 3575 1876 3631 tanta
1910 3563 2320 3642 calamitate,
2356 3577 2634 3649 tamque
2661 3565 2920 3651 praesenti

463 3652 889 3732 discrimine,
936 3652 1280 3721 neminem
1313 3673 1351 3719 e
1399 3651 1546 3719 suis
1577 3651 1944 3731 amisisset,
2002 3651 2133 3719 nisi
2183 3655 2237 3720 si
2274 3652 2431 3738 quis
2482 3652 2646 3720 sorte
2690 3647 2918 3717 divinam

463 3739 836 3826 desperans
891 3764 1088 3828 opem
1152 3753 1389 3809 contra
1442 3740 1594 3828 ejus
1653 3754 2092 3829 praeceptum
2145 3740 2438 3810 barbaro
2491 3740 2662 3810 hosti
2694 3760 2758 3806 se
2797 3733 2917 3830 ultro

464 3830 878 3898 tradidisset.
933 3835 1139 3897 Tanta
1194 3842 1420 3898 autem
1476 3828 1741 3897 meritis
1792 3829 1967 3897 beati
2035 3829 2159 3896 viri
2212 3843 2362 3918 post
2420 3851 2569 3897 eam
2640 3827 2912 3895 victoriam

461 3919 676 3988 extitit
722 3917 999 4008 frugum
1043 3918 1317 3988 ubertas
1366 3918 1436 3985 in
1487 3916 1959 3986 Aurelianensi
2010 3918 2367 3997 territorio,
2409 3930 2484 3987 ut
2535 3935 2771 4005 magna
2810 3905 2910 3976 inde

515 4082 538 4104 ⁵
570 4082 752 4122 Gallice
783 4082 905 4122 Melz.

512 4135 564 4160 ⁶*
594 4137 721 4174 Hanc
754 4133 986 4173 virtutum
1024 4135 1356 4183 gestorumque
1393 4133 1436 4173 8.
1470 4129 1634 4171 Auiani
1667 4129 1932 4178 historiam.
1965 4132 2022 4172 de
2057 4140 2150 4181 qus
2178 4134 2221 4174 S.
2243 4134 2492 4182 Gregorius
2513 4134 2613 4173 Tur.
2630 4125 2905 4170 sentilam&

462 4186 607 4228 ditatu
640 4190 967 4227 lamentamur.

511 4242 592 4268 '⁸³¹⁴‘
623 4243 710 4289 Qui
731 4243 1044 4280 Romanorum
1071 4241 1359 4280 exercituum
1381 4240 1475 4277 dux
1496 4241 1611 4278 erat.

515 4294 624 4319 *¹⁸¹⁸*
657 4292 743 4332 Alit
766 4295 1060 4333 Theodorum
1080 4299 1161 4332 aut
1180 4294 1520 4334 Theodericum
1542 4303 1647 4333 eum
1672 4294 1855 4333 vocant.
2821 4333 2826 4340 Ι

513 4345 651 4372 *****
682 4348 744 4384 De
762 4347 849 4384 hac
870 4346 1083 4385 Aureliae
1106 4346 1346 4385 obsidione
1367 4347 1472 4384 vide
1498 4344 1619 4386 inter
1638 4348 1774 4391 altos,
1795 4345 2038 4384 Sidonium
2058 4347 2389 4394 Apollinarem,
2411 4346 2488 4394 qul
2508 4341 2714 4384 Animum
2734 4335 2898 4374 nun-⁸³⁸¹

460 4404 878 4448 consummatumque
889 4402 1144 4448 pontillum,
1165 4401 1285 4450 Lupo
1296 4412 1470 4449 parem,
1489 4401 1789 4451 Germanoque
1811 4412 1896 4438 non
1915 4401 2126 4449 imparem
2144 4400 2374 4450 praedicat
2396 4399 2541 4450 (epist.
2563 4400 2620 4440 15,
2636 4393 2706 4433 lib.
2726 4393 2773 4432 9,-
