2993 4837
571 308 700 371 532
1165 324 1243 368 ne
1292 324 1347 370 s.
1388 323 1685 369 tonnano
1735 325 1834 368 er.
1889 323 2354 370 cammarssxst
2708 304 2857 367 Not.
2895 305 2950 367 l

485 410 577 477 ita
609 430 732 476 nos
778 406 1064 475 'adversa
1112 407 1344 474 omnia
1385 407 1633 476 salutis
1679 413 1890 476 causa
1945 406 2241 496 perferre
2289 407 2664 484 debemus,
2715 420 2770 474 et
2808 429 2886 474 ma
2917 408 2926 416 ’

484 497 699 583 hujus
740 495 1225 564 inundationes
1256 495 1539 584 perinde
1573 510 1648 563 ut
1683 495 1787 564 lac
1839 500 2107 586 sugere,
2154 510 2361 583 atque
2393 519 2550 564 cum
2602 502 2906 564 Praecutso
2940 524 2951 551 ···

484 585 755 654 Domini
811 585 877 652 in
930 584 1196 654 deserto
1252 584 1494 652 mundi
1551 585 1762 675 hujus
1819 585 2178 654 comedere
2229 585 2361 654 mel
2397 586 2793 654 silvestre.»
2828 589 2932 651 snm

483 695 866 742 memorare
910 674 1113 741 etiam
1166 673 1446 753 solebat,
1503 675 1845 742 Christum
1905 675 2295 752 Dominum,
2345 697 2506 742 cum
2565 689 2779 742 morte
2803 671 2923 739 affi

482 774 695 842 retur,
754 761 924 829 nihil
976 785 1420 851 repugnasse,
1476 762 1594 830 sed
1651 763 1874 851 potius
1926 785 2046 847 pro
2081 763 2180 831 eis
2222 769 2487 831 Patrem
2543 786 2754 831 suum
2798 763 2929 849 dep

482 865 710 920 catum
762 873 946 918 esse:
1003 852 1301 938 itemque
1349 873 1482 920 non
1522 852 1812 932 homini,
1855 852 1971 921 sed
2007 857 2160 932 Dec,
2189 852 2605 920 servandam
2642 875 2786 921 esse
2817 847 2942 916 vind*

481 950 686 1009 ctam.
723 944 967 1010 Verum
1002 940 1183 1008 euim
1239 962 1392 1009 vero
1428 963 1587 1009 cum
1628 964 1698 1009 se
1731 940 2305 1010 animadverteret
2348 941 2414 1008 in
2455 940 2708 1030 Anglia
2757 937 2938 1030 paste'

482 1027 785 1098 officium
840 1029 953 1104 ita,
1010 1041 1085 1098 ut
1116 1043 1479 1117 oporteret,
1532 1051 1842 1098 exercere
1878 1052 2012 1100 non
2052 1052 2274 1120 posse,
2331 1031 2804 1099 voluntarium
2847 1050 2935 1094 rou

483 1116 727 1208 plexus
766 1117 1109 1196 exsilium,
1150 1119 1217 1185 in
1262 1118 1518 1186 Gallias
1571 1119 1910 1209 migravit.

572 1209 608 1292 ξ
656 1210 790 1278 18.
849 1211 1051 1294 Capta
1102 1206 1264 1274 inde
1311 1209 1871 1295 opportunitate,
1928 1206 2105 1276 elam
2160 1208 2246 1275 ab
2295 1206 2538 1296 Anglia
2607 1203 2934 1275 discessit‘

482 1309 548 1363 et
598 1295 1114 1385 Pontigniacum
1171 1296 1236 1329 *⁴*
1286 1297 1352 1363 in
1389 1296 1645 1364 Gallias
1683 1296 2027 1385 profectus
2075 1310 2216 1364 est:
2271 1319 2407 1382 quo
2450 1297 2517 1364 in
2576 1296 2736 1364 loco
2779 1317 2919 1364 nor·

483 1384 828 1471 refugium
881 1397 946 1452 et
993 1384 1498 1471 receptaculum
1545 1384 1758 1453 fuisse
1816 1387 2130 1453 omnium
2175 1385 2262 1453 ab
2310 1386 2554 1475 Anglia
2618 1398 2910 1473 propter,

485 1473 738 1540 stitiam
799 1472 1269 1541 exsulantium
1336 1474 1827 1543 Praelatorum.
1897 1473 2048 1542 Illic
2110 1474 2192 1541 ad
2246 1496 2468 1543 annos
2514 1497 2645 1543 sex
2697 1473 2919 1541 delita.-

484 1562 725 1630 beatus
766 1561 1060 1629 Thomas
1101 1563 1672 1651 Arcbiepiscopus
1714 1562 2228 1631 cantuariensis
2269 1576 2333 1630 et
2376 1577 2698 1651 martyr:
2757 1565 2921 1630 item

484 1647 773 1717 celebris
808 1649 919 1718 ille
955 1651 1399 1738 Stephanusa
1434 1652 1898 1739 Languetonia
1925 1674 2083 1719 cum
2115 1650 2377 1737 aliquot
2410 1652 2917 1742 suffraganeis>

487 1738 727 1806 multis
757 1739 959 1806 annis
999 1740 1293 1827 palmam
1333 1741 1734 1808 certaminis
1782 1740 1889 1810 sui
1926 1740 2017 1808 ibi
2072 1740 2527 1830 praestolatus
2582 1756 2761 1810 erat.
2813 1746 2931 1807 Ex

479 1847 640 1928 vero
673 1829 877 1896 etiam
917 1849 1148 1897 versus
1182 1828 1549 1916 cujusdam
1593 1829 1676 1898 de
1711 1829 1859 1899 loco
1895 1829 2014 1897 illo
2048 1852 2062 1895 :

880 1969 987 2030 Est
1030 1970 1498 2046 Pontigniaeum
1547 1986 1695 2047 pons
1737 1972 1989 2046 exsuliS,
2039 1973 2270 2044 hortus,
2315 1971 2581 2050 asylum.

882 2048 993 2112 Hic
1038 2050 1339 2125 graditur,
1384 2052 1684 2128 spatiatur
1729 2054 1788 2112 in
1838 2054 1972 2126 boe,
2032 2053 2359 2128 requiescit
2401 2055 2464 2112 in
2516 2052 2656 2113 illo.

481 2186 573 2251 Eo
620 2204 778 2251 cum
832 2181 1128 2251 venisset
1184 2181 1428 2250 beatus
1477 2181 1912 2263 Edmundus,
1979 2183 2047 2252 in
2107 2183 2354 2272 primis
2411 2197 2807 2254 reverenter
2845 2203 2910 2248 ae.

538 2284 646 2340 tus
694 2284 838 2346 est:
896 2270 1127 2356 ibique
1176 2292 1613 2360 permanenS,
1671 2271 1942 2340 lectioni
1995 2286 2060 2340 et
2111 2271 2414 2341 assiduis
2467 2274 2800 2362 precibus
2846 2289 2934 2335 vare

484 2293 621 2439 flat,
667 2373 731 2428 et
772 2382 896 2429 sua
934 2381 1144 2429 manu
1177 2360 1609 2449 scriptitabat
1641 2384 1653 2426 :
1710 2360 2055 2430 interdum
2094 2362 2300 2430 etiam
2336 2361 2422 2430 ad
2462 2363 2850 2453 propinqua
2876 2358 2948 2424 lara

482 2449 1020 2518 concionaturus
1059 2449 1306 2518 exibat.
1356 2451 1634 2517 Interim
1673 2452 1861 2539 gravi
1916 2450 2153 2521 morbo
2193 2452 2595 2538 corripitur,
2653 2466 2722 2520 et
2760 2448 2874 2521 sole
2904 2466 2936 2509 n}

485 2538 703 2605 mium
735 2537 1062 2617 fervente,
1094 2538 1471 2607 familiares
1498 2540 1649 2628 ejus
1676 2539 2071 2609 consultum
2101 2539 2548 2621 arbitrantur,
2591 2554 2672 2609 ut
2702 2540 2784 2608 ad
2815 2539 2931 2605 loc

486 2627 1031 2714 temperatiorem
1074 2626 1546 2696 transferatur.
1603 2633 1838 2714 Itaque
1874 2629 1975 2696 vir
2017 2629 2130 2696 Dei
2171 2652 2208 2697 a
2251 2630 2659 2699 Pontiniaco
2698 2626 2950 2698 recede-fi

488 2714 884 2785 Soisacense
934 2715 1037 2749 *⁴³*
1100 2717 1595 2786 monasterium
1651 2717 1889 2805 petiit,
1958 2718 2073 2786 ubi
2130 2718 2332 2786 etiam
2387 2719 2524 2787 vita
2590 2719 2855 2789 functus
2884 2731 2927 2805 εξ

488 2802 887 2873 Dolentibus
936 2816 1161 2873 autem
1209 2806 1892 2885 PontiniacensibuS,
1949 2805 2133 2893 quod
2177 2806 2364 2895 ipsos
2424 2807 2929 2894 relinqueret.

487 2913 604 2961 eos
643 2892 1037 2963 consolatus
1085 2906 1226 2961 est:
1282 2917 1317 2959 «
1348 2894 1440 2962 Ad
1486 2894 1835 2981 proximas
1878 2894 2056 2963 beati
2101 2894 2442 2963 Edmundi
2499 2898 2712 2986 Regis
2759 2909 2815 2965 et
2852 2895 2890 2958 ,tl

488 2992 511 3047 t
566 2980 659 3048 ris
708 2981 912 3050 ferias
965 2994 1257 3050 revertar
1305 2983 1386 3050 ad
1443 3005 1583 3051 vos
1637 2988 1806 3051 Tum
1858 2985 2043 3052 enim
2082 2984 2182 3051 sol
2232 3007 2272 3051 a
2306 2984 2506 3053 nobis
2543 2985 2819 3075 longius
2876 3001 2921 3040 ε·

536 3091 681 3148 enS,
729 3069 977 3139 hiemis
1026 3069 1280 3161 frigora
1327 3071 1647 3140 adducet.
1687 3095 1722 3137 »
1781 3072 1974 3154 Quod
2016 3071 2293 3160 quidem
2343 3074 2745 3161 prophetico
2790 3070 2919 3159 spi-:-

485 3157 683 3227 illum
721 3158 998 3239 dixisse,
1046 3161 1357 3248 probavit
1390 3174 1699 3229 eventus,
1738 3161 1865 3229 Illo
1897 3162 2082 3230 enim
2120 3160 2231 3228 die
2270 3162 2752 3232 Pontiniacum
2787 3181 2853 3227 co
2908 3187 2911 3196 1

485 3249 637 3335 ejus
674 3247 961 3317 relatum
1016 3261 1141 3330 est,
1188 3248 1633 3337 implevitque
1683 3263 2034 3331 mortuuS,
2092 3249 2274 3337 quod
2321 3250 2552 3320 vivens
2605 3249 2879 3340 promise
2920 3271 2924 3296 ε

488 3337 609 3406 Ubi
645 3350 872 3406 autem
911 3336 1394 3407 animadvertit
1423 3337 1602 3406 diem
1637 3351 2015 3407 extremum
2059 3338 2479 3428 impendere,
2519 3346 2881 3409 sacrosanct
2924 3369 2927 3382 .

484 3425 732 3494 Christi
780 3448 1035 3515 corpus
1076 3427 1301 3495 afferri
1329 3426 1564 3515 jussit.
1608 3432 1695 3495 Eo
1728 3426 1959 3508 allato,
2001 3450 2162 3498 suas
2203 3427 2286 3496 ad
2324 3428 2494 3496 illud
2535 3451 2778 3498 manus
2804 3435 2929 3519 exte

485 3512 679 3593 dens,
719 3537 876 3582 cum
919 3515 1175 3604 ingenti
1214 3515 1465 3583 fiducia
1500 3516 1634 3583 ait:
1691 3538 1726 3581 «
1754 3521 1850 3583 Tu
1884 3539 1980 3595 es,
2031 3517 2334 3597 Domine,
2382 3518 2451 3584 in
2495 3539 2698 3604 quem
2740 3506 2946 3583 ered¹d¹·

481 3624 683 3688 quem
727 3603 1137 3691 praedicavi,
1178 3626 1381 3691 quem
1424 3605 1753 3673 veraciter
1782 3606 1984 3674 docui
2020 3628 2034 3672 :
2078 3617 2143 3674 et
2177 3618 2248 3673 tu
2293 3605 2464 3674 mibi
2506 3608 2692 3675 testis
2718 3628 2805 3682 es,
2833 3586 2953 3685 qutd

483 3690 550 3757 in
592 3693 788 3760 terris
832 3692 1000 3760 nihil
1067 3706 1332 3781 praeter
1382 3707 1441 3760 te
1481 3693 1814 3779 quaesivi.
1871 3699 1945 3762 Et
1995 3707 2070 3762 ut
2126 3706 2200 3761 tu
2253 3694 2429 3763 nosti
2476 3695 2646 3763 nihil
2692 3714 2787 3761 me
2820 3683 2945 3755 velle,

484 3780 617 3848 nisi
672 3781 853 3867 quod
914 3795 986 3850 tu
1034 3784 1177 3849 vis:
1234 3784 1322 3850 ita
1369 3782 1535 3863 fiat,
1595 3783 1874 3851 Domine
1910 3837 1924 3862 ,
1979 3782 2298 3859 voluntas
2349 3797 2485 3851 tua.
2529 3808 2563 3844 ›»
2615 3782 2948 3852 Mirabantur

480 3891 721 3937 omnes
755 3871 871 3956 qui
917 3870 1057 3939 illic
1092 3870 1398 3949 aderant,
1446 3873 1912 3958 putabamque
1966 3894 2122 3940 eum
2182 3871 2556 3940 alienatum
2604 3883 2808 3941 mente
2840 3866 2943 3932 hate

480 3956 729 4037 dicere,
773 3961 1066 4027 maxime
1096 3959 1276 4047 quod
1336 3960 1517 4027 baud
1556 3960 1753 4028 aliter
1793 3982 1864 4027 se
1897 3973 2180 4050 gereret,
2221 3982 2299 4029 ae
2333 3961 2389 4029 si
2428 3961 2775 4030 Dominum
2806 3964 2946 4022 came

482 4048 916 4127 crucifixum,
956 4071 1184 4117 coram
1222 4050 1627 4118 intueretur.
1665 4055 2031 4136 Postquam
2069 4061 2295 4117 autem
2342 4062 2817 4120 sacrosanctam
2845 4055 2938 4134 ρξὲῐ·

480 4138 659 4224 cepit
710 4137 1260 4216 Eueliaristiam,
1318 4150 1451 4206 toto
1505 4138 1621 4207 illo
1669 4138 1781 4206 die
1829 4138 1997 4207 adeo
2039 4137 2403 4225 jucundus
2451 4152 2517 4207 et
2564 4136 2782 4206 hilaris
2820 4129 2930 4196 fun.

536 4280 561 4305 ³*
592 4281 690 4317 Ann
727 4308 737 4323 ,
868 4278 891 4305 ν’
1112 4284 1133 4320 2
1195 4313 1201 4319 .

512 4331 583 4386 ἦ·
615 4292 736 4371 633.
767 4281 1123 4383 Ἰὶιῗιέῗὲριιῗὶἷοιη
1138 4284 1298 4383 4100qu
1335 4335 1397 4374 ab
1438 4334 1554 4373 urbe
1587 4337 1708 4374 Aua-e
1713 4349 1802 4377 ······
1826 4337 1897 4375 Ibi
1917 4336 2278 4376 celeberrimum
2297 4335 2400 4376 erat
2420 4335 2759 4376 cistercensium
2777 4323 2932 4368 ww?

483 4390 619 4423 rium.
642 4394 761 4422 anno
786 4388 901 4429 1144,
921 4390 1204 4430 extructum.
1226 4399 1373 4426 uuum
1398 4397 1422 4425 o
1445 4394 1647 4436 quatu-or,
1666 4392 1719 4428 ut
1740 4391 2046 4433 vocabantur,
2065 4390 2210 4439 hujus
2232 4390 2638 4439 Ordinlsfih‘omn.

538 4436 619 4460 Η*
652 4438 769 4475 Gall.
796 4437 958 4487 δοίεεμ,
978 4441 1027 4477 iu
1048 4440 1236 4488 regione
1259 4443 1334 4481 cui
1358 4451 1527 4480 nomeu
1549 4444 1623 4480 est
1644 4444 1761 4483 Brt'e.
