2993 4837
58 319 191 383 Not.
243 319 282 381 2
872 339 941 383 nt:
992 338 1314 385 suasimus
1346 339 1708 386 perunctis
2380 326 2464 388 39

54 438 97 489 et
148 435 365 489 mutua
420 423 1030 491 commiseratione
1080 424 1489 501 concutitur,
1545 424 1658 492 ille
1711 425 1990 511 inquam
2047 425 2554 497 consceleratus

52 532 109 578 ac
137 507 420 578 nefarius
452 532 717 580 novum
754 510 1097 597 quoddam
1133 525 1199 580 et
1236 511 1644 592 absurdum,
1687 513 2038 601 'sacrisque
2077 516 2552 586 sanctionibus

48 598 285 666 omnino
330 600 766 667 contrarium
803 598 1047 689 dogma
1083 600 1498 685 quibusdam
1554 601 1621 669 in
1659 601 1967 671 animum
2009 602 2263 690 injecit,
2305 626 2553 694 nempe

50 685 139 773 pia
170 687 381 754 omnia
418 708 639 776 opera
687 710 863 773 quae
913 701 1195 777 mortem
1233 703 1638 775 sequuntur,
1681 690 1941 759 nullam
1980 693 2262 761 omnino
2311 692 2552 762 deiun-

47 775 151 841 ctis
176 775 523 844 utilitatem
578 775 845 844 afferre.
894 780 1250 857 conclusit,
1293 779 1504 859 enim,
1553 778 1776 864 inquit
1807 781 2181 868 Scriptura,
2223 787 2395 850 Deus
2433 785 2553 851 ad·

50 884 237 931 versus
264 886 366 932 eos
396 866 551 943 (Job
586 864 743 951 xvi).
798 871 913 933 Et:
960 868 1336 956 Repertabil
1386 869 1839 958 unusquisque
1882 892 2004 957 per
2045 893 2303 958 eorpuS,
2334 873 2547 960 juaeta

52 953 105 1017 id
127 953 280 1041 quod
295 955 476 1040 fecit,
517 955 664 1022 sive
683 956 944 1034 bonum,
975 958 1117 1024 sive
1147 957 1403 1024 malum
1431 957 1527 1043 (2.
1559 962 1703 1027 Cor.
1742 956 1825 1043 v).
1863 962 1973 1026 Et:
2008 963 2086 1026 In
2112 961 2372 1046 inferno
2399 963 2548 1049 quis

48 1041 413 1128 confitebitur
443 1043 625 1110 cibi?
660 1044 797 1129 (Ps.
834 1044 925 1131 6).
964 1048 1039 1112 Et
1073 1065 1340 1123 rursu5,
1385 1047 1557 1126 Quia
1590 1056 1660 1113 ιιι
1693 1045 1926 1114 reddes
1955 1050 2315 1137 unicuique
2364 1051 2549 1117 'uoeta

48 1152 215 1216 opera
240 1152 358 1198 sua
395 1131 540 1218 (Px.
590 1134 727 1217 61).
774 1137 859 1201 Ac
891 1132 1211 1218 denique,
1263 1133 1451 1210 Quod
1486 1136 1765 1223 quisq-ue
1818 1137 2271 1215 seminaverit,
2352 1161 2448 1205 toc
2488 1149 2548 1205 ec

49 1227 210 1285 metet
238 1218 425 1305 (Gal.
450 1220 574 1306 vi).
602 1226 699 1299 At,
735 1243 775 1290 o
808 1222 1152 1309 sapientes
1189 1220 1313 1288 viri
1346 1222 1477 1309 (sic
1508 1223 1690 1290 enim
1728 1244 1844 1290 eos
1874 1222 2363 1309 alloquamur),
2405 1248 2547 1312 per-

50 1306 299 1393 vigilate,
337 1330 623 1394 quaem,
662 1324 866 1397 atque
901 1310 1078 1377 istud
1115 1308 1380 1389 discite,
1416 1333 1741 1411 magnum
1772 1310 2050 1397 quidem
2086 1313 2196 1381 Dei
2235 1315 2547 1383 omnium

56 1395 276 1463 Domini
322 1410 586 1466 metum
640 1420 831 1472 esse.
877 1420 1111 1467 verum
1160 1398 1373 1467 multo
1432 1421 1758 1485 maJorem
1810 1399 2228 1470 bonitatem:
2281 1415 2346 1470 et
2396 1402 2551 1471 hor-

52 1481 256 1553 rendas
296 1484 580 1570 quidem
638 1509 715 1554 ac
768 1486 1349 1576 pertimescendas
1404 1488 1627 1574 ipsius
1679 1487 1900 1557 minas
1952 1511 2147 1567 esse,
2206 1504 2546 1559 caeterum

50 1570 231 1657 ipsius
274 1573 767 1662 benignitatem
823 1574 1014 1644 nulla
1076 1576 1462 1663 conjectura
1521 1576 1774 1664 percipi
1831 1599 2074 1665 posse;
2128 1601 2207 1647 ac
2255 1578 2553 1665 denique

52 1660 104 1726 in
132 1659 329 1748 ipsius
360 1664 728 1732 sententiis
758 1686 839 1731 ac
868 1664 1231 1752 suppliciis
1264 1685 1685 1750 quamquam
1720 1667 1994 1735 terroris
2027 1666 2318 1737 multum
2361 1667 2544 1747 insit,

54 1769 252 1819 rursus
299 1765 519 1821 tamen
587 1752 1107 1822 miserationum
1171 1752 1389 1840 ipsius
1442 1753 1725 1841 pelagus
1773 1775 2045 1823 omnem
2089 1757 2416 1825 orationis
2450 1756 2538 1825 fa·

53 1835 318 1907 cultatem
354 1862 714 1929 superare.
768 1841 1298 1910 Animadvertite
1329 1840 1513 1909 enim
1547 1895 1563 1917 ,
1615 1842 1781 1928 quid
1827 1845 2174 1931 Scriptura
2225 1867 2417 1914 sacra
2467 1846 2553 1914 de

56 1924 199 1994 suda
238 1928 647 1999 machabaeo
708 1930 1076 1999 memoriae
1136 1929 1575 2019 prodiderit*
1611 1984 1625 2009 ‚
1682 1930 2009 1999 nimirum
2059 1954 2217 2002 eum
2271 1933 2335 2001 in
2391 1936 2545 2003 Sion

14 2032 15 2077 l
63 2014 221 2103 Regis
254 2019 475 2106 magni
518 2019 819 2097 civitate,
865 2040 1023 2086 cum
1068 2017 1424 2107 populum,
1483 2020 1594 2088 cui
1637 2032 1962 2107 praeerat,
2017 2022 2103 2089 ab
2150 2024 2394 2091 exteris
2437 2024 2552 2091 bo·

14 2084 17 2145 l
69 2102 236 2173 subm
256 2126 528 2174 caesum
569 2120 637 2175 et
670 2107 1151 2176 obtruncatum
1192 2108 1492 2185 vidisset,
1540 2108 1873 2193 sinusque
1903 2130 2138 2177 eorum
2175 2111 2544 2190 excutienS‚

14 2206 17 2263 Ι
74 2189 279 2261 cundia
314 2196 379 2262 in
427 2196 609 2283 ipsis
671 2195 858 2264 Idola
898 2196 1364 2283 comperisset,
1423 2197 1648 2265 statim
1700 2197 2022 2285 expiandi
2066 2197 2359 2284 hujusce
2408 2222 2552 2268 sce-

14 2280 17 2347 ;
79 2274 201 2349 teris
224 2300 401 2351 musa
442 2285 762 2363 Domino,
812 2285 893 2351 ad
951 2284 1487 2354 misericordiam
1539 2298 1852 2373 prompto
1909 2299 2112 2371 atque
2165 2308 2545 2375 propenso,

14 2364 15 2432 f
76 2384 603 2460 ρωιωοᾳυοᾳυθ
650 2394 889 2442 eorum
944 2395 1227 2442 munera
1278 2373 1651 2444 obtulisse:
1721 2375 1786 2443 in
1837 2396 2053 2462 eaque
2111 2397 2180 2443 re
2241 2398 2553 2446 summae

14 2453 17 2550 ζ
74 2454 355 2541 plautum
379 2463 752 2531 charitatis
788 2484 1069 2531 munere
1102 2462 1533 2551 perfunctum
1565 2462 1797 2532 fuisse.
1839 2465 2026 2534 Unde
2057 2466 2261 2534 etiam
2297 2465 2547 2535 sactum

14 2557 15 2572 ¹
66 2547 491 2638 estffltdivina
523 2552 902 2640 Scriptura,
938 2551 1522 2636 quemadmodum
1566 2554 1889 2640 on‘inib'us
1930 2552 2085 2621 aliis
2127 2555 2546 2632 nominibus,

70 2631 267 2705 itabat:
292 2658 566 2726 quoque
602 2641 877 2708 nomine
912 2641 1206 2709 summis
1239 2663 1396 2709 eum
1436 2641 1764 2710 laudibus
1794 2643 2107 2722 evexerit,
2144 2666 2221 2711 ac
2267 2643 2552 2713 mirifice

68 2727 525 2796 commendarit.
590 2793 597 2802 .

187 2814 263 2884 8.
306 2820 516 2885 Porro
566 2830 794 2885 autem
850 2817 1040 2885 Verbi
1078 2817 1405 2917 discipuli
1447 2831 1650 2903 atque
1681 2833 2180 2907 conspectores,
2225 2844 2262 2887 a
2296 2821 2552 2907 quibus

120 2897 610 2998 ,Jauuiversus
671 2920 915 2994 captus
962 2920 1108 2985 est,
1179 2906 1274 2974 illi
1338 2906 1620 2992 inquam
1675 2907 2040 2977 Salvatoris
2087 2909 2410 2997 discipuli
2473 2931 2552 2977 ac

14 3029 17 3104 >
79 2980 239 3058 dinei
265 2994 556 3082 Apostoli
592 3048 607 3071 ,
662 3008 735 3061 ut
785 2994 851 3060 in
899 2995 1270 3078 tremendis
1320 3017 1398 3062 ac
1460 2996 1652 3083 puris
1711 2997 2055 3082 vitamque
2107 2999 2552 3066 afferentibus

14 3111 17 3150 l
74 3081 365 3163 mysteriis,
400 3104 648 3151 eorum
692 3084 807 3168 qui
850 3103 1008 3151 cum
1056 3082 1187 3150 side
1234 3082 1413 3150 diem
1472 3085 1645 3153 vitae
1682 3100 2060 3154 extremum
2114 3086 2546 3167 clausissent,

14 3157 17 3222 l
68 3170 329 3238 memoria
380 3171 602 3249 fieret,
647 3170 1112 3239 instituerunt.
1167 3171 1352 3252 Quod
1407 3173 1608 3242 etiam
1667 3172 1860 3241 firme
1902 3186 2103 3259 atque
2136 3187 2546 3256 constanter,

65 3254 270 3326 aesino
312 3259 453 3328 ulla
487 3259 948 3330 controversia
1002 3260 1339 3328 Catholica
1391 3273 1455 3328 et
1510 3261 1887 3350 Apostolica
1941 3262 2264 3340 Ecclesia,
2311 3265 2399 3333 ab
2444 3286 2554 3332 ex-

66 3345 252 3413 tremis
294 3346 554 3417 finibus
597 3347 685 3416 ad
726 3364 1063 3417 extremos
1113 3371 1334 3434 usque
1395 3350 1588 3429 fineS,
1638 3351 1724 3419 ab
1763 3372 1842 3420 eo
1885 3363 2188 3434 tempore
2236 3351 2317 3420 ad
2373 3353 2554 3420 bunc

62 3447 236 3516 usque
266 3434 439 3505 diem
486 3459 763 3526 semper
805 3437 1121 3515 retinuit,
1170 3460 1248 3506 ac
1293 3438 1624 3526 tantisper
1655 3439 1821 3508 dum
1878 3439 2183 3509 mundus
2231 3441 2338 3507 hic
2386 3441 2549 3520 erit,

66 3519 342 3612 retinebit.
398 3531 533 3596 Nec
572 3547 725 3595 vero
760 3525 1260 3595 inconsiderate
1307 3548 1386 3594 ac
1441 3541 1686 3595 temere
1718 3543 1783 3596 et
1816 3528 1964 3596 sine
2003 3530 2259 3598 ratione
2310 3529 2435 3597 hoc
2469 3529 2554 3598 ab

66 3603 172 3676 illis
206 3626 298 3681 est
330 3615 745 3683 institutum.
802 3619 1028 3699 Neque
1060 3616 1242 3684 enim
1277 3616 1685 3701 quicquam,
1738 3617 1917 3701 quod
1973 3617 2262 3687 utilitate
2302 3632 2548 3697 careat,

65 3692 550 3772 Christianorum
595 3704 856 3792 religiO,
900 3726 1077 3789 quae
1111 3705 1197 3771 ab
1242 3705 1432 3772 omni
1479 3725 1709 3773 errore
1756 3704 1976 3774 aliena
2026 3723 2149 3784 est,
2205 3707 2549 3794 suscepit,

67 3779 354 3876 fixumque
384 3813 661 3880 semper
689 3815 768 3861 ac
809 3792 1050 3860 stabile
1087 3792 1366 3861 retinuit
1399 3816 1411 3859 :
1468 3794 1581 3861 sed
1619 3793 1945 3883 frugifera
1986 3795 2244 3874 omnia,
2290 3799 2553 3882 [leoque

68 3887 211 3956 grata
246 3894 439 3967 atque
469 3894 775 3965 accepta,
819 3881 1283 3970 majoremque
1320 3881 1384 3947 in
1425 3881 1703 3950 modum
1741 3882 1958 3958 utilia,
2005 3898 2207 3969 atque
2247 3884 2330 3952 ita
2369 3906 2558 3953 com-

71 3977 283 4052 parata,
332 3983 407 4038 ut
464 3970 766 4038 maxima
814 3993 892 4037 ex
946 3971 1027 4038 iis
1076 3968 1267 4038 salus
1314 3970 1599 4039 oriatur.
1657 3972 1986 4052 Quocirca
2046 3971 2558 4042 eruditissimus

72 4045 191 4144 file,
232 4069 424 4143 atque
474 4060 543 4127 in
593 4058 1020 4147 explicandis
1074 4058 1279 4128 rebus
1341 4058 1596 4129 divinis
1648 4060 2255 4130 exercitatissimus
2307 4062 2558 4149 Diony-

74 4141 477 4234 ⁵1‚u⁸*⁸(libet
524 4147 735 4227 enim,
771 4169 908 4233 quo
944 4147 1219 4238 planius
1270 4147 1388 4216 siat
1436 4148 1527 4216 id.
1567 4148 1745 4234 quod
1796 4149 2223 4237 probandum
2264 4150 2552 4228 institui,

76 4222 249 4319 (lirina
310 4257 386 4302 ac
450 4237 835 4306 veneranda
888 4238 1107 4325 ipsius
1166 4237 1366 4306 verba
1415 4237 1786 4326 usurpare)
1838 4238 1903 4305 in
1967 4238 2252 4322 mystica
2301 4260 2424 4307 sua
2475 4238 2559 4306 de

80 4331 137 4380 ¹¹8
168 4320 269 4403 qui
335 4335 618 4391 mortem
688 4325 1005 4394 obierunt
1070 4324 1694 4413 contemplatione,
1769 4324 2016 4393 diserte
2086 4328 2211 4395 boc
2276 4328 2553 4402 asserit,

114 4439 257 4485 '1211-
273 4448 474 4489 machab.
497 4459 577 4489 zu.
1073 4451 1125 4478 Φ*
1158 4451 1221 4489 De
1245 4451 1483 4491 &eteniam
1509 4452 1756 4491 Hier-arch„
1775 4461 1874 4498 cap.
1898 4459 1977 4490 vu.
