2993 4837
2867 231 2886 261 Ι

451 310 579 374 452
648 359 653 364 .
1227 324 1304 368 ne
1353 323 1408 369 S.
1464 322 1690 369 nmAco
1737 322 2031 370 comrssss.
2575 300 2729 366 NOY.
2773 302 2836 366 ⁴3

364 410 730 486 videretur,
772 406 1062 476 ulterius
1100 428 1222 475 nos
1265 405 1583 495 progredi
1617 461 1631 487 ,
1686 419 1750 474 et
1798 406 2072 476 beatum
2111 405 2309 474 illum
2347 405 2562 473 virum
2601 405 2662 472 in
2709 409 2839 472 San·

362 511 623 568 ctorum
672 517 958 566 numero
1021 517 1218 583 posse
1279 495 1718 574 adscribere3
1762 515 2059 581 quorum
2111 516 2270 563 cum
2314 494 2634 565 sententia
2675 495 2839 561 etiam

366 586 612 656 caeteri
645 586 886 654 fratres
918 584 1129 652 nostri
1166 583 1583 664 Cardinales‚
1621 606 1780 653 cum
1833 606 1870 652 a
1912 583 2211 672 singulis
2257 605 2497 673 graves
2528 582 2846 652 sententiae

363 676 584 745 dictae
616 687 867 754 essent,
905 673 988 741 ad
1024 694 1240 741 unum
1278 694 1520 741 omnes
1550 686 2073 742 consenserunt.

452 767 488 852 ξ
537 767 681 835 123.
736 768 921 844 Quae
982 785 1142 830 cum
1193 761 1643 839 audiremus,
1699 762 2010 848 gaudens
2077 773 2223 828 erat
2288 783 2407 830 cor
2473 774 2756 831 nostrum
2798 759 2850 827 in

366 853 675 925 Domino,
720 850 903 938 quod
956 850 1133 918 beati
1182 849 1358 919 servi
1398 851 1506 918 sui
1549 850 1838 939 gloriam
1875 849 2182 936 quotidie
2217 851 2438 941 magis
2472 848 2851 939 patefaceret,

364 941 756 1026 omniaque,
814 945 970 1027 Ipso
1021 939 1486 1017 benedicente,
1537 952 1669 1007 tam
1721 937 2007 1008 feliciter
2058 940 2524 1027 procederent.
2569 944 2771 1021 Quare
2803 937 2856 1004 in

366 1045 502 1099 tam
566 1043 802 1098 sancto
868 1029 1115 1116 pioque
1162 1049 1364 1117 opere
1430 1026 1600 1095 nihil
1667 1028 1953 1096 omnino
2023 1030 2445 1097 necessariae
2509 1028 2860 1117 diligentiae

368 1118 1004 1210 praetermittentes,
1059 1139 1138 1184 ex
1198 1137 1384 1184 more
1434 1117 1882 1202 institutoque
1941 1118 2306 1203 majorum,
2356 1117 2768 1187 decrevimus
2805 1129 2864 1182 ut

366 1208 448 1277 ad
505 1207 832 1276 ulteriora
871 1205 1392 1294 procederetur3
1445 1228 1524 1282 ac
1578 1204 1825 1273 diebus
1871 1204 2134 1291 aliquot
2182 1204 2627 1294 interpositis,
2675 1202 2865 1294 publi-

362 1319 520 1366 cum
586 1296 1068 1364 consistorium
1124 1294 1528 1373 indiximuS,
1585 1295 1650 1361 in
1702 1315 1863 1380 qu0,
1922 1307 2187 1382 praeter
2235 1295 2651 1371 cardinales,
2694 1293 2865 1361 etiam

364 1384 819 1464 Patriarchae,
856 1382 1393 1471 Archiepiscopi,
1435 1383 1755 1471 Episcopi
1795 1394 1861 1451 et
1901 1382 2181 1471 praelati
2225 1406 2467 1453 omnes
2501 1408 2580 1452 ac
2615 1382 2870 1451 lamilia·

368 1474 737 1543 res·nostri
803 1472 886 1540 de
959 1492 1146 1540 more
1198 1471 1675 1539 interfuerunt.
1719 1476 1792 1539 In
1838 1493 1917 1540 eo
1957 1494 2111 1540 vero
2147 1472 2438 1542 dilectus
2482 1473 2670 1542 filius
2711 1476 2871 1540 Pom·

366 1564 566 1653 pejus
600 1561 986 1651 ArigoniuS,
1027 1567 1373 1630 Romanae
1420 1560 1619 1627 aulae
1670 1574 1940 1629 nostrae
1979 1561 2474 1631 consistorialis
2506 1562 2869 1632 advocatus,

365 1651 690 1721 disertam
764 1650 1138 1719 orationem
1210 1649 1452 1717 habuit
1510 1648 1595 1716 de
1653 1648 1823 1717 vitae
1872 1649 2230 1719 sanctitate
2267 1705 2281 1727 ,
2338 1652 2543 1719 rebus
2591 1650 2791 1740 gestis
2826 1659 2872 1715 et

368 1739 722 1809 miraculis
772 1739 946 1807 beati
1002 1737 1276 1816 Didaci;
1337 1749 1401 1805 et
1440 1736 1738 1822 denique
1786 1737 2105 1806 catholici
2157 1740 2362 1828 Regis
2401 1741 2741 1826 totiusque
2785 1737 2872 1805 Hi·

367 1829 648 1918 spaniae
689 1828 989 1906 nomine,
1027 1840 1101 1894 ut
1148 1826 1467 1895 eumdem
1516 1827 1784 1894 beatum
1840 1827 2169 1895 Didacum
2207 1829 2413 1898 tantis
2449 1830 2711 1898 meritis
2744 1825 2870 1896 illu·

365 1932 570 1987 strem
626 1922 1025 1986 Sanctorum
1072 1937 1360 1984 numero
1401 1937 1939 2003 aggregaremus
1991 1916 2188 1985 nobis
2237 1917 2593 1987 humiliter
2633 1914 2870 2006 suppli·

364 2007 565 2076 cavit.
610 2006 1007 2080 Gaudemus
1052 2004 1253 2072 etiam
1310 2003 1433 2072 hoc
1489 2004 1635 2071 loco
1677 2005 1745 2071 in
1801 2003 2108 2085 Domino,
2155 2005 2221 2072 in
2275 2007 2478 2094 cujus
2532 2029 2740 2075 manu
2782 2024 2871 2070 cor

365 2096 570 2185 Regis
616 2108 739 2175 est,
777 2110 841 2163 et
873 2114 1312 2188 quocum-que
1360 2090 1649 2160 voluerit
1698 2092 1986 2161 inclinat
2035 2092 2230 2162 illud.
2270 2096 2533 2164 Etenim
2572 2095 2770 2186 plane
2803 2093 2872 2157 vi·

363 2185 700 2253 debamus
750 2205 882 2251 non
935 2182 1081 2250 sine
1115 2181 1349 2249 divino
1386 2181 1718 2249 instinctu
1759 2181 1906 2250 fieri
1953 2182 2137 2267 quod
2173 2184 2557 2253 catholicus
2599 2190 2754 2262 Rex,
2786 2178 2871 2248 cui

366 2272 743 2342 multorum
783 2292 1149 2360 regnorum
1202 2269 1611 2359 gravissima
1663 2269 2172 2341 administratio
2218 2295 2256 2340 a
2307 2278 2436 2341 Deo
2489 2287 2593 2342 est
2635 2270 2868 2346 tradita,

363 2363 620 2450 quique
670 2374 759 2431 tot
818 2381 1144 2429 curarum
1206 2380 1410 2428 onere
1461 2358 1844 2448 premitur,
1892 2372 2079 2429 tanto
2137 2360 2378 2431 ardore
2427 2362 2495 2431 in
2550 2362 2680 2432 hoc
2728 2356 2868 2430 beati

367 2452 602 2520 Didaci
630 2451 895 2540 negotio
923 2447 1337 2518 absolvendo
1374 2462 1780 2522 versaretur.
1807 2463 1883 2517 ut
1917 2449 1983 2516 in
2018 2452 2288 2540 magnis
2315 2464 2702 2539 temporum
2729 2446 2872 2517 diffi-

363 2540 762 2619 cultatibus,
803 2561 874 2606 se
913 2559 1176 2624 suaque
1214 2558 1420 2625 regna
1472 2537 1655 2626 apud
1713 2543 1924 2607 Deum
1965 2539 2114 2607 novi
2157 2539 2419 2627 patroni
2455 2540 2799 2629 suffragiis
2822 2548 2870 2603 et

366 2631 476 2718 pie
515 2642 579 2697 et
630 2627 1001 2719 prudenter
1050 2627 1535 2695 communiret.
1586 2631 1810 2708 Quare
1859 2628 2344 2715 respondimus
2393 2628 2713 2719 Philippo
2759 2623 2868 2714 regi

364 2716 723 2795 catholicO,
765 2716 849 2784 de
880 2716 1075 2784 beato
1108 2715 1378 2794 Didac0,
1422 2727 1652 2784 nostra
1684 2727 1747 2784 et
1777 2716 2197 2804 Apostolicae
2245 2716 2436 2786 Sedis
2470 2717 2865 2789 auctoritate,

366 2807 434 2873 in
488 2807 753 2874 Sanctis
784 2804 1261 2881 adscribendo,
1303 2817 1437 2873 tam
1482 2803 1885 2873 diuturnam
1928 2820 1992 2873 et
2027 2818 2570 2895 perseverantem
2609 2802 2871 2896 postula·

365 2894 619 2963 tionem
669 2893 952 2982 dignam
1001 2915 1149 2962 esse
1205 2892 1543 2981 singulari
1594 2892 1747 2979 ejus
1784 2894 2052 2982 pietate,
2090 2894 2368 2984 dignam
2410 2900 2739 2984 perpetuo
2781 2914 2868 2961 ca·

368 2981 659 3052 tholicae
709 2982 1060 3070 religionis
1101 2980 1589 3070 propagandae
1635 2982 1885 3062 studi0‚
1929 2982 2162 3052 laetari
2214 3006 2337 3053 nos
2375 2997 2440 3052 et
2493 2989 2624 3053 Deo
2654 2981 2870 3075 gratias

364 3094 588 3161 agere,
627 3071 805 3159 quod
851 3070 1082 3140 beatos
1131 3091 1359 3139 servos
1408 3092 1594 3150 suos,
1639 3092 1814 3156 quos
1866 3072 1932 3138 in
1985 3071 2195 3141 coelis
2242 3086 2549 3153 coronat,
2592 3096 2629 3141 a
2674 3083 2869 3141 nostra

363 3182 637 3248 quoque
691 3161 1014 3229 tenuitate
1065 3159 1133 3228 in
1184 3172 1362 3228 terra
1411 3159 1735 3228 honorari
1787 3160 1990 3239 velit,
2046 3183 2296 3248 eosque
2347 3162 2547 3231 nobis
2585 3161 2668 3231 ad
2711 3158 2871 3229 auxi-

363 3250 537 3320 lium
588 3264 650 3319 et
696 3247 1086 3337 exemplum
1142 3261 1500 3336 proponat.
1546 3253 1622 3316 Et
1672 3269 1795 3317 nos
1842 3249 2120 3336 quidem
2174 3250 2256 3319 ad
2298 3251 2490 3339 pium
2526 3251 2682 3340 ejus
2725 3246 2866 3318 desi·

361 3339 631 3408 derium
682 3337 1097 3429 explendum
1153 3338 1632 3426 propensiores
1664 3360 1835 3417 esse,
1888 3338 2112 3408 facere
2159 3352 2385 3409 tamen
2437 3340 2535 3407 rei
2587 3335 2866 3425 gravissi·

366 3451 515 3497 mae
567 3425 1157 3515 magnitudinem,
1213 3440 1284 3493 ut
1339 3425 1423 3494 de
1474 3426 1659 3515 regia
1711 3428 2034 3514 petitione
2089 3428 2318 3498 adhuc
2365 3451 2526 3497 cum
2579 3426 2867 3498 fratribus

365 3518 614 3586 nostris
654 3515 1133 3586 cardinalibus
1172 3528 1236 3583 et
1269 3515 1622 3603 Episcopis
1655 3516 1858 3584 etiam
1895 3528 2097 3604 atque
2126 3518 2332 3587 etiam
2375 3515 2862 3587 deliberandum

359 3627 823 3684 censereinus;
876 3624 1089 3690 quare
1137 3603 1409 3672 eosdem
1464 3603 1704 3673 fratres
1745 3604 1994 3674 hortati
2044 3628 2289 3676 sumus
2327 3620 2402 3675 ut
2441 3608 2698 3685 omnia,
2725 3621 2865 3691 quae

360 3695 445 3764 ad
499 3695 674 3763 lianc
723 3716 1002 3762 causam
1061 3694 1496 3781 pertinerent,
1534 3692 2065 3782 diligentissime
2111 3695 2652 3778 considerarent,
2683 3688 2862 3781 quod·

360 3805 494 3870 que
546 3806 669 3852 nos
720 3782 852 3872 ipsi
893 3783 1036 3870 jam
1085 3782 1347 3870 pridem
1387 3781 1835 3863 faciebamuS,
1877 3788 2087 3852 Deum
2139 3806 2555 3873 magnopere
2602 3790 2859 3855 orarent,

361 3886 438 3941 ut
483 3872 692 3942 corda
745 3884 975 3941 nostra
1010 3893 1135 3939 suo
1172 3870 1435 3938 lumine
1472 3870 1929 3952 collustraret,
1970 3886 2317 3958 totamque
2347 3872 2527 3943 hanc
2565 3874 2858 3941 actionem

361 3961 445 4029 ad
496 3962 606 4030 sui
641 3959 928 4050 gloriam
965 3974 1030 4029 et
1064 3959 1400 4028 Ecclesiae
1442 3960 1801 4029 utilitatem
1845 3961 2240 4062 disponeret
2276 3973 2338 4029 et
2373 3961 2713 4051 dirigeret.

450 4053 485 4137 ξ
534 4056 671 4122 14.
718 4055 895 4119 Haec
944 4072 1099 4117 cum
1144 4062 1372 4118 essent
1405 4063 1578 4128 acta,
1618 4048 1909 4119 alterum
1966 4066 2120 4119 item
2157 4051 2639 4120 consistorium
2674 4063 2852 4116 secre-

363 4152 505 4206 tum
559 4138 961 4219 indiximuS‚
1011 4139 1077 4207 in
1115 4160 1329 4224 eoque
1377 4139 1580 4207 etiam
1625 4138 2076 4219 Patriarchas,
2116 4139 2694 4229 archiepiscopos,
2734 4130 2852 4221 Epi·

364 4249 606 4313 scopos
656 4228 721 4294 in
781 4233 1083 4296 Romana
1137 4227 1333 4295 Curia
1390 4240 1828 4316 praesenteS,
1893 4227 2192 4297 notarios
2239 4249 2560 4315 quoque,
2621 4224 2724 4313 qui
2789 4240 2848 4287 ex

364 4334 653 4381 numero
723 4316 1091 4393 dicuntur,
1161 4329 1225 4383 et
1292 4322 1499 4386 Rotae
1545 4316 1892 4387 auditores
1942 4318 2268 4387 interesse
2305 4317 2664 4403 jussimus,
2712 4317 2844 4403 Tum

364 4423 490 4469 nos
550 4401 704 4488 ipsi,
761 4402 845 4472 de
894 4420 1364 4474 sacrosanctae
1422 4405 1634 4494 hujus
1691 4406 2113 4494 Apostolicae
2172 4406 2389 4487 Sedis,
2455 4407 2522 4475 in
2583 4425 2704 4492 qua
2759 4402 2842 4465 Del
