2993 4837
1977 242 2014 279 Ω

41 303 190 371 iov,
248 304 334 367 49
549 321 627 369 ma:
677 323 730 368 s.
784 322 1151 381 cusanam,
1203 321 1385 370 aucis
1432 322 1801 370 numanum
1847 323 2017 370 Fluit
2344 292 2471 370 585

41 404 595 490 irudentiamque
646 427 1145 492 nonnunquam
1193 408 1517 487 exercuit,
1572 418 1649 476 ut
1698 405 1798 475 vel
1848 407 2152 487 absente,
2208 406 2309 476 vel
2354 428 2561 476 occu-

41 495 417 564 iationibus
465 493 757 563 distento
820 499 998 585 Rege
1033 550 1047 573 ,
1116 496 1265 585 ipsa
1319 517 1435 585 per
1484 517 1555 565 se
1620 497 1812 584 regni
1867 495 2223 565 tractanda
2289 498 2562 585 negotia

41 606 149 653 ion
195 584 350 652 sine
401 582 607 653 laude
660 598 952 652 curaret.
1009 588 1388 653 Lactentem
1445 584 1480 618 *
1538 583 1768 653 adhuc
1828 589 2269 654 Hermannus
2320 585 2564 653 Turin-

41 674 157 761 giae
207 672 559 741 maximus
612 673 929 762 princeps
974 672 1207 762 (quem
1261 672 1464 762 vulgo
1506 674 1986 762 Lantgravium
2030 672 2303 761 vocant)
2337 672 2558 743 Ludo·

41 762 157 830 iico
204 760 350 829 filio
410 759 656 830 infanti
704 761 795 841 *Ὢ
846 762 1162 848 quamvis
1200 762 1526 848 utrinque
1577 762 1803 830 minor
1848 774 2032 832 aetas
2080 762 2251 830 foret
2281 816 2297 842 ,
2350 783 2560 849 quam

42 871 186 935 luae
232 850 400 938 jure
453 848 801 939 sponsalia
848 850 1082 920 subire
1133 864 1378 941 posset,
1437 850 1648 919 missa
1705 849 2082 938 legatione,
2149 850 2563 934 desponderi

41 938 428 1025 irocuravit.
487 938 935 1020 Quadrimam
1033 952 1241 1020 ostea‚
1297 938 1528 1009 missis
1578 939 1824 1007 iterum
1878 939 2142 1028 legatiS,
2196 940 2424 1008 afferri
2471 937 2558 1006 ad

41 1049 90 1094 se
136 1027 482 1115 precibus,
535 1040 599 1095 et
645 1026 922 1113 quidem
1001 1027 1323 1108 acillime‚
1362 1027 1683 1108 obtinuit,
1726 1027 1908 1114 quod
1953 1029 2209 1117 Regina
2248 1027 2557 1116 petitioni

41 1115 300 1184 libenter
347 1115 731 1185 admodum
782 1138 1085 1185 annuere
1134 1116 1277 1185 visa
1312 1130 1455 1185 est:
1511 1115 1580 1184 id
1631 1116 1814 1202 quod
1864 1116 2067 1185 etiam
2104 1117 2289 1207 regia
2322 1117 2553 1185 muni-

41 1203 281 1273 ficentia
330 1204 730 1273 declaravit.
776 1210 941 1274 Nam
981 1218 1422 1294 posteaquam
1462 1204 1705 1294 legatis
1754 1205 2127 1275 honorifice
2194 1205 2553 1294 susceptiS,

41 1291 301 1382 benigne
351 1293 638 1375 auditiS,
684 1304 886 1380 atque
934 1293 1436 1363 humanissime
1488 1295 1812 1374 tractam,
1870 1294 2085 1363 filiam
2131 1294 2196 1362 in
2235 1306 2557 1384 argenteo

41 1399 345 1450 cunarum
386 1396 790 1462 toreumate,
846 1381 1253 1452 mollissimo
1286 1384 1652 1452 cubantem
1692 1382 1964 1464 lectulO,
1999 1396 2065 1452 et
2097 1405 2327 1451 coram
2362 1382 2554 1451 exhi-

41 1468 205 1550 buit,
255 1483 319 1539 et
366 1470 927 1551 commendavit,
986 1471 1284 1559 plurima
1331 1493 1605 1557 quoque
1659 1493 1944 1540 munera
1993 1471 2200 1541 simul
2252 1470 2549 1555 obtulit;

65 1560 517 1659 paecepitque,
575 1559 873 1659 principi
919 1559 1246 1639 dicerent,
1285 1582 1370 1627 ne
1407 1573 1672 1648 putaret
1705 1561 1813 1629 his
1849 1572 2111 1629 tantum
2152 1559 2556 1629 muneribus

62 1645 490 1717 iberalitatem
525 1670 722 1717 suam
772 1647 1098 1717 limitari:
1151 1647 1493 1718 destinare
1551 1670 1645 1727 se,
1700 1649 1756 1716 si
1814 1648 2078 1718 diutius
2127 1650 2348 1718 vivere
2395 1671 2556 1719 con-

41 1731 121 1800 tin
167 1748 250 1816 at,
301 1737 607 1826 adjicere
654 1736 968 1827 gloriam,
1003 1736 1298 1815 divitiaS,
1354 1736 1669 1817 honoreS,
1726 1758 1849 1806 nec
1901 1739 2061 1828 pati,
2116 1751 2193 1806 ut
2244 1739 2552 1827 priorum

42 1822 125 1889 col
155 1825 280 1894 atio
326 1826 675 1896 oblivione
745 1826 1194 1914 posteriorum
1248 1824 1565 1909 vilescat:
1622 1827 2096 1895 tantummodo
2151 1828 2330 1896 bono
2378 1840 2554 1897 esset

44 1912 284 1993 animo,
335 1915 699 2001 filiamque
750 1915 920 1984 bene
966 1914 1516 1983 commendatam
1568 1914 1878 1983 haberet:
1932 1937 2002 1983 se
2060 1936 2278 2000 neque
2325 1914 2554 1985 decla-

48 2000 264 2070 randae
312 2002 831 2073 munificentiae
867 2056 882 2083 ,
937 2025 1155 2090 neque
1215 2003 1570 2092 augendae
1619 2003 1938 2092 dignitati
1986 2002 2374 2072 defuturam
2426 2002 2553 2072 ali-

49 2089 307 2170 quando.
374 2092 660 2182 Legati,
728 2093 933 2162 rebus
993 2114 1073 2160 ex
1135 2092 1349 2160 animi
1412 2092 1747 2161 sententia
1800 2114 2119 2181 prospere
2174 2091 2546 2173 confectis,

59 2177 519 2271 nobilissimam
574 2181 908 2270 virginem
959 2203 1098 2249 una
1144 2203 1300 2249 cum
1354 2180 1661 2249 donariis
1694 2180 2140 2268 accipientes,
2196 2180 2261 2247 in
2306 2181 2553 2248 Turin-

64 2282 206 2346 gtam
229 2266 326 2302 ⁴⁴*
357 2282 526 2339 sunt
576 2270 846 2349 reversi,
900 2282 1106 2356 atque
1154 2291 1194 2338 a
1230 2268 1563 2357 principe,
1621 2270 2041 2357 proceribu5,
2087 2267 2337 2337 aulicis
2382 2268 2554 2339 miro

66 2369 190 2450 cuin
230 2357 479 2445 gaudio
540 2358 865 2447 suscepti.
920 2358 1168 2428 Osculo
1220 2379 1369 2428 mox
1429 2358 1710 2428 infantis
1749 2357 2094 2447 applicata
2150 2357 2539 2442 Elisabeth,

63 2445 390 2533 principem
437 2460 504 2517 et
550 2469 789 2516 omnes
853 2448 974 2534 qui
1026 2460 1165 2516 tum
1224 2447 1528 2527 aderant,
1598 2468 1719 2535 pro
1761 2461 1894 2516 tam
1923 2447 2238 2536 jucunda
2289 2446 2553 2516 sutura—

61 2545 180 2595 rum
208 2536 597 2624 nuptiarum
630 2537 1245 2624 repraesentatione
1270 2536 1671 2605 exhilaravit
1702 2536 2325 2625 quamplurimum.
2359 2535 2547 2604 Jam-

55 2623 566 2717 quatriennium
619 2625 712 2694 ibi
761 2638 1092 2714 exegerat,
1147 2647 1305 2693 cum
1356 2647 1512 2694 ecce
1560 2624 1754 2695 foedo
1804 2646 2078 2694 rumore
2132 2625 2541 2714 percrebuit,

56 2704 342 2805 Reginam
392 2712 729 2784 insidiosa
764 2735 1121 2802 procerum
1170 2713 1632 2800 quorumdam
1672 2714 2179 2783 machinatione
2208 2713 2344 2783 sato
2379 2735 2545 2783 con·

56 2809 318 2868 cessisse.

124 2882 155 2965 §
197 2890 276 2955 2.
327 2893 466 2959 Hoc
516 2890 665 2959 aevi
711 2912 922 2980 agens
981 2889 1347 2970 Elisabeth,
1402 2902 1809 2980 argumenta
1841 2890 2175 2977 quaedam
2212 2913 2549 2981 saepenu-

60 2982 231 3060 φεῖ-ο,
267 2997 341 3045 ac
393 2979 602 3049 veluti
658 2992 1262 3069 progymnasmata
1311 2978 1583 3048 futurae
1632 2979 2012 3050 sanctitatis
2051 2979 2314 3049 edebat.
2360 2981 2551 3049 Basi-

58 3048 194 3126 licas
227 3084 517 3153 namque
549 3079 942 3137 sanctorum
993 3068 1326 3156 ingressa,
1367 3089 1486 3157 pro
1520 3067 1716 3136 altari
1765 3067 2071 3153 quolibet
2107 3090 2291 3138 nunc
2325 3091 2551 3158 genua

60 3137 250 3230 figere,
306 3175 486 3225 nunc
540 3156 831 3245 puellari
881 3156 1189 3225 decentia
1301 3157 1613 3235 rosterni,
1666 3178 1847 3224 nunc
1888 3156 2123 3225 oculos
2168 3178 2552 3244 manusque

58 3233 340 3325 attollere,
372 3257 471 3325 et,
512 3246 567 3314 si
619 3244 897 3331 quando
939 3246 1111 3313 inter
1152 3179 1528 3314 ludendum
1571 3246 1678 3333 (ut
1726 3244 1928 3313 habet
1976 3257 2161 3312 aetas
2201 3243 2350 3334 illa)
2401 3267 2552 3333 pro-

59 3334 207 3420 ¹.¹ffi‚e
250 3328 461 3402 clausi
502 3334 738 3423 templi
787 3333 965 3404 sores
1012 3334 1436 3410 accessisset,
1483 3333 1679 3403 humi
1771 3334 2191 3411 rocumbere‚
2246 3346 2310 3401 et
2356 3355 2551 3401 saci-a

59 3398 261 3509 ¹!111151a
292 3421 598 3491 crebrius
631 3421 953 3493 osculari.
992 3421 1321 3491 Luctandi
1352 3422 1553 3491 etiam
1594 3435 1701 3491 stu
1760 3423 1820 3491 io
1854 3422 2282 3491 occasionem
2320 3421 2549 3490 humi-

58 3485 232 3595 litatis
267 3511 649 3590 quaerebat,
690 3523 1019 3580 staturam
1063 3532 1256 3579 suam
1296 3511 1461 3580 scite
1496 3510 1870 3580 admodum
1909 3509 1992 3578 ad
2036 3509 2332 3599 alicujus
2365 3531 2400 3577 e
2442 3532 2552 3578 so-

62 3575 294 3690 dalibus
326 3617 557 3668 mensa
590 3599 1079 3688 corpusculum
1111 3622 1125 3665 ε
1162 3621 1367 3686 quam
1399 3599 1520 3669 ubi
1550 3611 1777 3668 tenero
1805 3611 2130 3668 arctatam
2158 3597 2544 3686 complexu,

63 3673 267 3778 artifici
300 3697 515 3756 rotatu
552 3688 924 3767 afflixisset,
964 3689 1190 3757 statim
1225 3701 1290 3756 et
1323 3689 1473 3787 ipsa
1516 3700 1874 3778 prostrata,
1916 3688 2182 3755 veniam
2228 3685 2543 3775 petend0,

62 3753 582 3845 offensiunculam
616 3831 631 3858 ,
699 3777 757 3845 si
814 3798 951 3862 qua
1015 3777 1559 3856 intercessisset,
1622 3775 2141 3866 deprecabatur.
2197 3774 2544 3844 Decimam

64 3860 360 3954 quamque
411 3864 910 3950 portiunculam
966 3864 1222 3945 lucelli,
1284 3865 1464 3951 quod
1529 3865 1664 3954 ipsi
1724 3886 1802 3933 ex
1865 3864 2022 3934 lusu
2074 3863 2542 3953 provenisset,

69 3946 436 4041 pauper-ibus
483 3954 804 4043 erogabat
855 3952 1124 4040 puellis,
1178 3953 1409 4021 debito
1448 3953 1604 4022 illas
1647 3953 1906 4022 obstrin
1962 3974 2085 4021 ens
2121 3952 2541 4021 Dominicam

69 4034 468 4130 precationem
528 4054 591 4111 et
649 4041 1039 4132 Angelicam
1092 4042 1573 4111 salutationem
1641 4041 1897 4110 funden
1958 4042 2000 4109 i.
2065 4047 2218 4110 Jam
2283 4061 2543 4108 nonum

70 4116 290 4204 lssgredi
320 4144 571 4224 annum
606 4144 945 4220 coeperat,
988 4153 1149 4199 cum
1188 4144 1463 4219 repente
1499 4143 1766 4219 praeter
1802 4130 2116 4199 omnium
2147 4129 2542 4218 opinionem

72 4207 340 4294 princeps
373 4234 535 4303 ipse,
581 4219 819 4308 sponsi
856 4233 1068 4308 pater,
1102 4241 1182 4288 ex
1218 4218 1343 4287 hac
1385 4219 1518 4288 vita
1553 4219 1892 4308 migravit.
1937 4218 2184 4289 Aetatis
2216 4218 2542 4308 deinceps

111 4349 351 4454 :ssssngtnm
377 4375 493 4418 enim
522 4390 696 4420 nntium
726 4380 905 4430 agebat.
1317 4381 1371 4407 ¹¹*
1400 4381 1624 4421 Undecim
1655 4389 1801 4421 annos
1831 4382 1989 4420 natus.

272 4424 443 4474 oppido,
469 4432 542 4473 cui
578 4434 810 4485 Warthan-9
837 4443 1009 4474 nomen
1039 4435 1128 4476 ast.
