2993 4837
535 283 661 346 528
1124 300 1200 344 na
1249 299 1302 344 s.
1345 297 1641 344 annuntio
1691 300 1786 343 ar.
1843 296 2303 344 etiamnum&
2663 277 2806 341 ΜΠ.
2845 278 2900 340 tfi

451 384 549 450 vir
599 395 875 452 sanctus
924 388 1201 451 Crucem
1260 403 1471 450 manu
1513 381 1804 459 tenebat,
1857 403 2064 467 quam
2110 384 2408 453 subinde
2449 384 2735 456 intuens,
2767 379 2908 448 modo

447 474 686 541 acerbe
739 471 1069 559 plorabat,
1128 470 1329 538 modo
1385 469 1627 538 leniter
1679 470 2099 539 subridebat.
2170 477 2662 562 Lacrymarum
2708 469 2759 535 ei
2809 480 2948 535 tutn=

445 584 651 629 causa
703 574 867 638 erat,
928 575 999 627 ut
1033 561 1178 648 ipse
1218 560 1334 636 ait,
1401 559 1581 644 quod
1636 580 1794 627 cuin
1843 559 2036 627 multi
2089 575 2315 632 essent
2377 560 2566 630 verbi
2616 556 2910 630 auditores.

449 648 737 717 factores
789 649 1114 738 perpauci
1162 661 1504 727 extarent;
1548 647 1702 716 licet
1737 648 1979 716 Christi
2033 651 2262 738 passio
2295 651 2394 719 eis
2433 649 2524 718 ob
2565 647 2788 716 oculos
2820 665 2918 713 ver-

447 751 758 818 saretur,
815 759 937 806 nec
998 738 1364 805 innumera
1433 741 1836 805 Sanctorum
1912 737 2224 826 exempla
2301 738 2646 809 deessent.
2717 732 2926 804 Ridebat

448 848 625 905 vem,
664 825 844 913 quod
894 848 1027 894 non
1078 825 1097 893 i
1157 837 1446 905 noraret,
1505 845 1624 912 per
1671 824 1914 910 Christi
1954 828 2341 915 passionem
2395 839 2461 896 et
2518 831 2791 895 Crucem
2838 823 2954 902 ini-5

453 937 689 984 mensa
742 915 856 984 toti
909 914 1058 983 orbi
1106 849 1439 982 beneficia
1493 912 1765 982 collata.
2952 985 2954 996 .

535 1006 572 1090 ἓ
621 1008 765 1075 18.
823 1003 1311 1072 abstinentiam
1365 1003 1433 1070 in
1498 1001 1827 1071 omnibus
1889 1002 2311 1092 singularem
2378 1004 2466 1073 ab
2522 978 2700 1093 ipsis
2760 999 2932 1088 primis

450 1094 689 1161 aetatis
719 1093 932 1161 initiis
959 1103 1390 1160 consectatus
1414 1102 1538 1170 est,
1583 1104 1744 1179 puta
1780 1092 1847 1157 in
1892 1113 2229 1172 sermone,
2274 1092 2453 1169 cibo,
2498 1106 2696 1180 potu,
2734 1108 2928 1162 somno,

450 1183 792 1268 rebusque
833 1181 1012 1260 aliis,
1067 1193 1403 1267 quantum
1457 1179 1805 1248 humanae
1838 1179 2092 1249 ferrent
2125 1182 2324 1261 vireS,
2376 1183 2444 1250 in
2482 1182 2572 1250 iis
2626 1194 2932 1264 temperas

451 1270 580 1338 tiae
615 1270 922 1339 studens.
979 1270 1132 1338 Solo
1183 1290 1357 1358 pane
1404 1281 1469 1337 et
1516 1290 1696 1354 aqua
1757 1269 1962 1338 sextis
2012 1268 2199 1339 feriis
2246 1283 2619 1339 contentus
2683 1267 2835 1336 fuit:
2874 1266 2881 1274 ’

454 1359 718 1427 terdum
751 1357 969 1427 solum
1005 1362 1248 1448 panem
1275 1356 1509 1436 edenS,
1556 1356 1822 1425 nullum
1858 1358 2142 1427 omnino
2181 1372 2412 1446 potum
2456 1357 2768 1426 admisit.
2808 1360 2877 1423 Un

450 1447 518 1516 id
567 1460 1010 1516 consecutum
1061 1460 1183 1525 est,
1227 1458 1301 1515 ut
1352 1467 1849 1532 nonnunquam
1905 1446 2086 1515 labia
2120 1448 2270 1535 ejus
2306 1448 2518 1517 scissa
2576 1445 2890 1514 viderentu

449 1550 524 1605 ut
572 1535 741 1605 solet
792 1535 982 1604 arida
1047 1535 1289 1614 telluS,
1347 1534 1705 1603 humorem
1775 1534 2039 1605 sitiens.
2109 1536 2512 1605 Defluebant
2559 1558 2604 1602 a
2666 1534 2860 1622 capite

448 1624 663 1694 barba
715 1623 859 1712 pili,
908 1623 1192 1692 medicis
1221 1624 1371 1711 ejus
1423 1624 1518 1691 rei
1556 1644 1838 1692 causam
1874 1623 2289 1705 dicentibuS,
2371 1625 2509 1693 uod
2560 1645 2814 1712 corpus
2842 1621 2924 1716 εἰι

454 1714 866 1782 humoribus
905 1712 1308 1781 destitutum
1350 1724 1550 1782 esset.
1607 1712 1787 1781 Cibis
1838 1713 2237 1783 vescebatur
2277 1647 2685 1781 vilioribus:
2723 1707 2873 1797 quod

450 1802 769 1871 adessent
816 1801 1105 1869 delicata
1167 1799 1421 1869 lercula
1470 1814 1536 1869 et
1588 1813 1787 1888 potus
1837 1800 2126 1883 lautior,
2197 1803 2430 1870 minus
2498 1803 2585 1870 iis
2657 1800 2914 1870 utebatur

448 1890 728 1960 Nolebat
761 1904 835 1959 ut
886 1913 1008 1960 sua
1059 1911 1267 1958 causa
1327 1890 1696 1976 quisquam
1757 1911 1836 1957 ex
1888 1890 2038 1979 ipso
2091 1891 2552 1980 perquireret,
2618 1884 2901 1976 quibust

453 1979 744 2069 prandio
787 1980 964 2048 vesci
1008 1978 1242 2047 vellet:
1287 1990 1350 2046 et
1390 1979 1444 2046 si
1495 1978 1844 2065 appositas
1891 2001 2084 2048 escas
2109 1980 2463 2068 ‘quispiam
2520 1973 2924 2047 commendas-

451 2081 573 2147 set,
629 2082 905 2168 gustare
952 2090 1066 2135 eas
1109 2067 1402 2145 nolebat,
1454 2066 1635 2153 quod
1674 2067 1998 2154 opiparas
2046 2090 2194 2137 esse
2236 2068 2396 2137 inde
2458 2066 2924 2156 conjiceret&

448 2158 700 2226 cundis
732 2170 795 2224 et
826 2158 1090 2244 quartis
1137 2155 1349 2236 seriiS‚
1402 2155 1699 2240 itemque
1741 2156 1808 2223 in
1847 2158 2366 2245 Septuagesima
2406 2156 2747 2224 carnibus
2788 2154 2920 2220 abstr

453 2247 638 2314 nuit:
678 2248 961 2316 caeteris
994 2244 1239 2313 diebus
1273 2266 1482 2332 prope
1511 2243 1682 2312 nihil
1712 2266 1747 2312 e
1776 2246 2108 2314 carnibus
2142 2244 2236 2313 vel
2276 2246 2594 2334 piscibus
2628 2245 2916 2330 attingens

447 2356 573 2403 nec
622 2348 844 2403 tamen
890 2333 989 2402 vel
1032 2333 1554 2422 disputationes,
1597 2331 1695 2400 vel
1750 2334 2241 2423 praelectiones
2284 2334 2688 2403 intermisit.
2727 2337 2919 2426 Prome

451 2438 559 2494 tus
593 2425 678 2493 ad
728 2424 1184 2493 sacerdotium
1224 2422 1319 2491 vel
1362 2422 1891 2510 presbyterium,
1947 2423 2192 2492 duram
2234 2422 2420 2492 illam
2463 2422 2740 2492 vivendi
2792 2432 2921 2487 ratic

450 2535 632 2593 nem,
676 2535 883 2599 qnam
918 2514 1147 2581 carnis
1172 2511 1670 2580 excruciandae
1703 2515 1913 2580 causa
1940 2525 2358 2600 susceperat,
2397 2513 2607 2581 etiam
2652 2510 2918 2579 duriorem

447 2602 689 2671 effecit.
746 2602 1117 2670 Rarissime
1154 2601 1257 2670 bis
1305 2601 1373 2668 in
1441 2600 1552 2668 die
1606 2599 1871 2677 edebat,
1930 2600 2134 2686 idque
2186 2622 2319 2668 non
2374 2601 2505 2669 nisi
2560 2600 2832 2669 honesta
2866 2612 2922 2659 η’

451 2691 630 2758 tione
682 2691 1155 2777 persuadente.
1206 2689 1504 2775 Denique
1540 2701 1802 2757 tantum
1856 2688 1968 2758 ille
2004 2689 2136 2758 sibi
2184 2689 2650 2759 abstinentiae
2702 2688 2920 2775 rigorem

448 2778 809 2857 indixerat,
851 2792 924 2846 ut
976 2777 1280 2867 plerique
1318 2801 1353 2845 e
1390 2779 1535 2847 suis
1587 2791 1901 2865 putarent
1931 2800 2087 2847 eum
2130 2776 2224 2846 vel
2274 2792 2496 2846 mente
2545 2762 2918 2867 captumst&

450 2867 584 2935 vita
637 2867 970 2955 privatum
1006 2867 1110 2935 iri.
1154 2871 1225 2934 ln
1265 2887 1498 2955 preces
1532 2864 1814 2935 sedulus
1856 2866 2319 2947 incumbebat,
2351 2880 2416 2935 et
2457 2868 2525 2933 in
2566 2866 2752 2935 nuda
2780 2863 2854 2931 hu

449 2955 789 3044 defigebat
836 2978 1083 3043 genua.
1139 2954 1346 3041 idque
1397 2954 1738 3023 interdurn
1780 2968 1916 3025 tam
1968 2954 2254 3036 duriter,
2295 2968 2369 3023 ut
2402 2967 2800 3044 erumpente
2829 2965 2922 3017 san·

449 3045 659 3201 {uine
705 3046 993 3113 alterum
1048 3067 1231 3133 genu
1278 3042 1829 3133 adspergeretur,
1885 3043 2175 3112 alterum
2230 3064 2385 3113 vero
2420 3065 2696 3132 semper
2740 3037 2920 3130 callum

507 3146 753 3202 uceret.
809 3132 1114 3221 Singulis
1153 3131 1398 3202 diebus
1438 3133 1670 3201 omnia
1724 3132 1967 3201 Christi
2004 3132 2314 3201 crucifixi
2353 3133 2664 3201 membra
2702 3154 2740 3198 a
2766 3136 2918 3213 capul

451 3244 673 3308 usque
720 3221 802 3291 ad
869 3222 1074 3311 pedes
1124 3221 1523 3310 singulatim
1578 3220 1920 3290 salutabat
1987 3221 2070 3291 iis
2137 3221 2402 3289 verbis:
2469 3223 2826 3290 Adoramus
2872 3222 2920 3281 te,

454 3312 733 3389 Christe,
771 3321 891 3379 ecc.
924 3309 1237 3392 Quotidie
1269 3311 1470 3378 etiam
1526 3310 1830 3398 triplices
1861 3310 2129 3378 dicebat
2169 3310 2479 3378 horarias
2532 3331 2777 3400 preces,
2809 3314 2922 3388 quas

451 3400 655 3488 vulgo
707 3402 907 3469 horas
960 3412 1220 3477 vocant,
1264 3412 1423 3483 puta
1473 3399 1872 3477 Canonica8‚
1912 3399 2127 3466 sancti
2166 3398 2486 3487 Spiritus,
2525 3413 2591 3467 et
2635 3402 2923 3486 perpetuae

450 3490 748 3577 Virginis
812 3490 1095 3556 Mariae:
1150 3487 1582 3572 addebatque
1650 3488 1851 3555 etiam
1918 3486 2233 3557 Officium
2285 3485 2783 3556 defunctorum.
2826 3483 2924 3569 Post

454 3578 753 3665 primurn
797 3599 1174 3665 exsurgens
1223 3598 1572 3654 somnum,
1630 3597 1782 3644 mox
1844 3575 1942 3644 vel
1992 3575 2075 3644 ad
2132 3575 2584 3665 precandum,
2639 3573 2728 3642 vel
2770 3564 2922 3658 medl-

453 3667 766 3746 tandum,
824 3665 920 3733 vel
978 3664 1341 3753 legendum
1395 3685 1464 3734 se
1498 3663 1912 3741 conferebat,
1965 3679 2029 3732 et
2077 3676 2211 3733 tam
2272 3677 2423 3754 post
2484 3677 2826 3733 nocturnas
2862 3672 2921 3715 ‘’1-

452 3755 677 3841 gilias,
727 3778 901 3841 quas
952 3755 1316 3822 Matutinas
1366 3767 1628 3831 vocant,
1690 3775 1897 3840 quam
1949 3768 2106 3822 ante
2164 3774 2303 3832 eaS,
2360 3754 2453 3822 ita
2500 3743 2918 3842 perseverabat·

456 3849 730 3912 Lectum
784 3843 1061 3930 quidem
1102 3843 1343 3912 habuit
1392 3842 1558 3911 satis
1609 3843 1889 3911 honeste
1928 3842 2429 3929 compositum,
2486 3865 2609 3910 nec
2655 3854 2840 3908 tamen
2877 3848 2916 3892 ΙΝ

453 3932 570 4001 illo
619 3933 937 4011 cubabat,
980 3932 1093 4001 sed
1148 3933 1214 3999 in
1270 3930 1606 4007 scabello,
1681 3952 2180 4017 nonnunquam
2238 3932 2443 3999 etiam
2510 3929 2680 3998 nuda
2730 3925 2913 3992 humo:

451 4021 865 4108 quandoque
917 4044 1070 4089 vero
1118 4034 1325 4108 caput
1363 4019 1741 4108 pendulum
1789 4018 1870 4087 ad
1920 4020 2166 4089 lectum
2211 4019 2609 4088 reclinabat.
2651 4007 2915 4108 Interdum

452 4112 683 4189 etiam,
738 4123 814 4180 ut
874 4109 1163 4179 dimidio
1214 4121 1482 4178 tantum
1542 4130 1825 4197 corpore
1891 4109 2314 4194 quiesceret,
2380 4108 2621 4178 sedens
2682 4095 2912 4194 captebat

456 4220 817 4268 somnum:
873 4198 1081 4285 idque
1128 4199 1332 4266 annis
1383 4197 1663 4287 triginta
1713 4197 1800 4265 ita
1844 4197 2085 4265 fecisse
2132 4196 2461 4266 creditur.
2539 4196 2946 4281 Linteamtssfl»

453 4288 989 4373 operimentum,
1032 4286 1129 4354 vel
1167 4287 1524 4355 culcitram
1555 4308 1687 4355 non
1716 4287 1978 4366 habuit,
2018 4285 2133 4355 sed
2170 4286 2266 4353 vel
2302 4268 2903 4374 pallioselepomme.

458 4374 595 4440 sive
640 4374 1195 4463 superhumerali
1248 4378 1512 4464 tegebat
1541 4397 1645 4443 se.
1683 4379 1909 4445 Vestes
1960 4391 2033 4444 ut
2083 4374 2464 4464 plurimum
2507 4370 2718 4443 habuit
2750 4359 2905 4432 colose
