2993 4837
532 280 659 344 330
1018 296 1095 341 ne
1144 296 1198 342 s.
1253 295 1651 342 monteauro
1700 294 1993 342 Ancutssp.
2048 295 2417 342 COLOMENSI
2696 278 2846 343 Not.
2891 281 2914 342 ἶ

444 381 763 449 conscius
806 386 948 468 ipse
999 380 1155 459 sibi;
1212 380 1721 480 pergebantque
1756 378 1990 448 simul.
2039 385 2125 447 Ea
2162 402 2368 448 causa
2411 379 2687 466 quidam
2719 393 2831 448 tam
2861 404 2918 448 ex

445 468 742 548 clericis,
781 489 989 554 quam
1025 489 1102 536 ex
1133 467 1469 538 mtlitibus
1509 468 1903 557 suspicione
1938 469 2176 548 territi,
2215 469 2302 536 ab
2345 468 2620 537 illorum
2654 490 2719 537 se
2759 472 2920 538 comi·

445 570 588 626 tatu
658 557 1157 627 subduxerunt.
1216 562 1456 646 Magna
1535 578 1689 625 vero
1754 579 1911 645 pars
1980 557 2405 647 Episcopalis
2464 556 2754 626 familiae
2802 581 2919 626 cum

444 646 627 714 cocis
674 645 1093 733 jamdudum
1149 646 1230 714 ad
1287 646 1663 734 hospitium
1731 646 2284 734 praeparandum
2361 656 2835 734 praecesserat,
2881 662 2922 714 et

496 735 649 803 auci
694 756 853 804 cum
909 734 1227 823 pontifice
1283 748 1779 804 remanserant.
1836 734 1987 804 Sole
2049 749 2454 825 properante
2501 735 2585 803 ad
2636 757 2920 804 occasum.

445 758 665 891 liostia
699 846 858 893 cum
902 823 1302 892 immolante
1338 836 1658 912 properat
1690 822 1770 891 ad
1825 845 2041 903 aram,
2081 837 2158 893 ut
2208 824 2397 893 steret
2447 824 2728 893 Domino
2770 825 2926 892 sacri·

446 912 679 980 licium
716 913 1209 1000 vespertinum,
1257 912 1436 999 quod
1481 911 1766 1000 dignius
1813 925 1957 981 erat
1988 913 2053 981 in
2108 913 2279 1002 lege.

533 1004 568 1087 ἓ
616 1007 766 1073 16.
822 1002 1010 1070 Circa
1072 1000 1560 1089 crepusculum
1617 1013 1888 1069 ventum
1956 1015 2056 1070 est
2103 1000 2185 1070 ad
2245 1001 2469 1071 locum
2526 1001 2924 1071 insidiarum.

445 1104 509 1158 et
539 1112 694 1159 ecce
743 1095 976 1159 Comes
1010 1090 1483 1158 enormitatem
1537 1090 1850 1178 concepti
1905 1090 2228 1159 facinoris
2276 1090 2722 1160 considerans
2753 1102 2811 1158 et
2848 1088 2929 1155 ab-

445 1180 756 1259 horrenS,
793 1178 1021 1248 dicere
1047 1178 1271 1266 coepit
1302 1178 1385 1245 ad
1430 1201 1626 1249 suos:
1662 1201 1697 1245 <‹
1735 1183 1862 1247 Vae
1899 1179 2067 1248 mihi
2109 1179 2356 1249 misero
2385 1183 2397 1247 l
2430 1178 2611 1261 Quid
2650 1191 2764 1255 est,
2795 1175 2927 1264 quod

444 1269 666 1336 facere
716 1266 950 1345 voluit,
1006 1281 1081 1337 ut
1126 1267 1486 1336 dominum
1540 1279 1604 1336 et
1635 1278 2006 1357 cognatum
2047 1290 2277 1337 meum
2327 1268 2807 1337 occiderem?»
2841 1268 2926 1333 Sed

449 1379 602 1424 mox
655 1355 776 1437 illi,
824 1377 997 1442 quos
1054 1356 1200 1445 ipse
1248 1356 1392 1443 jam
1445 1368 1602 1424 ante
1651 1357 1820 1425 flatu
1879 1356 2249 1426 Behemoth
2300 1356 2768 1436 succenderat,
2815 1375 2926 1422 eum

447 1467 693 1514 rursus
760 1446 1315 1525 inflammanteS,
1370 1444 1540 1513 adeo
1603 1444 1684 1512 ad
1739 1444 2009 1514 facinus
2059 1446 2596 1535 instigaverunt,
2650 1457 2723 1514 ut
2768 1444 2930 1513 instar

445 1533 716 1602 colubri
767 1554 1146 1615 venenum,
1209 1532 1391 1620 quod
1444 1533 1528 1603 ad
1583 1534 1782 1603 breve
1846 1548 2121 1622 tempus
2168 1547 2590 1614 evomuerat,
2643 1532 2930 1602 ardentius

448 1622 826 1691 resorberet
871 1634 935 1690 et
985 1637 1383 1702 resutneret3
1443 1623 1814 1709 statimque
1860 1645 2018 1692 cum
2069 1624 2424 1693 Heriberto
2487 1623 2577 1692 de
2629 1643 2781 1692 nece
2820 1620 2952 1708 Epi-3

446 1712 633 1800 scopi
706 1720 1002 1780 tractans
1054 1710 1465 1780 voluntatem
1525 1734 1720 1780 suam
1775 1711 1837 1780 ei
1891 1713 2229 1800 exposuit.
2311 1712 2434 1781 Ille
2480 1710 2845 1787 confestim,
2885 1720 2928 1775 ut

445 1800 728 1869 edoctus
767 1799 1055 1869 fuerata
1103 1798 1309 1868 fratre
1359 1821 1484 1869 suo
1546 1798 1879 1900 dapifero,
1934 1813 2293 1890 assumpto
2354 1822 2591 1870 secum
2645 1799 2927 1869 Heriberto

446 1890 530 1957 de
565 1894 885 1969 Swerem,
931 1888 1288 1957 dominum
1341 1888 1949 1979 Archieptscopum
2006 1902 2570 1977 praecesserunt:
2610 1903 2675 1958 et
2715 1888 2849 1958 c'um
2886 1888 2926 1951 in

448 1999 741 2046 ascensu
779 1978 1045 2046 montis
1076 1990 1274 2055 esset,
1316 1981 1553 2045 Comes
1578 1979 1712 2045 ait:
1750 2000 1785 2043 «
1825 1979 2128 2059 Domine,
2168 1978 2335 2047 haec
2369 1992 2471 2048 est
2512 1979 2620 2047 via
2661 1990 2876 2047 nostra.
2909 2000 2926 2027 ι

448 2066 567 2135 Cui
618 2066 996 2156 Episcopus
1054 2065 1441 2155 respondit:
1513 2089 1548 2131 «
1589 2067 1919 2136 Dominus
1970 2089 2094 2136 nos
2142 2067 2504 2136 custodiat.
2550 2091 2586 2133 »
2638 2072 2770 2136 Non
2799 2063 2923 2133 enim

446 2156 594 2226 sine
641 2156 1036 2244 suspicione
1068 2153 1218 2224 fuit.
1265 2159 1452 2223 Tunc
1486 2176 1729 2244 parum
1770 2168 2172 2244 exspectans
2199 2160 2458 2235 Comes,
2496 2156 2673 2226 alios
2703 2150 2925 2224 famulos

447 2254 598 2334 post
645 2265 801 2312 eum
862 2244 1069 2325 misit,
1132 2243 1562 2333 praecipiens
1602 2244 1722 2324 eis,
1763 2258 1837 2313 ut
1892 2246 2247 2314 Heriberto
2293 2247 2694 2316 assisterent
2746 2244 2803 2310 in
2842 2262 2923 2335 ⁸9⁹

444 2332 629 2422 quod
680 2332 794 2401 ille
847 2332 1210 2402 moliturus
1257 2344 1454 2401 esset.
1496 2337 1803 2420 Cumque
1847 2332 1988 2422 jam
2034 2355 2402 2403 concavam
2449 2334 2659 2411 viam,
2709 2351 2856 2420 quae
2885 2346 2924 2423 tn

448 2423 845 2492 summitate
894 2422 1169 2492 duabus
1235 2421 1395 2491 binc
1445 2421 1606 2491 inde
1654 2423 1919 2493 semitis
1966 2423 2395 2512 cingebatur,
2466 2424 2787 2493 dominus
2826 2424 2926 2515 Epl·

448 2533 699 2600 scopus
748 2510 1239 2600 ingrederetur,
1291 2511 1651 2600 praemissi
1687 2513 1860 2581 servi
1912 2514 2190 2582 Comitis
2237 2535 2395 2581 cum
2466 2525 2656 2582 tanto
2710 2519 2924 2602 strepltu

447 2601 712 2669 aditum
753 2611 1368 2688 praeoccuparunt,
1407 2613 1482 2669 ut
1522 2600 1724 2669 etiam
1772 2600 1917 2691 ipse
1967 2601 2291 2690 pontifex,
2346 2602 2527 2671 sicut
2575 2599 2768 2670 bodie
2799 2606 2925 2692 testts

448 2702 548 2757 est
597 2687 927 2756 Cellarius
974 2687 1059 2756 de
1110 2688 1585 2769 Hemenrode,
1626 2689 1959 2770 ‚turbatus
2018 2692 2408 2760 miraretur.
2465 2690 2595 2759 Alii
2635 2713 2670 2759 a
2711 2688 2950 2776 dextris.

450 2777 567 2845 alii
601 2799 641 2845 a
689 2776 990 2846 sinistris
1020 2776 1558 2864 gradiebantur:
1597 2778 1879 2864 quidam
1918 2800 2072 2848 vero
2124 2792 2299 2848 retro
2340 2801 2499 2848 cum
2538 2780 2782 2850 Comite
2815 2776 2926 2843 insi·

448 2865 600 2933 dias
648 2865 1108 2945 observanteS,
1164 2866 1651 2952 sequebantur.
1706 2873 1895 2936 Tunc
1929 2868 2329 2937 Heribertus
2370 2868 2650 2958 signum
2698 2868 2787 2934 eis
2808 2862 2925 2930 dans

450 2953 667 3039 quiin
719 2951 997 3022 latebris
1019 2967 1235 3034 erant,
1284 2969 1420 3024 tam
1459 2955 1859 3024 horrificum
1902 2955 2116 3025 edidit
2151 2957 2460 3036 sibilum,
2508 2971 2584 3026 ut
2633 2977 2757 3024 non
2787 2946 2927 3019 modo

454 3042 769 3110 homines
802 3041 1209 3131 proditionis
1263 3045 1515 3132 ignari,
1570 3044 1684 3113 sed
1737 3044 1941 3113 etiam
2009 3046 2193 3132 equi,
2249 3046 2507 3132 quibus
2563 3041 2923 3114 insidebant.

450 3145 825 3220 stuperent.
881 3137 1028 3201 Mox
1061 3133 1107 3200 ii
1143 3133 1263 3219 qui
1316 3145 1850 3222 praecesserant,
1889 3135 2208 3204 extractis
2252 3133 2506 3223 gladiis
2541 3131 2773 3202 reversi
2799 3136 2924 3195 sunt-

453 3221 526 3288 Id
566 3220 686 3288 ubi
716 3222 1071 3310 conspexit
1103 3222 1301 3290 miles
1331 3222 1643 3307 quidam,
1687 3222 1804 3309 qui
1864 3222 2038 3291 inter
2086 3222 2241 3292 illos
2289 3236 2354 3292 et
2387 3223 2786 3312 Episcopum
2809 3228 2922 3283 erat.

454 3311 728 3379 territus
776 3309 1139 3379 clamavit:
1195 3334 1230 3376 «
1267 3311 1574 3390 Domine,
1632 3310 1980 3380 ascendite
2030 3312 2162 3381 cito
2213 3310 2631 3381 dextrarium
2673 3320 2924 3400 vesti-uin.

450 3398 610 3484 quia
646 3420 832 3468 mors
884 3399 951 3466 in
980 3398 1222 3487 januis
1269 3413 1441 3468 est.»
1494 3401 1885 3469 Ducebatur
1916 3400 2100 3469 enim
2136 3400 2521 3470 dextrarius
2569 3422 2606 3467 a
2641 3412 2808 3484 tergo
2826 3405 2927 3477 eju&

452 3511 485 3554 a
529 3487 741 3556 nobili
792 3487 1224 3557 adolescente
1272 3487 1357 3556 de
1418 3488 1897 3557 Hemirsbach.
1953 3489 2268 3560 videntes
2322 3501 2548 3559 autern
2591 3483 2808 3556 famuli
2852 3481 2926 3544 Cn·

454 3577 662 3654 mitis,
708 3576 888 3662 quod
942 3575 1361 3646 dextrarium
1399 3577 1848 3658 ascendisset,
1887 3578 2289 3667 objecerunt
2327 3601 2399 3647 se
2444 3578 2532 3658 ei,
2590 3590 2652 3645 et
2688 3591 2842 3643 unus
2875 3585 2922 3629 υἱ

451 3664 590 3732 illis
628 3665 1011 3734 vulneravit
1042 3687 1198 3733 eum
1251 3666 1548 3755 graviter
1598 3666 1664 3733 in
1708 3688 1932 3746 crure,
1982 3666 2175 3736 nullo
2224 3690 2380 3736 eum
2433 3664 2828 3758 defendente,
2849 3672 2924 3720 ei·

451 3767 648 3841 cepto
702 3753 918 3824 milite
953 3754 1269 3823 Cunrado
1323 3754 1407 3823 de
1469 3756 1853 3836 Tremonia,
1916 3756 2034 3841 qui
2084 3755 2395 3827 districto
2441 3777 2604 3824 ense
2648 3747 2923 3839 Hertberlo

453 3843 798 3912 Rinekore
845 3864 918 3912 se
951 3843 1223 3933 objecit,
1269 3865 1470 3929 quem
1523 3856 1749 3912 tamen
1805 3844 1863 3912 is
1913 3844 2312 3914 Heribcr'tus
2355 3856 2780 3936 antevertens,
2821 3831 2921 3931 ᾃΗῬ

453 3932 521 3999 in
560 3931 778 4001 fronte
827 3933 1190 4021 percussit;
1217 3948 1283 4002 et
1320 3954 1478 4002 cum
1517 3955 1589 4001 se
1615 3933 1703 4002 ab
1738 3932 1853 4001 illo
1894 3932 2256 4003 Cunradus
2304 3945 2647 4009 averteret,
2685 3927 2799 3998 alto
2823 3931 2948 4008 κω1

455 4019 631 4088 inter
678 4021 1001 4110 scapulas
1047 4042 1205 4091 eum
1243 4022 1649 4091 vulneravit.
1703 4026 1915 4107 Atque
1964 4022 2076 4090 hic
2114 4035 2216 4093 est
2259 4021 2374 4091 ille
2415 4021 2796 4090 flet-ibertus.
2834 4023 2913 4091 1³⁰¹

459 4108 663 4192 paulo
697 4122 853 4178 ante
880 4109 1243 4179 dominum
1288 4111 1700 4211 Episcopum
1742 4123 2290 4200 praemonuerat,
2331 4124 2407 4180 ut
2437 4111 2494 4180 si
2530 4128 2726 4183 secus,
2766 4108 2912 4185 quam

459 4197 603 4282 ipse
641 4198 985 4296 sperabat,
1022 4220 1130 4269 res
1165 4211 1486 4278 eveniret,
1532 4221 1860 4269 excusare
1893 4221 1964 4269 se
2010 4214 2256 4289 posset.
2299 4205 2380 4269 Ut
2428 4212 2640 4268 autem
2676 4188 2907 4259 viderunt

460 4284 624 4350 llaec
679 4284 778 4352 llli
845 4287 964 4372 qui
1012 4301 1206 4356 erant
1263 4309 1421 4356 cum
1474 4288 1833 4379 EpiscopO,
1888 4310 2152 4370 omnes,
2209 4288 2442 4357 relicto
2488 4309 2585 4366 eo,
2643 4278 2902 4435 sufferunt·

460 4371 633 4451 Quid
690 4385 837 4460 post
886 4376 1052 4444 haec
1103 4375 1186 4443 de
1221 4375 1339 4445 illo
1389 4389 1656 4466 gestum
1712 4378 1821 4459 sit,
1876 4391 2019 4446 tum
2076 4391 2350 4468 propter
2398 4396 2663 4447 suorum
2733 4375 2895 4451 ugam·
