2993 4837
515 301 643 365 680
1252 315 1329 360 nr.
1377 314 1433 360 s.
1488 312 1807 360 unacumo
1856 311 2144 359 MARTYRE
2627 294 2775 359 Nov.
2809 296 2869 360 25

424 401 631 492 pedes
680 399 1144 489 ImperatoriS,
1190 397 1500 467 clamans
1539 412 1605 466 et
1635 397 1906 466 dicens:
1953 420 1991 464 «
2031 402 2195 467 Sum
2234 396 2676 467 Christianus:
2706 396 2878 466 audite

424 511 686 570 omneS,
727 510 879 559 sum
932 487 1385 557 Christianus,
1434 510 1469 553 »
1507 487 1751 556 Decius
1800 499 2030 557 autern
2080 487 2292 556 simul
2334 500 2402 556 et
2434 487 2531 555 irc't
2564 485 2735 554 valde
2768 487 2882 574 per·

423 579 624 658 citus,
678 590 743 646 et
793 576 1072 646 dicendi
1121 575 1502 645 libertatem
1560 574 1988 654 admiratus,
2043 575 2333 664 ejusque
2392 574 2812 666 pulcritudine
2841 589 2886 642 et

423 665 904 756 magnitudine
950 664 1491 754 obstupefactuS,
1524 662 1734 750 jussit
1766 686 1923 733 eum
1964 665 2214 754 conjici
2274 665 2343 733 in
2393 663 2774 741 custodiam,
2812 663 2883 730 di·

420 776 625 825 cens:
665 777 703 821 «
745 755 869 823 Hic
918 753 1126 823 homo
1177 775 1312 822 non
1360 752 1823 823 consideravit
1879 774 2002 821 nec
2053 752 2384 822 intellexit
2442 751 2886 822 honoremsed

422 844 477 915 si
529 844 816 913 senserit
866 842 1194 931 probrum
1247 854 1312 911 et
1361 841 1843 932 ignominiam,
1884 854 2047 930 puto
2096 841 2260 921 fore,
2307 855 2384 911 ut
2431 863 2586 910 eum
2633 840 2710 909 ad
2755 841 2885 928 piam

422 932 778 1002 traducam
831 931 1335 1020 cogitationem.
1386 953 1421 996 »
1481 934 1647 1000 Cum
1709 931 1766 999 is
1815 942 2046 1000 autem
2094 931 2554 1000 abduceretur
2610 930 2674 999 in
2727 942 2894 998 ousta

421 1020 634 1100 diam,
699 1020 1078 1090 laetabatur
1150 1025 1401 1108 Martyr
1449 1031 1515 1088 et
1560 1017 1930 1100 exultabat,
1972 1024 2183 1089 Deum
2227 1019 2524 1089 laudans
2568 1031 2632 1088 et
2670 1017 2893 1105 gloriam

422 1110 483 1179 ei
539 1109 866 1179 tribuens.
908 1114 1108 1178 Nocte
1155 1121 1382 1177 autem
1436 1107 1558 1176 illa
1589 1108 1890 1197 Angelus
1930 1108 2196 1177 Domini
2243 1108 2306 1177 ei
2340 1119 2645 1199 apparet,
2678 1106 2892 1175 dicens:

425 1221 460 1264 «
497 1197 795 1277 Conside,
844 1197 1157 1276 Mercuri,
1207 1209 1272 1266 et
1322 1217 1405 1264 ne
1454 1197 1720 1266 timeas.
1788 1196 1996 1266 Crede
2051 1197 2120 1265 in
2177 1199 2576 1272 Dominum.
2639 1217 2816 1282 quem
2851 1216 2896 1261 es

423 1286 803 1357 confessus.
859 1291 1012 1376 Ipse
1058 1285 1243 1354 enim
1296 1297 1513 1374 potest
1574 1297 1636 1354 te
1690 1284 2025 1355 redimere
2077 1308 2158 1355 ex
2218 1288 2412 1356 omni
2486 1285 2840 1354 afflictione.
2877 1311 2896 1336 ι

422 1375 694 1445 visione
742 1387 969 1444 autem
1011 1373 1246 1464 Angeli
1298 1373 1491 1442 valde
1539 1373 1668 1442 fuit
1713 1373 2190 1444 confirmatus,
2867 1459 2876 1466 ·

510 1466 546 1550 ἓ
592 1467 666 1534 2.
708 1463 824 1532 Die
866 1484 1018 1531 vero
1049 1462 1360 1550 sequenti
1392 1485 1554 1532 cum
1594 1462 2045 1551 praesedisset
2079 1469 2464 1553 Imperator
2498 1464 2567 1531 in
2611 1458 2894 1531 tribunali.

413 1552 626 1641 jussit
667 1573 823 1621 eum
878 1551 1050 1631 sisti,
1087 1565 1152 1620 et
1197 1551 1365 1621 dicit
1411 1552 1516 1619 ei:
1555 1573 1593 1617 «
1643 1551 1768 1619 Hic
1818 1552 2037 1621 honor
2079 1564 2139 1621 te
2186 1553 2382 1622 decet
2446 1564 2717 1641 propter
2763 1563 2893 1618 tuum

424 1641 805 1740 pessimum
854 1641 1195 1710 animum.
1252 1663 1288 1706 »
1332 1639 1507 1708 Dixit
1548 1644 1823 1728 Martyr:
1879 1664 1914 1706 «
1966 1646 2067 1709 Me
2113 1640 2306 1710 decet
2342 1642 2456 1710 hic
2493 1641 2724 1710 honor:
2765 1658 2896 1706 acce·

424 1730 584 1818 pisti
624 1730 808 1798 enim
864 1751 966 1809 ea,
1015 1751 1193 1816 quae
1243 1741 1721 1818 praetereunt;
1788 1751 1908 1815 pro
1957 1729 2040 1797 iis
2098 1743 2328 1799 autem
2388 1730 2723 1820 accipiam
2779 1745 2896 1813 quae

424 1831 830 1907 permanent
897 1818 963 1886 in
1025 1830 1401 1887 aeternum.
1465 1840 1500 1883 »
1553 1816 1728 1886 Dixit
1777 1823 2155 1907 Imperator
2186 1844 2210 1900 :¹
2262 1845 2284 1880 ε
2335 1820 2457 1888 Dic
2522 1818 2688 1887 mihi
2737 1834 2894 1906 genus

423 1918 618 1976 tuum
670 1919 734 1975 et
778 1906 1092 1995 patriam.
1138 1930 1171 1973 »
1226 1906 1398 1975 Dixit
1447 1905 1864 1975 Mercurius:
1912 1929 1950 1972 «
2005 1906 2073 1975 Si
2123 1907 2221 1975 vis
2257 1907 2434 1976 scire
2479 1928 2697 1997 genus
2730 1923 2895 1973 meum

421 2007 486 2064 et
538 1996 852 2085 patriam,
891 1995 1114 2064 dicam
1157 1995 1319 2064 tibi:
1362 2007 1553 2084 pater
1601 2016 1797 2064 meus
1852 1995 2220 2065 vocabatur
2260 1996 2679 2074 GordianuS,
2717 1991 2896 2081 Scytha

422 2106 695 2173 genere3
752 2084 1088 2153 militabat
1122 2105 1276 2153 vero
1311 2083 1379 2152 in
1430 2083 1698 2174 legione
1750 2084 2217 2153 Martensium.
2257 2087 2488 2154 Patria
2527 2097 2748 2154 autem
2777 2100 2893 2149 mea.

424 2173 507 2241 ad
551 2195 757 2260 quam
823 2194 1132 2263 propero,
1171 2186 1272 2242 est
1321 2172 1633 2241 coelestis
1662 2172 2066 2253 Jerusalem,
2105 2195 2281 2259 quae
2329 2185 2431 2242 est
2473 2174 2711 2244 civitas
2758 2168 2896 2256 Regis

422 2262 756 2331 coelestis.
798 2285 832 2328 »
871 2262 1045 2331 Dixit
1099 2274 1328 2331 autem
1389 2261 1672 2331 Decius:
1730 2283 1766 2326 «
1816 2265 1958 2331 Hoc
2016 2283 2100 2330 ne
2151 2262 2430 2332 nomine
2492 2275 2758 2332 vocatus
2798 2277 2896 2325 esa

427 2351 850 2441 parentibus,
905 2373 991 2418 an
1054 2350 1120 2420 in
1161 2349 1463 2420 exercitu
1518 2348 1904 2440 appellatus
1960 2349 2149 2420 fuisti
2200 2352 2645 2422 Mercurius?
2703 2373 2733 2414 »
2779 2345 2896 2414 Dixit

424 2444 699 2529 Martyr:
754 2464 789 2506 «
843 2440 1121 2509 Militiae
1159 2463 1195 2508 a
1229 2439 1506 2509 tribuno
1544 2451 1820 2509 vocatus
1869 2462 2023 2509 sum
2077 2440 2485 2510 Mercurius.
2537 2465 2574 2508 »
2621 2439 2772 2508 Dixit
2806 2438 2896 2502 lm·

424 2542 717 2618 perator:
757 2552 792 2595 «
830 2534 962 2598 Cur
995 2551 1127 2598 non
1170 2528 1339 2598 sacis
1372 2530 1552 2599 sicut
1589 2529 1865 2616 jussum
1917 2528 2046 2597 fuit
2077 2530 2404 2598 omnibus
2441 2529 2892 2616 hominibus&

421 2616 585 2687 deos
639 2618 908 2698 adorea,
950 2619 1245 2707 priorem
1312 2629 1505 2687 tuum
1560 2616 1889 2686 honorem
1943 2617 2334 2706 recipiens?
2387 2620 2610 2688 mavis
2667 2638 2740 2685 ne
2781 2629 2894 2706 mort

422 2707 490 2774 in
539 2706 940 2775 tormentis?
993 2708 1105 2776 Dic
1156 2707 1313 2786 cito,
1360 2706 1587 2775 sciens
1634 2718 1694 2774 te
1741 2728 1890 2774 esse
1939 2719 2249 2775 vocatum
2291 2720 2674 2795 propterea.
2717 2728 2747 2770 ι
2784 2702 2896 2769 nint

421 2797 842 2865 Mercurius:
899 2818 933 2862 a
973 2801 1133 2883 Ego,
1170 2808 1247 2865 ut
1292 2794 1550 2873 dixisti,
1589 2794 1746 2863 ideo
1788 2795 1964 2874 veni,
2008 2808 2084 2864 ut
2119 2808 2179 2863 te
2213 2796 2586 2875 vincerem,
2630 2808 2691 2864 et
2730 2788 2894 2859 diabe

421 2882 565 2951 lum
616 2884 843 2953 omnis
898 2884 1039 2953 vitii
1102 2885 1520 2953 inventorem
1561 2907 1574 2948 :
1628 2898 1693 2951 et
1740 2905 2066 2952 coronam
2111 2884 2431 2953 victoriae
2490 2883 2805 2973 accipiam
2844 2874 2894 2942 ab

421 2972 829 3061 agonotheta,
850 2971 1009 3042 ,lesu
1036 2973 1300 3042 Christo
1334 2971 1620 3042 Domino
1651 2993 1820 3040 meo.
1848 2972 1998 3043 Noli
2028 2994 2189 3061 ergo
2221 2974 2490 3042 tardare
2517 2996 2643 3042 nec
2668 2969 2892 3065 differre:

422 3059 539 3131 sed
592 3060 656 3128 in
699 3082 804 3129 me
840 3060 1050 3148 imple
1088 3083 1267 3148 quae
1326 3061 1449 3130 tibi
1496 3060 1778 3129 veniunt
1829 3061 1896 3128 in
1938 3075 2260 3131 mentem.
2299 3065 2530 3132 Habeo
2579 3061 2750 3130 enim
2791 3054 2894 3123 lon·

422 3171 573 3235 cam
628 3147 786 3217 fidei
826 3162 889 3218 et
921 3149 1265 3240 clypeum,
1306 3171 1423 3238 per
1461 3171 1639 3235 quae
1677 3150 1943 3218 vincam
1980 3171 2253 3219 omnem
2295 3152 2750 3224 tentationem,
2776 3158 2894 3229 quae

422 3237 753 3307 adversus
791 3260 898 3307 me
928 3240 1304 3327 excogitata
1346 3251 1411 3309 et
1446 3250 1628 3307 mota
1661 3237 1887 3307 fuerit.
1930 3261 1963 3303 »

511 3329 547 3413 ἓ
593 3331 673 3399 S.
714 3332 902 3396 Tunc
943 3327 1111 3396 dixit
1152 3333 1535 3416 Imperator
1576 3327 1676 3394 ira
1711 3326 1992 3414 plenus:
2050 3350 2085 3391 «
2137 3328 2473 3409 Quoniam
2512 3327 2682 3395 dicis
2721 3337 2774 3391 te
2815 3318 2894 3384 ha·

424 3416 582 3485 bere
616 3416 897 3485 loricam
945 3417 1102 3485 fidei
1135 3429 1198 3485 et
1237 3416 1584 3503 clvpeum‚
1611 3415 1825 3504 jubeo
1857 3427 1917 3483 te
1949 3414 2216 3485 nudum
2248 3415 2521 3485 extendi
2554 3415 2637 3483 ad
2669 3420 2892 3499 quatuor

423 3504 640 3593 paIOS,
694 3517 760 3574 et
807 3504 1176 3575 sublimem
1233 3488 1377 3575 tolli
1418 3527 1456 3573 a
1494 3517 1694 3573 terra.
1738 3528 1774 3569 »
1826 3508 1989 3572 Cum
2034 3503 2164 3573 hoc
2212 3518 2442 3574 autem
2477 3504 2719 3574 factum
2747 3506 2888 3567 esset·

421 3591 588 3662 dicit
622 3599 1023 3683 Imperator:
1057 3618 1092 3660 «
1133 3595 1257 3664 Ubi
1289 3607 1453 3664 sunt
1485 3615 1680 3662 arma
1712 3605 1828 3662 tua
1863 3591 2143 3662 bellica?
2175 3597 2297 3662 Per
2317 3599 2556 3664 Jovem
2589 3588 2888 3677 maximum

419 3680 706 3751 deorum
775 3682 970 3752 valde
1040 3682 1229 3752 fuisti
1301 3696 1647 3752 extensus.
1707 3705 1740 3747 »
1794 3685 2087 3751 Sanctus
2155 3695 2384 3752 autem
2457 3677 2799 3751 Mercurius
2842 3687 2886 3733 111

420 3770 687 3840 coelum
725 3770 1143 3861 adspiciens,
1181 3772 1385 3842 dixit:
1440 3794 1475 3837 «
1518 3770 1804 3839 Domine
1832 3775 2000 3840 ,Iesu
2048 3770 2333 3851 Christe,
2380 3771 2481 3840 fer
2525 3788 2709 3860 opem
2750 3775 2886 3830 servo

422 3871 559 3928 tuo.
611 3882 646 3926 »
682 3865 950 3931 Rursus
975 3861 1187 3949 jussit
1221 3867 1603 3950 Imperator
1635 3870 1836 3927 acuto
1870 3858 2102 3948 gladio
2135 3859 2357 3928 scindi
2407 3862 2558 3949 eJus
2587 3871 2818 3946 corpus.
2844 3856 2884 3938 §¹¹

419 3960 652 4038 postea
709 3950 938 4039 ignem
990 3949 1386 4029 substerni,
1440 3962 1518 4019 ut
1587 3949 1734 4037 ipse
1786 3947 2118 4036 paulatim
2193 3961 2530 4018 ureretur.
2591 3951 2881 4029 Sangumss

417 4050 648 4106 autem
689 4037 1133 4107 multitudine
1184 4061 1391 4129 rogus
1425 4038 1557 4107 fuit
1594 4037 1956 4106 extinctuS.
1996 4041 2288 4105 Sanctus
2329 4060 2485 4107 vero
2531 4034 2766 4130 sorti-et
2801 4039 2879 4109 gb*

419 4148 663 4196 neroso
711 4127 944 4195 animo
985 4126 1241 4198 ferebat
1291 4129 1415 4198 hoc
1472 4136 1915 4196 tormentum.
1957 4125 2202 4195 Decius
2259 4138 2488 4196 autem
2541 4126 2725 4213 jussu
2765 4128 2875 4208 eum

419 4214 614 4293 solvi,
656 4236 739 4284 ne
779 4215 986 4285 citius
1035 4229 1437 4297 moreretur,
1491 4227 1557 4284 et
1607 4214 1674 4282 in
1725 4212 2026 4300 quadam
2068 4214 2366 4284 obscura
2416 4215 2612 4283 domo
2647 4218 2763 4279 tuto
2803 4216 2875 4263 ἰΰ-

420 4300 631 4370 cludi.
687 4308 858 4372 Eum
902 4304 1132 4391 itaque
1184 4317 1552 4394 portantes,
1610 4303 2046 4392 projecerunt
2093 4302 2160 4370 in
2212 4301 2704 4374 domunculam.
2748 4301 2874 4374 <1⁰⁸3

422 4410 703 4475 parvam
749 4391 1044 4462 habebat
1098 4393 1647 4484 respirationem,
1708 4391 2179 4462 existimantes
2241 4392 2384 4462 sore
2439 4405 2511 4462 ut
2556 4383 2725 4481 paulo
2764 4380 2871 4465 90⁵¹
