2993 4837
136 286 324 353 Nov.
377 285 463 347 22
818 302 896 346 oz
943 301 997 348 s.
1047 299 1332 347 exacuis
1383 301 1670 347 manae
1717 303 1792 347 Er
1841 303 2007 349 Attis
2477 289 2603 352 653

138 395 592 475 Imperatores
608 384 994 473 jusserunt,
1017 384 1230 470 utqui
1257 405 1388 453 non
1415 385 1899 474 negaverintse
1925 407 2073 457 esse
2091 386 2537 468 ChristianOS,
2570 411 2693 477 pu-

136 477 448 559 niantur;
468 474 588 560 qui
619 486 848 542 autem
880 473 1298 562 negaverint,
1334 473 1812 544 dimittantur?
1838 498 1872 540 »
1899 476 2328 545 Dixitsancta
2357 477 2686 547 Caecilia:

133 590 177 631 «
208 565 313 634 Sic
347 564 551 631 vestri
574 583 845 651 semper
876 575 1107 631 errant
1130 567 1608 651 Imperatores»,
1639 565 1821 632 sicut
1844 565 2047 633 etiam
2078 578 2298 633 vestra
2328 565 2688 636 celsitudo.

133 660 307 724 Nam
346 674 523 740 quae
558 653 646 721 ab
679 651 852 740 ipsis
884 651 1215 741 processit
1248 654 1605 733 sententia,
1647 676 1764 723 vos
1793 653 2074 740 quidem
2118 666 2358 724 testata
2406 668 2505 723 est
2538 677 2688 724 esse

132 743 416 832 impioS‚
454 762 583 810 nos
613 752 842 810 autem
893 762 1043 809 esse
1089 740 1833 812 ostenditinnocentes.
1889 742 1952 812 Si
1989 743 2173 812 enim
2219 743 2481 812 malum
2518 756 2694 814 esset

131 833 269 901 hoc
301 852 575 907 nomen,
632 852 756 899 nos
805 829 1083 915 quidem
1116 829 1654 918 negavissemuS.
1711 836 1839 900 Vos
1887 845 2142 910 autem,
2198 846 2272 901 ut
2304 854 2430 901 nos
2477 833 2696 901 confi-

130 937 460 999 teremur,
508 919 794 987 omnino
836 918 1254 1008 coegissetiS.
1298 940 1334 984 »
1387 918 1559 986 Dixit
1592 919 2019 989 Praefectus:
2074 942 2111 985 «
2141 926 2266 989 Pro
2301 922 2547 1011 pietate
2570 944 2695 990 sua

130 1012 269 1080 hoc
320 1009 683 1078 voluerunt
730 1020 1049 1087 statuere,
1105 1019 1178 1076 ut
1229 1030 1353 1077 sua
1404 1007 1823 1097 benignitate
1871 1009 2080 1077 vitam
2112 1009 2461 1090 donando,
2500 1011 2695 1080 vobis

130 1098 637 1190 gratificentur.
673 1119 709 1163 »
762 1096 934 1164 Dixit
963 1109 1199 1166 sancta
1249 1096 1582 1166 Caecilia:
1640 1119 1675 1163 «
1715 1096 1896 1166 Nihil
1931 1110 2033 1166 est
2077 1119 2293 1184 aeque
2343 1098 2638 1198 impium
2673 1154 2688 1181 ‚

134 1187 312 1257 nihil
378 1209 533 1255 vcro
584 1200 719 1255 tam
773 1185 1204 1255 innocentiae
1252 1184 1642 1266 inimicum,
1696 1208 1904 1271 quam
1967 1185 2100 1254 reis
2159 1187 2393 1255 omnia
2444 1187 2695 1257 inferre

131 1276 485 1367 supplicia
533 1274 619 1344 ad
672 1273 825 1354 hoc,
881 1286 956 1342 ut
1003 1295 1200 1342 suam
1253 1273 1562 1359 iniquam
1631 1288 1963 1343 testentur
2009 1274 2459 1361 qualitatem:
2514 1290 2577 1345 et
2603 1276 2695 1346 'de

131 1387 373 1436 eorum
433 1365 504 1432 in
558 1363 884 1452 mysterio
919 1362 1124 1432 sociis
1163 1363 1641 1451 gravissimam
1704 1363 1953 1432 habere
2008 1364 2506 1450 quaestionem.
2560 1369 2693 1436 Nos

131 1469 417 1532 autem,
464 1474 640 1539 quos
693 1452 1089 1520 innocentes
1137 1451 1590 1540 cognoscitis,
1663 1453 1965 1521 nominis
2026 1451 2249 1522 solum
2323 1454 2689 1523 accusatis.

135 1542 268 1614 Sed
324 1563 492 1623 nos,
546 1540 669 1627 qui
719 1551 1037 1609 sanctum
1091 1560 1338 1609 nomen
1392 1539 1638 1609 Christi
1704 1541 2214 1630 cognoscimuS,
2287 1541 2357 1610 id
2406 1543 2691 1611 omnino

134 1652 391 1721 negare
433 1651 566 1699 non
603 1650 1000 1720 possumus.
1055 1632 1170 1696 Est
1222 1629 1404 1696 enim
1454 1628 1699 1697 melius
1752 1631 1923 1698 mori
1981 1629 2290 1711 feliciter,
2335 1652 2544 1717 quam
2598 1631 2693 1698 vi-

133 1743 295 1791 vere
332 1718 714 1788 infeliciter.
771 1722 902 1787 Nos
946 1717 1129 1785 enim
1166 1739 1323 1786 vera
1357 1716 1684 1797 dicentes,
1727 1740 1843 1787 vos
1879 1719 2236 1808 punimus,
2288 1720 2545 1806 quibus
2591 1732 2694 1789 est

136 1831 553 1899 persuasum
592 1820 667 1875 ut
704 1805 956 1874 falsum
989 1805 1309 1876 audiatis.
1351 1829 1387 1872 »

220 1901 260 1985 ξ
312 1901 463 1968 25.
522 1896 697 1964 Dixit
745 1893 1140 1963 Almachius
1194 1894 1624 1964 Praefectus:
1680 1919 1715 1960 «
1753 1895 1940 1984 Elige
2004 1908 2079 1965 tu
2128 1918 2347 1965 unum
2379 1919 2459 1967 ex
2518 1897 2692 1966 duo-

138 1991 309 2057 bus:
367 1998 485 2055 aut
541 1982 882 2062 sacrifica,
938 1998 1057 2052 aut
1099 2006 1272 2073 nega
1324 1998 1383 2053 te
1430 2006 1580 2053 esse
1629 1983 2114 2065 Christianam,
2168 1997 2245 2053 ut
2292 1985 2519 2055 delicti
2573 1986 2695 2055 tibi

139 2077 346 2145 detur
400 2075 619 2143 venia.
661 2097 696 2138 »
747 2079 935 2141 Tunc
998 2073 1168 2141 dixit
1229 2072 1463 2143 ridens
1526 2086 1760 2143 sancta
1812 2072 2143 2143 Caecilia:
2200 2097 2237 2140 α
2278 2074 2337 2142 Ο.
2373 2075 2690 2144 Judicem

144 2164 407 2251 pudore
444 2162 829 2233 necessario
863 2162 1220 2231 affectuml
1278 2162 1433 2231 Vult
1467 2184 1576 2231 me
1613 2184 1881 2251 negare,
1936 2174 2002 2231 et
2040 2184 2191 2232 esse
2226 2185 2333 2231 me
2370 2165 2690 2233 innocen·

150 2269 301 2334 tem,
350 2266 427 2322 ut
482 2253 629 2341 ipse
686 2273 792 2319 me
840 2251 1046 2319 faciat
1090 2250 1366 2320 crimini
1416 2251 1804 2320 obnoxiam.
1863 2252 1929 2320 Si
1981 2252 2081 2321 vis
2128 2273 2455 2321 accusare
2486 2306 2500 2332 ,
2569 2274 2695 2322 cur

149 2363 250 2410 me
295 2340 713 2420 adhortariS,
766 2354 844 2409 ut
881 2343 1163 2431 negem?
1213 2339 1328 2408 Sin
1361 2353 1589 2408 autem
1645 2341 1744 2408 vis
1796 2339 2170 2412 absolvere.
2224 2362 2350 2409 cur
2398 2362 2531 2409 non
2586 2342 2687 2410 vis

139 2432 532 2519 inquirere?
557 2453 591 2497 »
626 2430 797 2498 Dixit
831 2431 1218 2500 Praefectus
1240 2429 1679 2499 Almachius:
1713 2452 1748 2496 «
1777 2430 2042 2502 Adsunt
2075 2444 2536 2509 accusatores,
2575 2432 2690 2518 qui

139 2533 477 2590 testantur
538 2533 600 2588 te
638 2540 787 2588 esse
828 2518 1307 2587 Christianam.
1381 2519 1448 2588 Si
1512 2541 1672 2609 ergo
1730 2519 2253 2609 quamprimum
2307 2522 2687 2609 negaveris,

138 2611 456 2699 impones
513 2607 719 2676 finem
771 2628 1009 2677 eorum
1072 2608 1655 2677 accusationibus.
1722 2609 1837 2677 Sin
1903 2621 2130 2678 autem
2201 2608 2504 2680 nolueris
2577 2631 2692 2677 ne-

135 2721 323 2787 gare,
379 2698 507 2766 hoc
556 2710 711 2765 tuae
760 2696 1138 2784 imputabis
1185 2697 1548 2777 amentiae,
1587 2697 1866 2784 quando
1899 2698 1968 2766 in
2013 2711 2074 2766 te
2116 2697 2247 2766 lata
2298 2696 2501 2766 fuerit
2537 2719 2692 2767 sen-

135 2788 374 2856 tentia.
414 2809 449 2853 »
502 2786 677 2854 Dixit
707 2798 943 2853 sancta
992 2785 1314 2859 Caecilia:
1365 2808 1399 2852 «
1430 2790 1676 2853 Eorum
1711 2786 2057 2855 accusatio
2090 2798 2194 2855 est
2230 2786 2399 2855 mihi
2427 2786 2691 2855 deside·

137 2876 380 2956 randa,
419 2887 483 2943 et
516 2874 783 2963 punitio
820 2887 934 2942 tua
962 2886 1063 2941 est
1098 2873 1398 2942 victoria.
1443 2873 1590 2943 Noli
1629 2895 1737 2942 me
1769 2896 1930 2963 ergo
1969 2876 2314 2964 corrigere
2342 2889 2689 2962 tamquam

132 2978 521 3043 errantem:
560 2963 675 3031 sed
728 2962 1023 3051 teipsum
1076 2965 1377 3050 increpa,
1416 2964 1535 3048 qui
1592 2962 1944 3031 existimas
1995 2963 2158 3043 fore,
2212 2976 2289 3033 ut
2338 2964 2688 3034 Christum

133 3073 409 3143 negem.
445 3075 481 3117 »
533 3052 707 3120 Dixit
747 3050 1131 3120 Praefectus
1162 3074 1176 3114 ε
1231 3073 1267 3116 «
1299 3052 1564 3131 Misera,
1606 3052 1830 3120 nescis
1882 3052 2054 3121 vitae
2083 3066 2147 3121 et
2184 3052 2370 3123 necis
2402 3066 2689 3143 potesta·

134 3157 268 3211 tem
330 3140 500 3209 mihi
531 3140 759 3209 datam
795 3162 943 3210 esse
992 3138 1078 3208 ab
1130 3140 1720 3228 imperatoribus?
1768 3144 1901 3209 Cur
1952 3139 2255 3227 loqueris
2304 3164 2466 3212 cum
2503 3155 2694 3212 tanta

133 3230 519 3319 superbia?
555 3252 589 3294 »
643 3229 814 3297 Dixit
862 3241 1135 3297 sancta:
1193 3252 1228 3294 «
1258 3228 1402 3297 Alio
1438 3229 1641 3298 modo
1683 3228 1839 3297 licet
1886 3228 2116 3298 dicere
2164 3231 2572 3318 superbum,
2629 3244 2695 3299 et

134 3319 274 3388 alio
327 3317 813 3387 confidentem.
870 3323 1006 3406 Ego
1056 3317 1503 3398 confidenter,
1560 3339 1691 3386 non
1737 3331 1965 3387 autem
2003 3321 2321 3408 superbe,
2391 3342 2542 3389 sum
2600 3319 2690 3390 lo·

133 3423 321 3477 cuta.
376 3410 541 3475 Nam
605 3428 729 3474 nos
767 3428 1041 3493 quoque
1090 3406 1285 3475 valde
1336 3407 1686 3496 rejicimus
1735 3407 2159 3495 superbiam.
2215 3415 2313 3478 Tu
2347 3421 2577 3478 autem
2632 3409 2693 3478 si

139 3518 275 3564 non
335 3496 534 3564 times
582 3495 826 3564 audire
874 3497 1271 3576 veritatem,
1340 3517 1582 3566 rursus
1620 3495 1877 3565 docebo
1942 3511 2002 3565 te
2041 3519 2256 3573 ,nunc
2322 3497 2496 3568 falsa
2542 3520 2695 3567 esse

136 3583 474 3654 locutum.
532 3607 567 3650 »
621 3584 794 3653 Dixit
840 3582 1235 3653 Almachius
1309 3583 1742 3654 Praefectus:
1799 3608 1834 3651 «
1872 3585 2217 3668 Quidnam
2293 3585 2449 3655 falsi
2499 3609 2573 3657 es
2625 3587 2691 3656 in

136 3673 340 3743 nobis
375 3677 739 3743 assecuta?
768 3696 802 3739 »
856 3674 1029 3742 Dixit
1068 3686 1305 3741 sancta
1339 3674 1625 3742 Caecilia
1654 3698 1666 3737 ε
1716 3696 1750 3740 «
1782 3679 1946 3754 Boe,
1994 3675 2175 3762 quod
2208 3675 2515 3745 affirmas
2542 3689 2698 3744 tuos

143 3766 595 3852 Imperatores
654 3762 777 3831 tibi
817 3762 1088 3830 dedisse
1140 3761 1312 3829 vitae
1360 3774 1425 3830 et
1470 3763 1656 3831 necis
1709 3777 2133 3852 potestatem.
2163 3787 2197 3831 »
2227 3765 2400 3833 Dixit
2435 3763 2698 3834 Praefe-

140 3864 334 3920 ctus:
392 3874 427 3916 «
466 3856 511 3918 E
564 3874 603 3919 o
662 3874 817 3921 sum
859 3852 1228 3920 mentitus?
1260 3874 1295 3915 »
1347 3855 1594 3919 Sancta
1633 3851 1803 3920 dixit
1865 3852 2185 3922 Caecilia:
2243 3859 2588 3935 «Revera,
2640 3854 2694 3924 si

131 3940 408 4025 jubeaS,
464 3939 525 4007 fa
559 3962 712 4009 sum
757 3953 818 4009 te
850 3939 1104 4009 dixisse
1153 3940 1539 4009 ostendam.
1587 3963 1622 4005 »
1677 3940 1847 4010 Dixit
1908 3940 2328 4012 Praefectus:
2385 3966 2419 4008 «
2460 3942 2601 4010 Dic.
2661 3966 2695 4007 »

140 4031 392 4097 Sancta
425 4027 593 4097 dixit
627 4029 946 4098 Caecilia:
1005 4052 1041 4095 «
1078 4029 1309 4098 Dixisti
1363 4042 1516 4097 tuos
1556 4033 2011 4118 Imperatores
2069 4031 2193 4099 tibi
2255 4030 2527 4100 dedisse
2576 4051 2697 4119 po-

143 4128 451 4186 testatem
514 4118 686 4185 vitae
732 4135 797 4186 et
840 4118 1049 4186 necis.
1106 4124 1449 4207 Cognosce
1502 4117 1752 4204 itaque,
1821 4119 1939 4187 tibi
1991 4118 2216 4188 solum
2267 4139 2415 4188 esse
2462 4118 2693 4186 datam

142 4207 385 4275 mortis
425 4218 842 4294 potestatem.
899 4212 1065 4275 Nam
1103 4206 1305 4274 vitam
1358 4206 1639 4292 quidem
1678 4219 1867 4295 potes
1902 4229 1939 4275 a
1975 4207 2144 4275 vivis
2194 4207 2466 4284 tollere;
2515 4228 2698 4275 mor-

144 4295 277 4365 tuis
329 4308 563 4362 autem
613 4317 747 4363 non
803 4310 990 4383 potes
1056 4294 1220 4362 dare
1288 4294 1522 4363 vitam.
1579 4295 1694 4363 Dic
1733 4316 1941 4383 erga,
1996 4295 2177 4381 quod
2244 4299 2698 4382 Imperatores

148 4392 204 4449 te
254 4382 618 4453 voluerunt
656 4404 805 4455 esse
856 4384 1255 4452 ministrum
1311 4384 1573 4452 mortis.
1627 4387 1793 4450 Nam
1846 4383 1905 4450 si
1955 4395 2025 4452 tu
2059 4383 2362 4473 amplius
2413 4382 2692 4461 dixeris,
