2993 4837
46 312 199 380 Nov.
255 313 320 377 Η
756 334 832 378 ns
879 335 935 379 s.
989 334 1268 381 marino
1316 334 1415 380 nr.
1471 331 1829 380 runoNENffl
2352 318 2480 382 409

48 416 255 484 merito
287 415 551 504 pudore
599 416 895 497 confusi,
934 417 1198 498 flentes,
1237 434 1302 486 et
1342 416 1620 506 pulvere
1653 440 1788 505 quo
1823 440 1894 487 se
1928 417 2061 507 ipsi
2096 419 2558 499 foedaverant,
2642 498 2645 503 .

43 505 236 594 capita
283 517 489 591 atque
536 526 659 574 ora
716 506 1106 595 conspersi,
1160 520 1318 575 ante
1369 506 1639 575 Martini
1695 528 1766 575 se
1827 528 2053 598 genua
2114 507 2562 596 provolvunt,

44 593 276 661 veniam
323 602 711 683 precantes,
764 608 952 664 et'ut
998 617 1114 664 eos
1161 595 1350 665 abire
1408 595 1697 672 sineret,
1759 595 2221 683 postulantes:
2276 598 2443 666 satis
2496 619 2567 666 se

42 681 118 749 vel
157 681 290 751 sola
339 683 770 751 conscientia
809 683 1082 753 dedisse
1125 706 1528 774 poenarum,
1558 683 1859 770 satisque
1900 685 2335 765 intellexisse,
2376 685 2558 771 quod

40 770 279 839 eosdem
307 772 494 858 ipsos
530 772 719 839 vivos
749 773 1116 841 absorbere
1147 786 1322 842 terra
1359 772 1847 862 potuisset,·vel
1888 773 2016 861 ipsi
2073 774 2318 863 potiuS‚
2353 775 2568 843 amis-

40 857 116 927 sis
160 860 501 939 sensibuS,
561 861 634 928 in
688 861 1109 930 immobilem
1163 882 1483 936 saxorum
1537 873 1854 929 naturam
1905 862 2241 951 rigescere
2290 863 2564 932 debuis-

43 960 187 1025 sent,
238 948 417 1017 sicut
465 948 673 1016 affixa
710 948 899 1028 locis,
955 949 1211 1036 quibus
1236 962 1582 1030 steterant,
1621 950 1933 1036 jumenta
1981 950 2333 1021 vidissent:
2374 973 2567 1021 orare

43 1056 119 1115 se,
153 1050 347 1124 atque
396 1038 788 1117 obsecrare,
829 1051 903 1107 ut
937 1039 1325 1128 indulgeret
1364 1038 1604 1107 sceleri
1639 1038 1934 1118 veniam,
1979 1050 2041 1107 et
2069 1041 2334 1130 copiam
2371 1063 2566 1129 prae-

46 1136 222 1193 staret
251 1126 585 1195 abeundi.
630 1130 941 1195 Senserat
980 1128 1209 1207 etiam,
1247 1127 1647 1217 priusquam
1683 1141 2140 1207 accurrerent,
2182 1129 2282 1196 vir
2330 1128 2565 1199 beatus

49 1210 179 1280 illos
212 1216 444 1295 teneri,
496 1214 833 1301 nobisque
885 1216 951 1284 id
983 1228 1139 1285 ante
1168 1217 1313 1306 jam
1350 1216 1636 1285 dixerat.
1678 1216 1957 1284 Veniam
1991 1229 2211 1285 tamen
2264 1218 2566 1286 clemen-

51 1312 129 1368 ter
172 1302 477 1385 indulsit,
535 1303 953 1391 eosdemque
1001 1305 1189 1373 abire
1241 1305 1571 1394 permisit,
1626 1305 2051 1373 animalibus
2099 1306 2450 1375 restitutis.

121 1392 269 1474 §4
324 1392 510 1462 Illud
564 1405 791 1461 autem
844 1393 1296 1462 animadverti
1346 1414 1584 1480 saepe,
1657 1391 1946 1483 Sulpiti,
2002 1394 2364 1462 Martinam
2439 1394 2556 1462 tibi

51 1475 242 1548 dicere
271 1480 585 1561 solitum,
629 1503 1061 1568 nequaquam
1099 1482 1229 1551 sibi
1267 1483 1330 1549 in
1377 1482 1790 1571 Episcopatu
1836 1504 1983 1551 eam
2026 1482 2350 1552 virtutum
2411 1505 2560 1573 gra-

51 1566 185 1633 tiam
234 1571 671 1659 suppetisse,
738 1592 945 1656 quam
1000 1571 1190 1660 prius
1251 1592 1324 1640 se
1372 1570 1699 1639 habuisse
1765 1572 2209 1641 meminisset.
2264 1573 2455 1654 Quod
2508 1572 2567 1639 si

51 1676 247 1724 verum
297 1671 420 1738 est,
479 1658 699 1727 immo
746 1660 909 1744 quia
959 1681 1191 1728 verum
1267 1672 1391 1736 est,
1445 1659 1784 1747 conjicere
1838 1682 2248 1750 possumuS‚
2304 1674 2562 1746 quanta

37 1740 269 1813 suerint
316 1746 461 1825 illa,
534 1768 713 1831 quae
765 1748 1144 1816 monachus
1191 1761 1514 1838 operatus
1570 1760 1710 1827 est,
1764 1762 1827 1817 et
1888 1771 2063 1835 quae
2113 1763 2276 1817 teste
2327 1748 2561 1827 nullo,

49 1832 209 1903 sotus
243 1835 572 1914 exercuit,
625 1857 785 1903 cum
840 1848 1019 1904 tanta
1070 1836 1267 1904 illum
1321 1837 1386 1903 in
1439 1841 1484 1904 E
1543 1835 1851 1924 iscopatu
1899 1838 2097 1926 signa
2147 1837 2388 1905 fecisse
2436 1837 2566 1906 sub

49 1921 235 1991 oculis
279 1924 600 1992 omnium
654 1923 1052 1993 viderimus.
1109 1924 1313 1993 Multa
1341 1924 1459 2011 qui
1515 1947 1620 1993 em
1674 1925 1863 1992 illius
1916 1928 2103 2013 prius
2135 1938 2324 2025 gesta
2374 1926 2567 1994 inno-

50 2017 207 2078 tuere
253 2012 544 2092 mundO,
599 2034 819 2099 neque
886 2026 1160 2101 potuere
1208 2013 1457 2082 celari:
1514 2012 1630 2081 sed
1685 2013 2213 2082 innumerabilia
2265 2035 2413 2081 esse
2466 2013 2569 2081 di-

53 2111 288 2178 cuntur,
329 2123 541 2187 quae,
579 2100 745 2170 dum
772 2103 1175 2191 jactantiam
1208 2103 1389 2181 vitat,
1429 2101 1816 2181 occultavit,
1856 2123 2072 2188 neque
2101 2103 2167 2169 in
2205 2102 2565 2170 hominum

57 2188 320 2256 notitiam
377 2212 634 2278 passus
667 2204 767 2257 est
818 2192 1199 2279 pervenire:
1244 2191 1503 2281 quippe
1535 2191 1655 2276 qui
1692 2190 2066 2259 humanam
2103 2190 2565 2259 substantiam

59 2293 555 2365 supergressus,
622 2279 892 2348 virtutis
941 2301 1105 2348 suae
1160 2279 1578 2348 conscientia
1630 2280 1872 2347 mundi
1922 2278 2207 2369 gloriam
2259 2279 2563 2357 calcans,

56 2363 205 2434 coelo
241 2380 406 2437 teste
459 2368 825 2437 frueretur.
879 2368 1068 2450 Quod
1117 2390 1348 2438 verum
1399 2390 1549 2440 esse
1584 2366 1681 2436 vel
1725 2390 1805 2436 ex
1842 2367 1969 2448 his,
2002 2390 2175 2455 quae
2214 2382 2561 2457 comperta

53 2453 216 2523 nobis
263 2470 452 2532 sunt,
514 2478 636 2524 nec
678 2457 882 2525 latere
914 2471 1299 2545 potuerunt,
1344 2480 1717 2545 possumus
1765 2458 2147 2526 aestimare.
2214 2458 2563 2543 Siquidem

51 2554 177 2610 ante
221 2546 712 2635 Episcopatum
741 2546 914 2613 duos
968 2558 1269 2614 mortuos
1311 2548 1484 2615 vitae
1536 2546 1926 2624 restituerit,
1966 2546 2147 2632 quod
2204 2546 2374 2614 liber
2410 2560 2567 2615 tuus

51 2628 290 2718 plenius
324 2647 428 2702 est
483 2634 790 2703 locutus:
852 2635 918 2702 in
971 2635 1386 2723 Episcopatu
1437 2656 1589 2703 vero
1635 2634 1850 2723 (quod
1906 2636 2445 2724 praetermisisse
2506 2649 2567 2704 te

53 2720 259 2809 miror)
304 2744 532 2792 unum
586 2723 1064 2792 tantummodo
1113 2725 1482 2792 suscitarit.
1539 2725 1748 2812 CuJ'us
1802 2725 1894 2792 rei
1954 2747 2078 2813 ego
2128 2726 2317 2794 testis
2367 2747 2562 2805 sum,

53 2805 96 2872 si
128 2819 337 2878 tamen
393 2811 716 2879 nthitde
770 2813 1000 2880 minus
1061 2812 1299 2881 idoneo
1351 2825 1516 2881 teste
1569 2812 1923 2883 dubitatis.
1979 2814 2286 2902 Idipsum
2341 2828 2567 2883 autem

51 2895 234 2976 vobis,
286 2899 587 2985 qualiter
622 2901 706 2968 sit
739 2913 1035 2990 gestum,
1079 2901 1456 2989 explicabo.
1514 2907 1757 2970 Fuerat
1804 2924 2036 2980 causa,
2091 2904 2317 2970 nescio
2366 2924 2565 2988 quae,

52 3001 164 3136 gua
191 2993 557 3058 Cal-notum
611 2989 640 3020 ³*
688 2989 1022 3078 oppidum
1063 2990 1485 3078 petebamus
1545 2995 1807 3059 Interea
1856 2991 2024 3059 dum
2079 2991 2303 3058 vicum
2347 3012 2565 3076 quen-

91 3094 207 3154 arn,
244 3075 709 3146 habitantium
771 3076 1215 3146 multitudine
1274 3078 1951 3164 frequentissimum,
2007 3078 2562 3166 praeteriremuS,

54 3158 219 3231 obvia
253 3166 452 3234 nobis
502 3166 830 3234 immanis
878 3168 1079 3235 turba
1133 3168 1504 3254 processit,
1560 3189 1734 3252 quae
1783 3179 1926 3234 erat
1975 3178 2107 3234 tota
2157 3165 2564 3255 gentilium;

56 3268 185 3317 nam
221 3274 422 3323 nemo
474 3253 540 3321 in
594 3255 712 3323 illo
763 3255 907 3323 vico
951 3269 1223 3324 noverat
1264 3255 1635 3323 Christum.
1676 3260 1917 3322 Verum
1955 3254 2040 3322 ad
2095 3254 2345 3323 samam
2404 3255 2572 3322 tanti

55 3336 179 3417 viri,
229 3364 514 3432 campos
561 3364 799 3411 omnes
849 3342 979 3411 late
1028 3357 1335 3443 patentes
1385 3343 1877 3412 confluentium
1942 3342 2310 3412 multitudo
2347 3357 2574 3412 conte-

53 3441 235 3495 xerat.
290 3431 627 3500 Intellexit
679 3431 786 3500 hic
852 3436 1182 3501 Martinus
1238 3432 1714 3521 operandum,
1781 3444 1845 3499 et
1916 3434 2369 3500 annuntiante
2441 3432 2572 3501 sibi

55 3514 297 3599 spiritu,
341 3532 520 3588 totus
553 3520 925 3588 infremuit.
968 3526 1097 3590 Nec
1150 3521 1434 3590 mortale
1465 3543 1743 3599 sonans,
1786 3519 2064 3588 verbum
2108 3521 2217 3587 Dei
2248 3520 2570 3608 gentibus

57 3605 489 3688 praedicabat,
536 3609 812 3696 saepius
851 3609 1332 3696 ingemiscens,
1370 3632 1498 3679 cur
1531 3623 1714 3677 tanta
1755 3608 2115 3677 Dominum
2156 3610 2571 3676 Salvatorem

59 3691 231 3760 turba
265 3697 575 3764 nesciret.
634 3702 896 3765 Interea
950 3697 1126 3767 sicut
1163 3721 1285 3767 nos
1337 3699 1761 3768 incredibilis
1810 3696 2356 3766 circumdederat
2398 3695 2575 3764 mul-

60 3776 269 3863 titudo,
328 3785 574 3853 mulier
621 3786 986 3872 quaedam,
1042 3787 1242 3874 cujus
1273 3787 1457 3856 filius
1512 3787 1714 3876 paulo
1736 3800 1891 3854 ante
1925 3785 2282 3865 defecerat,
2323 3806 2574 3873 corpus

17 3870 341 3939 *exanime
417 3874 610 3942 beato
663 3875 804 3943 viro
859 3876 1195 3963 protensis
1268 3875 1595 3944 manibus
1668 3875 1888 3962 coepit
1948 3875 2227 3950 offerre,
2294 3873 2568 3940 dicens:

61 3959 373 4028 «Scimus
418 3963 582 4047 quia
628 3964 895 4032 amicus
948 3964 1059 4031 Dei
1108 3986 1217 4032 es:
1277 3964 1555 4032 restitue
1607 3963 1772 4030 mihi
1826 3960 2047 4030 filium
2102 3983 2358 4040 meum,
2412 3962 2574 4044 quia

13 4087 14 4090 ,
61 4044 283 4115 unicus
336 4050 500 4117 mihi
528 4065 650 4120 est.
690 4076 724 4117 »
762 4053 1008 4120 Junxit
1040 4075 1110 4121 se
1145 4065 1405 4122 caetera
1438 4051 1829 4130 multitudo,
1875 4064 1939 4118 et
1983 4052 2218 4120 matris
2257 4048 2577 4137 precibus

62 4132 476 4206 acclamabat.
539 4144 706 4208 Tum
770 4141 1101 4210 Martinus
1153 4142 1389 4210 videns
1447 4163 1568 4231 pro
1616 4139 2162 4229 exspectantium
2213 4137 2432 4207 salute
2469 4137 2579 4225 (ut

13 4263 16 4264 ν
69 4233 271 4302 postea
307 4226 502 4294 nobis
553 4226 692 4315 ipse
744 4228 1042 4316 dicebat)
1089 4230 1415 4315 consequi
1480 4252 1552 4298 se
1606 4251 1801 4318 posse
1849 4229 2211 4307 virtutem,
2269 4223 2581 4323 defuncti

64 4325 286 4396 corpus
329 4313 620 4402 propriis
657 4317 973 4386 manibus
1005 4317 1287 4404 accepit.
1328 4322 1404 4386 Et
1450 4341 1637 4398 cum,
1684 4316 2239 4406 exspectantibus
2275 4324 2574 4392 cunctis,

110 4432 132 4455 ¹*
159 4437 271 4476 Gall.
290 4440 518 4482 Cam-tres,
537 4436 808 4488 episcopans
830 4445 953 4482 urbs.
