2993 4837
507 374 626 435 402
1150 389 1223 432 ne
1273 389 1328 433 5.
1383 387 1661 434 marino
1709 388 1807 432 Ep.
1864 387 2214 434 wuoxENsi
2613 367 2758 433 Not.
2796 366 2877 433 tt·

408 474 662 542 sactum
701 477 1099 561 Imperator,
1153 492 1552 558 omnesque,
1586 471 1708 557 qui
1744 484 1906 540 tunc
1939 471 2245 552 aderant,
2287 471 2379 539 ita
2411 471 2700 540 admirati
2723 491 2830 538 suu

407 578 481 631 ut
531 563 658 630 hoc
708 562 934 649 ipsum
976 561 1098 639 eis,
1154 560 1220 627 in
1263 581 1400 646 quo
1447 560 1818 648 contempti
1860 559 2154 640 fuerant,
2208 559 2531 660 placeret.
2576 554 2847 628 celeber-⁴
2885 593 2896 610 =

408 672 735 737 mumque
824 670 896 716 er
933 660 1144 718 totum
1180 648 1512 737 palatium
1550 648 1700 728 suit,
1741 647 1981 719 fecisse
2032 654 2395 718 Martinum
2440 650 2501 716 in
2540 649 2700 739 regis
2722 658 2903 736 prm-⁶

405 740 558 817 dic,
611 672 911 825 qu01l³in
965 736 1401 805 infirmorum
1438 736 1755 822 judicum
1819 737 2151 806 conviviis
2207 738 2684 826 Episcoporuin
2730 758 2888 804 new...

401 829 692 896 fecisset.
747 826 1121 911 Eidemque
1169 826 1458 893 Maximo
1523 825 1725 910 longe
1762 839 1918 894 ante
1971 825 2303 914 praedixit
2354 826 2695 905 futurum,
2746 838 2806 894 ut

401 916 483 985 ad
538 916 802 984 Italiam
860 926 1187 1003 pergeret,
1232 935 1370 999 quo
1404 914 1498 982 ire
1530 915 1874 1003 cupiebat,
1914 915 2171 984 bellum
2210 914 2676 983 Valentiniano
2712 918 2854 982 tnn-

404 1006 608 1073 ratori
661 1004 984 1081 inferens,
1041 1002 1245 1072 sciret
1292 1024 1363 1071 se
1409 1003 1629 1091 primo
1669 1003 1946 1089 quidem
2002 1004 2265 1092 impetu
2314 1002 2622 1072 futurum
2665 1023 2790 1071 esse
2848 1000 2893 1035 '⁷
2974 1042 2979 1045 -

403 1109 682 1173 ctorem,
724 1091 840 1160 sed
897 1113 1100 1180 parvo
1138 1102 1287 1180 post
1338 1104 1640 1179 tempore
1677 1113 1825 1159 esse
1870 1091 2278 1178 periturum.
2315 1092 2507 1174 Quod
2544 1092 2798 1178 quidem
2821 1089 2899 1158 ita

409 1181 729 1250 vidimus.
770 1185 932 1249 Nam
976 1179 1195 1269 primo
1225 1179 1525 1247 adventu
1572 1176 1744 1266 eju&
1782 1180 2302 1249 Valentinianus
2336 1182 2400 1249 in
2438 1181 2673 1271 sugam
2711 1200 2805 1247 ver
2849 1205 2908 1236 ιι-

406 1283 528 1339 est.
596 1268 845 1338 Deinde
896 1280 1045 1358 post
1099 1289 1360 1336 annum
1413 1267 1572 1347 fere,
1640 1269 2010 1357 resumptis
2068 1269 2381 1349 viribuS,
2439 1283 2714 1359 captum
2765 1268 2818 1335 in
2899 1299 2904 1316 ··

407 1358 752 1446 Aquilejae
795 1379 1031 1426 muros
1066 1359 1436 1425 Maximum
1476 1356 1814 1426 interfecit
1845 1356 1905 1424 ⁸.

497 1452 532 1534 ξ
579 1450 722 1518 14.
776 1453 1046 1516 Constat
1095 1458 1348 1524 autem,
1402 1446 1606 1513 etiam
1658 1445 1949 1536 Angelos
1997 1446 2083 1515 ab
2135 1467 2215 1515 eo
2276 1445 2687 1535 plerumque
2728 1445 2876 1513 visos

413 1539 498 1604 ita
535 1549 607 1603 ut
639 1547 951 1605 conserto
985 1534 1274 1602 invicem
1312 1533 1494 1623 apud
1533 1555 1689 1602 eum
1733 1556 2049 1604 sermone
2091 1533 2556 1621 loquerentur.
2600 1532 2876 1603 Diabolu

412 1646 565 1694 vero
617 1624 707 1692 ita
742 1622 1301 1712 conspicabilem,
1338 1634 1402 1690 et
1436 1621 1818 1709 subjectum
1857 1623 2078 1692 oculis
2113 1624 2429 1703 babebat,
2472 1637 2569 1704 ut,
2610 1624 2745 1692 sive
2773 1641 2833 1692 se
2860 1620 2875 1631 ’

413 1713 689 1802 propria
724 1711 1106 1781 substantia
1135 1711 1535 1790 contineret,
1574 1711 1713 1779 sive
1750 1711 1814 1779 in
1853 1711 2159 1781 diversas
2192 1714 2455 1800 figuras
2488 1710 2832 1802 speciales
2865 1741 2890 1776 ι.

414 1802 752 1888 nequitias
783 1800 1262 1879 transtulisset,
1295 1799 1600 1884 qualibet
1624 1801 1711 1869 ab
1744 1821 1820 1869 eo
1861 1800 1992 1869 sub
2035 1800 2335 1889 imagine
2370 1800 2733 1870 videretur.
2763 1804 2810 1881 Q
2862 1823 2884 1854 ι·

411 1912 568 1958 cum
604 1889 921 1959 diabolus
949 1890 1149 1957 sciret
1173 1911 1243 1957 se
1269 1888 1568 1977 effugere
1600 1910 1732 1957 non
1777 1910 1992 1977 posse,
2027 1890 2353 1959 conviciis
2382 1911 2541 1958 eum
2578 1889 2841 1975 frequen
2877 1932 2884 1942 -

416 1979 726 2069 urgebat,
766 1977 927 2065 quia
970 1977 1202 2045 fallere
1255 1998 1386 2044 non
1429 1990 1653 2066 posset
1702 1978 1999 2046 insidiis,
2040 1979 2348 2060 Quodam
2395 1993 2701 2067 tempore
2744 1998 2817 2045 co
2863 2001 2884 2038 ιῑ

413 2068 605 2137 bovis
663 2079 1024 2136 cruentum
1079 2066 1145 2133 in
1203 2088 1412 2136 manu
1472 2078 1733 2145 tenenS,
1786 2088 1944 2135 cum
1998 2067 2256 2157 ingenti
2318 2066 2599 2135 fremitu
2641 2064 2865 2135 cellula

413 2158 562 2245 ejus
612 2156 883 2245 irrupit,
928 2167 1424 2239 cruentamque
1472 2166 1822 2224 ostentans
1870 2155 2243 2237 dexteram,
2274 2170 2338 2224 et
2377 2155 2686 2224 admisso
2728 2174 2858 2223 rece
2889 2185 2914 2194 ··
2975 2197 2978 2204 ·

415 2245 667 2314 scelere
700 2267 824 2314 con
881 2243 1145 2312 audens
1181 2266 1194 2306 ε
1250 2265 1284 2308 «
1325 2242 1445 2311 Ubi
1477 2256 1601 2323 est,
1644 2244 1888 2329 inquit,
1929 2245 2235 2323 Martine,
2285 2245 2498 2312 virtus
2544 2248 2705 2313 tua?
2742 2247 2890 2311 Ua·-

417 2334 500 2403 de
535 2334 672 2402 tuis
722 2267 923 2401 mogo
969 2330 1292 2400 interfeci.
1338 2353 1372 2397 »
1423 2337 1612 2400 Tunc
1663 2331 1797 2411 ille,
1853 2334 2241 2402 convocatis
2290 2332 2668 2413 fratribuS,
2729 2330 2877 2400 res-⁷

415 2423 578 2509 quid
615 2422 931 2492 diabolus
967 2421 1357 2490 indicasset.
1415 2421 1751 2491 Sollicitos
1790 2443 1939 2490 esse
1977 2423 2318 2512 praecepit
2354 2444 2473 2511 per
2505 2420 2797 2491 cellulas
2822 2418 2900 2488 si·

439 2512 735 2580 tutorum
771 2565 786 2592 ,
840 2510 1157 2596 quisnam
1212 2509 1338 2579 hoc
1389 2532 1556 2579 casu
1605 2509 1844 2580 suisset
1900 2510 2207 2580 affectus.
2262 2511 2618 2579 Neminem
2683 2508 2890 2597 quid·-
2972 2538 2974 2541 ·

466 2621 650 2668 eesse
681 2598 765 2667 de
802 2599 1180 2677 monacbis,
1234 2597 1350 2667 sed
1402 2621 1621 2667 unum
1665 2599 2002 2668 rusticum
2058 2598 2367 2668 mercede
2400 2599 2846 2676 conductum,
2886 2624 2906 2653 ι·-

420 2687 730 2757 vehiculo
780 2686 965 2776 ligna
1014 2686 1324 2768 deferret,
1388 2687 1590 2756 ivisse
1637 2686 1720 2754 ad
1775 2687 2014 2756 silvam
2068 2688 2424 2757 nunciant.
2478 2688 2697 2758 Jubet
2761 2686 2888 2778 igit

419 2776 688 2862 aliquos
736 2775 831 2844 ire
895 2776 955 2843 ei
1018 2776 1315 2844 obviam.
1369 2779 1469 2844 Ita
1533 2775 1715 2843 haud
1781 2774 1981 2866 longe
2034 2799 2071 2844 a
2130 2777 2542 2846 monasterio
2589 2778 2740 2867 jam
2879 2802 2889 2835 ι

417 2863 752 2933 exanimis
801 2864 1167 2933 invenitur.
1223 2869 1611 2933 Extremum
1667 2877 1889 2932 tamen
1950 2865 2268 2954 spiritum
2329 2865 2608 2934 trahens
2642 2920 2656 2945 ‚
2713 2866 2784 2933 in
2836 2886 2910 2930 ιΙὶ

418 2951 744 3021 fratribus
793 2974 1028 3021 casum
1085 2953 1320 3022 mortis
1359 2966 1424 3020 et
1467 2951 1796 3030 vulneris,
1856 2952 2121 3038 junctis
2172 2952 2433 3024 scilicet
2480 2953 2749 3034 bobuS,
2800 2952 2899 3020 du

419 3040 753 3111 dissoluta
785 3041 1042 3110 arctius
1075 3040 1212 3109 lora
1250 3041 1683 3130 constringit,
1724 3042 1958 3110 bovem
2003 3042 2134 3111 sibi
2185 3064 2469 3112 excusso
2515 3044 2747 3131 capite
2799 3042 2928 3110 int·

423 3130 706 3219 inguina
740 3152 996 3199 cornua
1035 3129 1370 3218 injecisse.
1404 3135 1535 3200 Nec
1566 3131 1780 3198 multo
1856 3143 1959 3199 ost
1991 3131 2194 3200 vitam
2228 3130 2469 3199 finivit.
2510 3131 2802 3210 Videris,
2828 3148 2930 3214 qu1

410 3220 677 3308 judicio
728 3219 995 3288 Domini
1047 3218 1320 3288 diabolo
1353 3219 1511 3287 data
1559 3218 1763 3288 suerit
1861 3242 1978 3287 aec
2030 3233 2345 3309 potestas.
2392 3225 2644 3288 Verum
2699 3221 2764 3289 in
2800 3223 2938 3287 Mar-

422 3310 563 3378 tino
600 3308 767 3377 illud
824 3308 1134 3376 mirabile
1166 3321 1331 3388 erat,
1385 3307 1565 3394 quod
1620 3329 1753 3377 non
1807 3306 2031 3377 solum
2085 3309 2234 3388 hoc,
2287 3306 2471 3395 quod
2521 3330 2744 3397 supra
2788 3318 2903 3377 retu

419 3397 654 3478 limus,
711 3396 825 3466 sed
882 3395 1094 3465 multa
1145 3396 1580 3472 istiusmodi,
1643 3397 1695 3464 si
1755 3396 2018 3483 quoties
2068 3397 2503 3476 accidissent,
2564 3396 2771 3487 longe
2812 3405 2934 3463 ant

424 3485 881 3576 praevidebat,
911 3485 1127 3554 etsibi
1163 3486 1509 3565 nunciata,
1539 3484 1866 3556 fratribus
1894 3485 2264 3556 indicabat.
2300 3490 2720 3571 Frequenter
2744 3495 2927 3555 autem

421 3575 779 3656 diabolus,
841 3573 1006 3642 dum
1052 3573 1237 3642 mille
1302 3573 1590 3644 nocendi
1641 3573 1905 3643 artibus
1954 3586 2268 3643 sanctum
2322 3574 2547 3642 virum
2605 3583 2931 3644 conaretur

421 3664 733 3744 illudere,
783 3662 1118 3731 visibilem
1163 3684 1234 3733 se
1273 3663 1333 3731 ei
1374 3663 1616 3733 formis
1663 3662 2152 3732 diversissimis
2203 3663 2577 3763 ingerebat.
2634 3664 2927 3732 Adversus

420 3776 623 3840 quem
661 3774 931 3841 semper
978 3751 1353 3831 interrituS,
1401 3753 1597 3841 signo
1631 3774 1701 3820 se
1742 3752 1999 3830 CruciS,
2034 3765 2098 3820 et
2130 3751 2458 3820 orationis
2507 3753 2765 3821 auxilio
2812 3767 2931 3837 pro-

423 3843 706 3933 tegebat.
766 3841 1234 3911 Audiebantur
1284 3840 1689 3929 plerumque
1736 3841 2042 3910 convicia
2078 3894 2092 3920 ,
2137 3840 2394 3927 quibus
2444 3839 2645 3909 illum
2690 3841 2927 3909 daemo-

422 3955 588 4002 num
643 3931 841 3999 turba
875 3930 1201 4020 protervis
1237 3930 1518 3999 vocibus
1549 3930 1967 4018 increpabat.
2025 3928 2150 3997 Sed
2201 3930 2433 3999 omnia
2484 3928 2657 3997 salsa
2692 3943 2753 3998 et
2791 3940 2925 4024 vana

419 4041 862 4110 cognoscens,
921 4041 1054 4088 non
1106 4018 1506 4088 movebatur
1552 4018 1853 4104 objectis.
1908 4018 2359 4086 Testabantur
2390 4018 2596 4086 etiam
2639 4018 2925 4110 aliqui-6²1

420 4109 772 4189 fratribUS,
834 4107 1112 4178 audisse
1162 4130 1233 4176 se
1279 4107 1684 4176 daemonem
1740 4106 2069 4196 protervis
2121 4107 2487 4175 Martinum
2532 4107 2804 4176 vocibus
2845 4119 2925 4197 ιι]-

419 4209 809 4287 crepantem
846 4219 859 4263 :
915 4201 1048 4265 Cur
1098 4197 1271 4265 intra
1316 4195 1808 4265 monasterium
1844 4195 2114 4281 aliquos
2143 4217 2223 4264 ex
2256 4195 2609 4275 fratribus,
2649 4193 2760 4281 qui
2789 4188 2919 4258 olim

423 4285 845 4370 baptismum
896 4285 1182 4354 diversis
1230 4285 1579 4355 erroribus
1630 4284 2112 4374 perdidissent,
2165 4306 2528 4354 conversos
2582 4296 2793 4374 postea
2835 4295 2917 4342 ιθ·

426 4371 764 4459 cepisset,
826 4386 1267 4460 exponentem
1340 4373 1633 4442 crimina
1696 4373 2184 4462 singulorum:
2257 4374 2620 4442 Martinam
2686 4360 2915 4439 diabolo

487 4499 510 4517 ²·
543 4499 672 4534 Anno
700 4494 918 4536 videlicet
938 4500 1028 4537 389.
