2993 4837
54 303 213 368 NOV.
268 304 354 369 ⁴3
689 325 765 370 na
814 325 905 372 ss.
960 326 1073 372 mx.
1127 326 1428 386 amomo,
1483 327 1734 386 zamam,
1788 326 1924 375 mc.
2369 314 2497 377 455

54 406 393 475 ecclesiam
478 406 717 497 oppidi
776 409 1281 498 complutensis
1344 410 1705 481 Toletanae
1763 411 2141 492 dioecesis,
2195 412 2312 481 ubi
2365 414 2587 502 ipsius

52 516 283 584 corpus
333 497 727 584 requiescit,
771 519 1036 567 necnon
1074 498 1317 568 altaria
1355 513 1420 569 et
1467 500 1816 580 ecclesias,
1856 521 2032 587 quae
2080 500 2148 568 in
2186 501 2337 588 ejus
2377 502 2588 574 hono-

52 604 174 652 rem
213 598 658 655 constructae
714 599 938 667 erunt,
978 587 1215 656 devote
1263 588 1708 660 visitaverint.
1763 589 2038 657 easdem
2092 589 2583 681 indulgentiae,

49 672 392 764 privilegia
444 687 510 743 et
557 675 813 764 gratias
860 677 1331 747 concessimus
1379 691 1443 746 et
1490 677 1762 765 elargiti
1818 700 2088 758 sumuS,
2143 679 2591 765 quemadmo-

47 759 197 828 dum
248 763 708 833 concedimus
739 776 803 832 et
835 764 1239 855 elargimur,
1275 787 1449 853 quae
1482 767 1770 837 caeteris
1803 766 1967 836 dicti
2000 767 2278 837 Ordinis
2311 773 2586 839 Sancto·

48 868 185 918 rum
225 850 547 922 ecclesiis
587 873 950 922 concessae
992 867 1154 924 sunt
1163 907 1295 923 .....

380 1165 1010 1267 MARTYRtUM
1077 1166 1212 1266 SS.
1267 1166 1687 1266 ΑΝΤΟΝΗ
1761 1167 2249 1269 PRESBYT.

137 1346 612 1439 ΖΕΒΙΝΑΕ,
674 1350 1162 1427 GERMANI
1215 1351 1348 1427 ET
1405 1351 1976 1429 ENNATHAE
2033 1352 2492 1431 viaoiNis

314 1581 401 1627 Ex
450 1580 745 1628 HISTORIA
792 1581 1267 1630 ECCLESIASTICA
1316 1579 1566 1629 Russsmt
1613 1585 1734 1630 LIB.
1791 1586 1926 1642 vul,
1982 1583 2119 1632 CAP.
2173 1586 2306 1643 XIX,

526 1696 916 1745 INTERPRETE
954 1699 1196 1747 JOANNE
1235 1698 1834 1748 CHRISTOPHORSONO
1871 1699 2099 1749 ANGLO.

301 1891 646 1959 martyrio
694 1893 1001 1949 decorati
1046 1908 1179 1952 sec.
1230 1895 1328 1948 IV
1376 1894 1657 1952 ineunte
1707 1926 1781 1935 —
1828 1897 1884 1949 Ε
1935 1897 2340 1955 Palaestina.

133 2086 267 2170 §t
308 2089 772 2176 Simulatque
822 2102 956 2158 tam
1005 2090 1265 2169 multis,
1321 2103 1599 2177 tamque
1647 2092 1945 2182 egregiis
1991 2096 2591 2183 magnanimorum

66 2170 278 2246 Christi
328 2193 713 2266 martyrum
767 2178 1191 2250 facinoribus
1250 2183 1494 2269 ingens
1554 2182 2050 2269 persecutionis
2098 2196 2326 2253 aestus
2376 2185 2596 2254 defer-

67 2257 297 2357 buerat,
336 2281 406 2337 et
440 2268 621 2337 velut
655 2289 850 2336 sacro
892 2268 1166 2337 illorum
1211 2291 1454 2338 cruore
1491 2269 1769 2338 flamma
1811 2270 1959 2361 ejus
1997 2272 2290 2341 extincta
2329 2286 2494 2353 erat,
2533 2288 2597 2343 et

69 2368 179 2434 tam
234 2357 551 2428 remissio
614 2378 692 2425 ac
741 2356 1020 2426 libertas
1062 2357 1573 2428 consessoribus
1629 2380 1708 2428 ex
1753 2359 2117 2442 Thebaide,
2176 2362 2297 2448 qui
2357 2363 2596 2432 metal-

69 2438 259 2513 lorum
297 2448 366 2515 in
397 2468 475 2515 eo
510 2446 656 2516 loco
684 2446 1113 2515 nascentium
1163 2446 1516 2517 laboribus
1556 2469 1594 2515 o
1653 2450 1866 2537 pressi
1910 2449 2202 2529 fuerant,
2242 2472 2589 2535 concessa,

67 2538 119 2623 et
158 2552 274 2602 nos
321 2535 690 2606 Christiani
746 2548 1097 2621 tamquam
1150 2536 1391 2624 pulcra
1433 2558 1565 2624 qua
1624 2558 1734 2605 am
1787 2539 1977 2626 pacis
2027 2541 2389 2608 serenitate
2439 2563 2596 2611 nos-

69 2635 230 2701 ipsos
281 2646 563 2693 eramus
608 2624 754 2711 jam
816 2626 1228 2694 recreaturi:
1282 2625 1638 2715 deintegro
1686 2642 1867 2696 certe
1910 2629 2078 2718 ipse,
2143 2651 2351 2717 penes
2390 2651 2592 2717 quern

70 2712 499 2799 persequendi
552 2725 848 2801 potestas
896 2726 1062 2793 erat,
1121 2715 1347 2783 nescio
1396 2737 1533 2800 quo
1584 2725 1779 2803 pacto
1811 2771 1826 2796 ‚
1880 2738 2099 2803 quave
2148 2718 2365 2787 animi
2413 2742 2595 2788 com·

71 2798 341 2888 motione
391 2824 634 2870 rursus
668 2814 903 2870 contra
939 2802 1362 2872 Christianos
1406 2804 1574 2871 mire
1615 2803 2111 2875 inflammatur.
2167 2808 2458 2876 Proinde
2488 2830 2599 2877 ex-

73 2893 414 2979 improviso
449 2890 799 2958 Maximini
833 2890 867 2925 *
901 2890 1160 2959 litterae
1208 2904 1443 2960 contra
1498 2914 1622 2961 nos
1672 2892 1927 2979 ubique
1971 2897 2038 2964 in
2083 2896 2186 2965 sin
2246 2896 2395 2966 ulas
2449 2919 2600 2987 pro·

75 2979 302 3048 vincias
351 2979 603 3050 missae
661 2977 963 3047 fuerunt.
1023 2979 1211 3048 Unde
1277 2980 1629 3068 praesides
1676 2994 1741 3049 et
1805 3003 2125 3053 summus
2238 3008 2324 3053 ux
2392 2987 2598 3056 totius

76 3060 484 3151 Imperatoris
529 3068 891 3147 exercituS,
950 3069 1227 3148 tabuliS,
1272 3069 1582 3158 epistolis
1628 3083 1693 3137 et
1791 3070 2042 3139 ublicis
2089 3072 2376 3155 edictiS‚
2431 3075 2600 3144 civi-

74 3152 204 3221 tatis
246 3158 591 3245 cujusque
639 3157 1077 3225 curatoribus
1143 3180 1285 3226 una
1331 3180 1486 3225 cum
1560 3163 1719 3227 Prae
1751 3159 1916 3227 ectis
2035 3162 2483 3231 raesidiorum
2536 3175 2600 3232 et

77 3237 418 3314 tabellariis
471 3246 926 3334 praecipiunt,
965 3259 1039 3314 ut
1075 3246 1377 3316 edictum
1431 3247 1875 3335 Imperatoris
1923 3269 1956 3314 a
2056 3250 2309 3318 exitum
2353 3251 2602 3338 perdu-

75 3344 199 3398 cere
247 3346 631 3403 maturent:
689 3334 1220 3422 mandavitque,
1277 3348 1353 3404 ut
1400 3357 1557 3403 cum
1619 3336 1807 3404 omni
1857 3335 2200 3407 celeritate
2259 3337 2598 3405 idolorum

78 3412 367 3499 delubra,
420 3444 600 3510 quae
654 3423 1087 3503 ceciderant,
1148 3423 1504 3493 reficerent
1551 3434 1615 3491 et
1664 3423 1890 3493 denuo
1945 3424 2383 3496 edificarent:
2431 3427 2597 3514 quin

76 3505 246 3579 etiam
281 3511 652 3589 efficerent,
695 3524 768 3580 ut
815 3533 1055 3581 omnes
1094 3514 1379 3581 omnino
1430 3512 1552 3580 viri
1599 3534 1757 3581 cum
1797 3515 2152 3594 uxoribuS‚
2209 3513 2490 3583 famulis
2538 3528 2602 3584 et

76 3599 301 3675 pueris.
360 3614 657 3668 matrum
705 3601 917 3668 ubera
959 3601 1186 3670 adbuc
1238 3602 1672 3690 sugentibus,
1731 3603 2208 3684 immolarent,
2268 3604 2636 3673 libamina-

77 3682 383 3772 afferrent,
424 3700 490 3759 et
524 3690 672 3779 ipsa
727 3690 1061 3759 sacrificia
1116 3713 1185 3759 re
1235 3691 1384 3779 ipsa
1425 3689 1893 3779 degustarent,
1931 3704 1995 3760 et
2035 3693 2292 3762 cibaria
2337 3693 2403 3760 in
2457 3692 2602 3762 soro

80 3777 311 3845 venalia
343 3833 362 3858 ,
419 3778 719 3867 impuris
768 3779 1264 3848 sacrificiorum
1320 3778 1769 3849 libationibus
1808 3782 2488 3850 contaminarentur:
2542 3793 2606 3851 et

83 3876 181 3941 pro
223 3866 481 3935 foribus
529 3867 830 3951 denique
865 3868 1265 3935 balnearum
1303 3867 1587 3954 quidam
1640 3870 1836 3955 quasi
1878 3869 2197 3939 custodes
2235 3870 2606 3938 constitue-

83 3964 307 4035 rentur,
354 3957 452 4024 uti
485 3956 606 4040 qui
647 3956 716 4022 in
756 3956 863 4025 his
897 3956 1219 4026 sordibus
1262 3969 1490 4025 essent
1525 3957 1766 4038 abluti,
1822 3973 1970 4048 post
2021 3958 2325 4028 scelestis
2374 3973 2439 4025 et
2489 3980 2605 4026 ne-

86 4031 242 4111 fariis
275 4043 414 4115 illis
460 4044 761 4112 victimis
795 4065 864 4114 se
898 4044 1367 4131 inquinarent.

93 4208 102 4219 ,
154 4130 185 4214 ἓ
229 4137 313 4202 ².
367 4133 636 4216 Quibus
687 4132 890 4201 rebus
939 4134 1023 4202 ad
1078 4134 1262 4203 bunc
1313 4133 1594 4202 modum
1647 4134 1995 4211 confectis,
2042 4156 2199 4202 cum
2256 4134 2470 4203 nostri
2522 4133 2608 4203 de

88 4229 199 4307 inte
247 4242 338 4301 ro,
376 4233 454 4290 ut
501 4220 873 4290 verisimile
921 4233 1087 4302 erat,
1137 4222 1456 4291 maximis
1505 4223 1692 4291 curis
1740 4236 1804 4292 et
1855 4244 2160 4292 moerore
2210 4234 2607 4292 tenerentur

90 4319 204 4395 lmp
235 4309 407 4390 icati‚
461 4320 525 4378 et
556 4309 846 4398 gentiles
879 4310 1012 4400 ipsi
1048 4311 1132 4378 de
1168 4310 1582 4380 intolerabili
1633 4324 1696 4378 et
1733 4312 1943 4379 nimia
1982 4311 2224 4379 borum
2266 4309 2608 4380 scelerum

132 4429 152 4454 ⁸
172 4432 440 4477 Maximinus
460 4440 593 4486 Daja.
619 4436 795 4477 Galerii
819 4435 1116 4487 imperatoris
1141 4447 1300 4487 nepos.
