2993 4837
542 292 628 355 28
1176 310 1255 356 nc
1301 310 1358 355 S.
1411 309 1736 357 macuto
1783 311 1882 356 nr.
1940 310 2255 356 ramsissn.
2727 291 2889 357 NOV.
2935 292 2970 357 t}

454 391 654 479 quasi
709 391 881 460 nihil
925 392 1244 463 decarne
1294 405 1615 482 portaret.
1652 393 1775 462 Hic
1826 394 2054 479 itaque
2090 393 2526 464 nobilissima
2579 388 2970 471 institutionel

455 480 856 550 succinctus
903 495 969 549 et
1028 482 1439 552 venerandis
1484 482 1812 571 operibus
1878 504 2049 571 pene
2106 484 2299 571 prius
2365 483 2726 565 sacerdoS,
2786 505 2958 570 quam

453 568 776 647 clericus„
820 570 1240 660 jamdudum
1271 572 1554 661 dignuS,
1607 570 1723 658 qui
1756 572 2132 661 susciperet
2180 571 2613 660 dignitatem,
2660 586 2843 641 antea
2875 580 2970 661 pa·ss

458 670 652 728 ratus
699 658 781 727 ad
839 658 930 739 id,
986 659 1167 746 quod
1210 673 1355 729 erat
1390 661 1538 729 sine
1574 681 1765 729 mora
1800 659 2115 729 futurus:
2161 661 2420 732 calcata
2465 664 2716 751 pompa
2758 662 2970 730 mundi

453 746 1021 827 veleriminibuS,
1070 770 1226 817 cum
1265 748 1522 817 divinis
1550 748 1764 816 armis
1801 748 2110 817 initiatus
2142 750 2645 841 accingeretur,
2683 750 2764 817 ad
2802 771 2958 838 spem

454 835 749 917 felicem,
807 835 1104 926 palmam
1157 836 1241 906 de
1305 838 1496 906 hoste
1548 836 1825 927 publico
1887 836 2270 918 relaturus,
2338 838 2702 907 inmilitia
2754 838 2960 907 Christi

452 925 888 995 exercitando
946 930 1180 995 Lector
1224 927 1506 995 effectus
1570 940 1716 1004 est,
1770 948 1850 995 ac
1901 928 2204 1013 seipsum
2260 926 2512 1016 templo
2564 927 2807 996 Christi
2856 928 2962 1015 pri-

458 1013 672 1084 mitus
709 1014 1023 1114 offerens,
1077 1013 1261 1085 velut
1291 1014 1448 1084 Abel
1503 1015 1950 1096 sacrificium,
1992 1015 2210 1085 hostia
2245 1016 2456 1086 victae
2503 1016 2740 1086 carnis
2783 1030 2843 1085 et
2871 1038 2963 1105 pu-

453 1124 568 1171 rae
623 1116 895 1179 mentis,
948 1115 1271 1193 exceptus
1300 1116 1425 1172 est.

543 1199 579 1272 5
634 1196 721 1262 θ.
775 1192 899 1274 Qui
954 1192 1206 1261 clarior
1253 1191 1607 1270 mercede,
1663 1214 1869 1279 quam
1926 1192 2224 1273 nomine,
2277 1204 2344 1261 et
2412 1194 2659 1263 merito
2733 1193 2956 1279 major,

451 1301 661 1368 quam
714 1280 933 1371 gradu
965 1335 980 1362 ,
1035 1282 1184 1351 sine
1229 1280 1644 1350 offendiculo
1695 1304 1898 1351 suum
1950 1302 2194 1371 gerens
2241 1281 2596 1362 officium,
2661 1282 2873 1369 coepit
2914 1283 2960 1347 in

453 1369 671 1438 milite
701 1390 1050 1451 crescere,
1103 1370 1285 1456 quod
1359 1370 1620 1459 accepit
1668 1393 1702 1438 a
1759 1375 1960 1459 Rege.
2039 1370 2246 1458 Cujus
2293 1372 2604 1440 occultae
2679 1370 2957 1445 diutius,

450 1456 636 1527 velut
686 1458 837 1527 vitis
935 1458 1227 1539 almiteS,
1282 1471 1655 1547 coeperunt
1693 1457 2110 1528 fructificare
2169 1459 2487 1539 virtutes;
2543 1482 2672 1529 nec
2726 1457 2962 1550 pertulit

449 1545 520 1614 in
570 1568 649 1614 eo
696 1569 820 1616 sua
920 1570 1049 1616 ona
1109 1548 1486 1628 abscondi,
1537 1548 1655 1634 qui
1717 1548 1898 1634 quod
1950 1547 2034 1616 de
2103 1569 2383 1617 sursum
2437 1560 2761 1623 venerat.
2824 1548 2961 1643 adeo

449 1633 809 1704 humiliter
877 1657 1035 1703 eum
1088 1635 1358 1706 videbat
1405 1659 1514 1705 am
1576 1636 1750 1705 lecti.
1828 1637 2126 1724 Denique
2175 1658 2332 1706 cum
2387 1636 2622 1706 adhuc
2694 1633 2972 1717 clericali

454 1724 792 1811 tyrocinio
838 1723 1198 1805 celaretur,
1256 1725 1516 1794 miracu
1554 1726 1609 1793 is
1645 1725 1978 1814 proditur,
2030 1737 2095 1794 et
2138 1726 2191 1794 si
2250 1727 2356 1794 nis
2394 1724 2808 1796 coelestibus
2841 1722 2962 1791 illu·

451 1824 730 1882 stratur.
783 1812 1092 1895 Quadam
1132 1815 1273 1883 vice
1321 1814 1608 1883 accessit
1655 1814 1741 1883 ad
1790 1813 2138 1884 officinam
2192 1748 2544 1884 iiam-ilem:
2591 1815 2714 1901 qui
2763 1813 2964 1911 despe-

449 1914 602 1970 ctus
656 1903 744 1971 ab
791 1902 1088 1983 artefice,
1140 1903 1441 1992 cogitur,
1498 1917 1572 1973 ut
1625 1917 1990 1973 extractam
2062 1901 2220 1972 ferri
2270 1902 2356 1972 de
2403 1903 2675 1973 ardenti
2724 1921 2972 1972 camino

451 2011 751 2059 massam
803 1991 1207 2062 candentem
1262 2014 1475 2061 manu
1517 2015 1636 2060 sua
1680 1990 2035 2069 attolleret,
2074 2006 2138 2061 et
2176 1992 2416 2079 quanti
2458 2007 2638 2063 esset
2678 1988 2964 2082 ponderis

447 2092 824 2149 enarraret.
886 2085 1073 2149 Tunc
1135 2082 1235 2148 vir
1285 2081 1748 2161 beatissimus,
1805 2103 1936 2150 non
2007 2080 2290 2169 ignarus
2340 2094 2553 2150 totum
2607 2082 2695 2151 de
2736 2079 2960 2149 Christo

454 2189 918 2256 praesumere,
963 2183 1029 2238 et
1065 2182 1363 2255 quantae
1412 2170 1681 2238 virtutis
1714 2191 1924 2239 causa
1973 2170 2061 2237 sit
2110 2170 2176 2238 in
2230 2170 2436 2239 rebus
2486 2192 2623 2239 non
2677 2168 2961 2258 turpibus

449 2257 752 2338 obedire,
800 2279 955 2327 mox
1003 2258 1359 2347 supposita
1404 2281 1614 2327 manu
1643 2257 1896 2327 ferrum
1934 2256 2142 2328 altius
2189 2259 2495 2339 elevavit,
2534 2259 2802 2329 dicens:
2838 2260 2958 2321 «De

449 2343 676 2414 calore
724 2345 921 2425 calet,
967 2346 1082 2415 sed
1138 2367 1374 2416 novem
1414 2346 1718 2438 pondera
1755 2347 1977 2417 habet.
2013 2370 2047 2413 »
2099 2347 2288 2430 Quod
2347 2362 2574 2437 postea
2613 2360 2869 2417 tantum
2897 2338 2958 2410 ad

446 2447 767 2505 stateram
805 2436 1155 2504 inventum
1209 2450 1332 2518 est,
1385 2450 1723 2523 quantum
1764 2438 1914 2523 ejus
1946 2458 2071 2505 vox
2108 2436 2351 2507 librata
2391 2437 2844 2527 praedixerat.
2879 2431 2974 2500 sic*

445 2523 515 2592 in
568 2546 703 2592 uua
757 2525 983 2614 specie
1031 2523 1284 2625 duplex
1330 2525 1742 2594 miraculum
1797 2526 2224 2615 propagavit,
2292 2547 2374 2594 ne
2412 2548 2570 2597 eum
2627 2526 2761 2596 foci
2811 2520 2963 2619 calor

443 2626 777 2691 exureret,
822 2635 943 2682 nec
992 2612 1151 2682 ferri
1210 2613 1513 2703 pondera
1561 2613 1980 2684 fefellissent.
2043 2619 2205 2684 Nam
2259 2613 2627 2685 defaecatis
2695 2613 2868 2682 vitiis
2910 2619 2974 2706 int

446 2722 518 2770 se
555 2700 865 2770 libidinis
915 2724 1230 2791 vaporem
1286 2725 1418 2772 non
1470 2703 1757 2781 habuit,
1811 2703 1930 2790 qui
1984 2715 2115 2773 tam
2171 2704 2381 2773 libere
2443 2703 2627 2793 ignis
2679 2697 2974 2772 incendia

444 2789 594 2858 sine
642 2790 911 2859 ustione
955 2792 1189 2861 evasit.
1245 2796 1408 2861 Nam
1447 2806 1522 2862 ut
1567 2791 1887 2861 elementi
1939 2792 2164 2881 ignem
2220 2792 2539 2871 vinceret,
2595 2806 2756 2862 ante
2804 2790 2974 2884 flam*

447 2900 597 2947 mas
654 2879 886 2949 carnis
939 2880 1260 2950 extinxit:
1315 2893 1382 2950 et
1428 2880 1613 2951 utin
1680 2881 1826 2971 ipsa
1873 2902 2086 2971 pensa
2134 2903 2268 2951 non
2335 2880 2619 2962 falleret,
2690 2881 2974 2972 probavit*

444 2965 703 3036 ferrum
761 2967 1081 3057 pondere.

535 3063 572 3136 ἓ
620 3060 712 3127 8.
770 3057 1021 3127 Deinde
1069 3057 1138 3126 in
1192 3056 1548 3148 religionis
1580 3058 1822 3128 ordine
1856 3057 2328 3128 subdiaconus
2368 3059 2648 3129 effectus
2700 3070 2824 3127 est.
2857 3059 2964 3152 Ita-

441 3165 576 3230 que
623 3168 781 3214 cum
843 3146 1323 3216 subdiaconali
1388 3147 1769 3218 ministerio
1820 3146 2257 3235 fungeretur,
2301 3148 2366 3216 in
2410 3149 2521 3217 die
2570 3147 2965 3240 Epiphanio·

444 3255 598 3303 rum
637 3233 966 3305 hauriens
1013 3257 1262 3323 aquam
1315 3235 1400 3305 de
1448 3236 1658 3305 fluvio
1699 3240 2050 3324 Sequanae
2080 3237 2133 3317 ¹⁴¹,
2170 3236 2337 3306 dum
2390 3235 2587 3306 beato
2625 3235 2966 3306 Prudentio

441 3323 777 3412 Episcopo
828 3324 1152 3395 manibus
1201 3323 1568 3394 abluendis
1615 3325 1907 3406 offerret,
1949 3326 2230 3396 mutatis
2266 3324 2648 3400 elementis.
2693 3323 2832 3393 vini
2881 3338 2968 3387 sa·

443 3433 569 3502 por
617 3412 934 3481 inventus
965 3425 1087 3482 est.
1144 3417 1290 3494 Quo
1343 3414 1482 3483 viso
1539 3414 2031 3503 obstupescens
2086 3413 2405 3503 pontifex,
2449 3415 2660 3503 jussit
2712 3436 2792 3482 ex
2841 3409 2965 3497 ipso

440 3523 647 3571 urceo
694 3501 762 3569 in
813 3501 1097 3571 calicem
1151 3523 1423 3572 sacrum
1475 3501 1709 3571 fundi:
1768 3502 1952 3572 unde
1994 3504 2361 3573 universus
2405 3503 2729 3593 populuS,
2787 3495 2960 3593 Missi

439 3588 803 3666 celebrata.
841 3589 927 3659 ad
976 3591 1537 3661 communionem
1590 3592 1874 3681 accepit,
1909 3603 1974 3661 et
2023 3592 2251 3680 ipsum
2291 3614 2406 3661 vas
2433 3615 2593 3662 cum
2628 3592 2714 3661 ad
2772 3586 2964 3679 plebis

441 3678 956 3749 multitudinem
992 3678 1393 3757 suffecisset,
1447 3702 1526 3749 ac
1576 3680 1802 3749 sinon
1859 3693 2111 3750 tactum
2164 3692 2229 3749 et
2276 3680 2647 3770 integrum,
2704 3680 2802 3750 sic
2846 3671 2964 3766 pless

441 3788 608 3836 num
646 3766 1048 3868 permansit.
1084 3766 1293 3853 Cujus
1327 3768 1465 3837 vini
1514 3769 1801 3857 mystico
1832 3770 2163 3839 beneficio
2203 3783 2428 3858 postea
2477 3768 2672 3838 multi
2724 3765 2962 3838 infirmi

439 3870 662 3926 sanati
712 3869 897 3926 sunt.
954 3861 1118 3926 Ecce
1158 3857 1381 3926 virum
1407 3859 1951 3938 sanctissimum,
1993 3858 2110 3944 qui
2157 3858 2415 3928 undam
2468 3878 2752 3929 sumens
2784 3852 2965 3925 assu-

438 3944 662 4027 mine,
725 3945 881 4016 vina
933 3944 1177 4016 effudit
1236 3946 1302 4013 in
1361 3945 1675 4015 calicem.
1729 3946 1852 4017 Sed
1909 3947 2093 4016 unde
2158 3959 2291 4018 tam
2371 3969 2540 4016 nova
2625 3937 2962 4015 miracuta.

435 4032 625 4104 unde
654 4034 721 4070 *¹*
759 4048 1054 4124 portaret
1092 4055 1371 4121 aquam,
1407 4034 1922 4122 quodammodo
1955 4036 2154 4124 quasi
2192 4058 2360 4106 uvas
2391 4036 2821 4122 exprimeret,
2862 4048 2964 4096 na-

436 4136 741 4192 sceretur
789 4122 889 4193 illi
941 4123 1205 4212 palmes
1253 4124 1324 4193 in
1378 4124 1657 4213 palma?
1704 4130 1867 4195 Vere
1916 4124 2194 4195 beatum
2240 4124 2661 4206 Marcellum,
2710 4133 2963 4194 summil

433 4211 867 4281 veneratione
913 4212 1309 4292 colendum,
1352 4213 1417 4283 in
1456 4213 1661 4300 cujus
1697 4213 2021 4283 manibus
2057 4236 2196 4283 uno
2228 4214 2608 4302 eodemque
2641 4215 2964 4301 momeulo

432 4300 669 4371 floruit
718 4300 1106 4384 vindemia,
1159 4315 1223 4371 et
1274 4301 1608 4372 torculata
1683 4316 1844 4373 sunt
1909 4303 2091 4372 vina.
2146 4303 2474 4375 Videmus
2524 4325 2660 4372 303
2725 4319 2857 4371 330
2902 4310 2958 4358 ¹ss

484 4427 511 4455 Φ
540 4428 664 4468 Gall.
690 4428 827 4478 Scine,
854 4427 955 4467 ital.
988 4427 1142 4467 Sanno.
1558 4428 1610 4455 *¹
1639 4429 1780 4470 Forte
1811 4425 2059 4478 tegendum
2086 4431 2175 4475 ent.
2204 4436 2248 4470 ue
2276 4431 2393 4469 aum.
