2993 4837
56 337 126 400 W.
177 337 256 400 45
707 354 783 400 nit
830 355 885 400 S.
939 353 1257 401 mommo
1306 353 1702 424 contessoris
2262 338 2391 401 509

57 440 164 507 trit.
215 437 356 507 Alia
398 438 651 506 mulier
685 459 837 507 aere
887 439 1113 507 alieno
1162 439 1411 529 gravis,
1464 462 1625 508 eum
1676 461 1709 507 a
1775 439 2232 508 creditoribus
2288 440 2481 507 vehe-

58 527 364 596 ntissime
412 540 800 617 urgeretur,
851 527 1173 596 destituta
1210 526 1515 597 solvendi
1566 549 1710 616 spe,
1759 527 2080 617 Leopoldi
2132 526 2478 597 tumulum

70 617 132 695 it,
183 616 416 703 ibique
452 638 585 686 non
640 616 791 685 sine
840 638 1091 706 magno
1153 616 1385 685 dolore
1449 617 1812 707 ingemuit,
1864 617 2136 686 numini
2179 638 2251 685 se
2298 638 2483 685 com·

66 705 293 773 ndans.
332 705 623 774 Auditae
653 705 932 773 luerunt
985 726 1242 793 preces,
1289 718 1356 774 et
1402 725 1528 774 vox
1574 705 1863 775 auribus
1911 705 2328 791 quiescentis
2374 706 2483 773 in-

70 795 181 874 uit,
231 807 307 863 ut
353 793 641 862 domum
695 806 1045 879 repeteret,
1097 808 1163 863 et
1209 795 1557 864 scrineum
1595 793 1910 895 aperiret,
1949 816 2085 881 quo
2125 796 2483 863 inventura

68 882 597 953 tsatisfactionis
632 881 844 952 debiti
886 882 1291 953 schedulas:
1329 882 1511 969 quod
1547 884 1667 951 ubi
1718 882 1996 962 invenit,
2050 882 2292 952 domos
2339 904 2483 951 cre-

65 993 262 1051 arum,
305 971 532 1058 quiet
579 971 943 1040 Christiani
986 984 1052 1042 et
1096 972 1334 1040 ludaei
1372 984 1590 1052 erant,
1639 972 1851 1060 petiit,
1889 985 1963 1041 ut
1991 972 2266 1042 chartas
2313 971 2485 1041 obli-

72 1060 233 1128 ionis
265 1060 653 1129 redderent.
707 1060 835 1143 Qui
889 1082 994 1130 res
1046 1061 1412 1140 onderunt,
1446 1083 1519 1130 se
1566 1060 1836 1130 dedisse
1868 1059 2146 1130 cuidam
2185 1060 2486 1128 vestibus

65 1147 320 1218 elestinis
360 1147 634 1229 induto,
698 1162 762 1216 et
807 1150 923 1235 qui
1023 1150 1204 1218 ebita
1252 1149 1551 1219 solverit.
1597 1155 1785 1219 Tunc
1833 1150 2060 1218 statim
2110 1148 2488 1218 exhilarata

64 1235 211 1316 ulier,
272 1238 709 1328 apertissime
756 1237 1089 1306 intellexit
1137 1237 1553 1328 Leopoldum
1608 1237 1843 1317 fuisse,
1897 1260 1931 1307 a
1988 1259 2127 1324 quo
2167 1236 2488 1307 mortales

66 1325 238 1394 trima
295 1324 795 1395 miraculorum
847 1326 1181 1395 beneficia
1220 1341 1286 1395 et
1334 1326 1612 1396 assidue
1669 1328 2042 1413 accipiunt.
2099 1326 2223 1396 Sed
2277 1325 2482 1416 longe

67 1413 201 1504 jora
260 1415 618 1501 multoque
672 1415 1126 1503 praeclariora
1187 1415 1429 1484 fecisse
1479 1428 1745 1485 constat
1806 1415 2258 1502 Lcopoldum,
2310 1436 2486 1501 quae

79 1501 177 1571 nia
213 1502 596 1573 litterarum
652 1504 1115 1573 monumentis
1165 1504 1487 1573 mandata
1537 1516 1699 1573 tunc
1748 1505 2089 1583 interiere,
2130 1526 2289 1573 cum
2347 1524 2488 1572 mo-

66 1592 312 1661 sterium
351 1591 882 1682 Novumburgae
931 1593 1252 1661 incendio
1282 1593 1751 1681 conflagravit.
1796 1594 1986 1662 Circa
2021 1615 2318 1679 quorum
2382 1614 2484 1661 so·

67 1681 197 1748 onia
233 1683 355 1751 etsi
385 1681 750 1771 complura
786 1683 855 1750 in
891 1681 1197 1751 medium
1233 1680 1488 1750 adduci
1540 1682 1825 1769 possint,
1859 1680 2006 1750 loco
2044 1694 2108 1750 et
2159 1682 2251 1749 rei
2276 1702 2487 1766 quam

66 1787 109 1833 m
163 1769 645 1857 explicaturus
678 1769 845 1838 forte
908 1791 1040 1839 non
1110 1771 1684 1850 inconvenientia,
1756 1771 2188 1858 potissimum
2258 1770 2324 1838 in
2381 1770 2488 1840 his

67 1876 129 1922 ae
161 1858 236 1925 ad
272 1858 509 1934 fidem,
573 1857 657 1925 ad
718 1859 1161 1947 gravitatem,
1216 1858 1299 1928 ad
1366 1860 1851 1938 constantiam,
1906 1859 1987 1928 ad
2041 1858 2485 1934 concordiam

68 1944 217 2013 tium
266 1960 619 2036 spectant:
671 1969 830 2015 cum
881 1948 1019 2016 sint
1088 1962 1406 2016 accurate
1463 1947 1965 2036 diligenterque
2022 1947 2338 2016 discussa
2401 1946 2489 2015 ab

81 2034 184 2119 qui
214 2057 530 2104 summae
566 2036 659 2103 rei
684 2034 1164 2124 praefuerunt,
1194 2058 1316 2125 pro
1343 2037 1748 2125 praepositis
1778 2035 2090 2105 consulto
2127 2036 2493 2124 praeterire

65 2124 179 2189 itui.
228 2129 300 2192 In
355 2125 466 2192 his
536 2126 786 2192 etenim
848 2124 1102 2194 adsunt
1162 2125 1481 2216 Leopoldi
1533 2125 1867 2194 miracula
1928 2146 2058 2193 non
2137 2146 2179 2192 a
2225 2123 2493 2194 levibus

63 2209 395 2294 ulierculis,
456 2234 590 2282 non
642 2236 678 2281 a
730 2214 1013 2282 senibus
1046 2212 1306 2292 deliris,
1367 2236 1498 2283 non
1557 2237 1593 2282 a
1644 2215 2011 2305 corruptiS,
2070 2234 2202 2280 non
2254 2214 2341 2282 ab
2383 2213 2528 2281 in-‘

66 2301 467 2379 astantibus,
525 2301 641 2370 sed
692 2303 779 2371 ab
846 2302 1246 2372 bominibus
1302 2301 1482 2371 fama
1531 2316 1596 2370 et
1672 2304 2059 2393 integritate
2117 2297 2485 2389 praeditis:

62 2405 104 2453 tn
144 2391 370 2477 gratia,
418 2412 556 2460 non
594 2412 849 2471 amore,
892 2412 1023 2461 non
1052 2413 1273 2481 prece,
1325 2413 1455 2461 non
1496 2392 1736 2481 pretio,
1797 2413 1927 2462 non
1981 2392 2069 2472 vi,
2110 2413 2244 2460 non
2277 2403 2487 2468 metu,

61 2477 400 2572 fodenique
434 2478 580 2548 ulla
630 2502 774 2570 spe,
842 2503 964 2570 pro
1007 2482 1182 2550 veris
1229 2481 1696 2571 comprobata.
1765 2481 2037 2550 Accedit
2082 2480 2340 2549 adhaec
2396 2493 2493 2548 te-

60 2582 166 2633 tum
214 2567 588 2637 multitudo
641 2568 704 2636 in
772 2591 994 2638 unum
1065 2569 1384 2656 idemque
1442 2570 1917 2655 consentiens:
1984 2592 2160 2656 quae
2219 2568 2493 2657 vulgata

62 2657 484 2753 maLeopoldi
524 2678 770 2737 moreS,
809 2658 1039 2736 fidem,
1067 2658 1434 2743 justitiam,
1479 2659 1904 2748 religionem,
1949 2660 2290 2748 pietatem,
2327 2679 2494 2728 con-

58 2746 295 2835 tonam,
334 2746 821 2835 integritatem,
863 2747 1388 2817 sanctimoniam
1436 2748 1631 2827 vitae,
1673 2762 2006 2817 testantur
2045 2747 2341 2817 abunde.

60 2828 101 2912 ᾖ
136 2833 210 2900 8.
260 2834 382 2902 Sed
437 2837 581 2920 jam
646 2835 879 2915 hahes,
936 2840 1127 2904 Pater
1183 2847 1437 2919 sancte,
1489 2836 1683 2923 quid,
1738 2836 2015 2907 sedente
2061 2837 2250 2906 Xisto
2298 2841 2488 2905 Pont.

57 2935 141 2984 nx.
180 2925 694 3020 praedecessore
743 2935 904 3001 tuo,
964 2924 1050 2992 ab
1108 2924 1478 2994 Reverend.
1538 2925 1842 2994 dominis
1891 2924 2372 2994 cardinalibus
2426 2927 2492 2992 in

53 3023 113 3101 ιφ
145 3029 317 3095 plum
352 3034 532 3100 opus
561 3011 906 3103 deputatis
940 3013 1047 3092 sit,
1076 3017 1155 3082 R.
1186 3013 1470 3082 domino
1504 3014 2109 3085 Vicecancellarios
2138 3014 2490 3091 referente,

52 3108 167 3193 :jus
216 3100 305 3166 rei
356 3101 666 3181 minime,
706 3113 782 3170 ut
818 3101 1085 3190 opinor,
1134 3106 1198 3171 S.
1238 3108 1307 3170 T.
1347 3102 1558 3171 oblita
1607 3117 1729 3181 est,
1765 3124 1923 3170 cum
1979 3124 2165 3170 unus
2213 3123 2248 3170 e
2299 3123 2495 3171 sacro

50 3188 359 3256 insistet-io
411 3203 572 3258 tunc
609 3202 809 3258 esset.
861 3189 1078 3276 quue
1124 3192 1271 3279 jam
1320 3212 1560 3260 omnes
1614 3191 1961 3279 accepisse
2013 3212 2184 3268 reor,
2237 3191 2496 3276 quibus

49 3274 358 3345 arentibus
417 3293 609 3347 ortus
660 3278 1041 3366 Leopoldus
1103 3284 1212 3360 sit,
1266 3301 1473 3366 quam
1529 3277 1886 3368 praeclari,
1940 3300 2288 3365 quamque
2338 3277 2497 3347 illu-

49 3366 173 3438 tres;
211 3377 539 3449 quantum
583 3365 836 3435 divinis
872 3366 1286 3452 incubuerit,
1325 3389 1625 3455 quonam
1695 3378 1912 3457 pacto,
1948 3368 2243 3436 extincto
2280 3379 2492 3455 patre,

49 3454 367 3533 egesseriu
396 3454 982 3542 quemadmodum
1024 3455 1205 3547 leges
1228 3456 1710 3545 justitiamque
1736 3456 2046 3537 coluerit,
2078 3454 2498 3524 matrimonii

49 3541 323 3629 servaverit
349 3544 529 3629 jura,
567 3565 741 3629 quas
774 3543 976 3612 aedes
1024 3546 1481 3614 construxerit
1517 3566 1782 3625 sacras;
1836 3544 2073 3632 quanti
2117 3565 2275 3613 eum
2325 3542 2500 3611 fece-

49 3634 121 3689 mt
161 3630 696 3714 praedecessores
747 3633 869 3713 tui,
908 3646 973 3702 et
1018 3633 1184 3702 dum
1223 3635 1406 3714 vixit,
1444 3647 1511 3703 et
1559 3646 1919 3724 postquam
1965 3634 2099 3702 vita
2151 3632 2494 3722 migravit.

49 3709 196 3781 [abes
236 3731 294 3785 et
343 3720 701 3802 miracula,
760 3723 1145 3791 testimonia
1197 3724 1390 3802 vitae,
1453 3737 1594 3792 tum
1655 3745 1904 3814 magna
1972 3735 2114 3791 tum
2172 3721 2493 3800 maxima,

49 3805 252 3883 tquae
288 3808 489 3896 prior,
526 3822 592 3877 et
627 3830 806 3896 quae
857 3824 1085 3879 nostra
1135 3811 1300 3880 vidit
1338 3825 1567 3880 aetas:
1631 3813 1887 3898 quibus
1937 3833 2146 3898 quam
2191 3824 2495 3887 sanctuS,

49 3902 310 3977 {namque
359 3902 483 3967 Deo
530 3899 734 3967 fuerit
782 3914 1127 3986 acceptus,
1185 3900 1696 3971 demonstratur
1756 3916 2032 3990 aperte:
2088 3911 2153 3968 et
2199 3920 2373 3984 quae
2415 3897 2499 3966 ad

49 3969 451 4053 ‘bservandam
490 3988 955 4056 aeternitatem
1001 3990 1103 4056 vir
1154 4010 1449 4079 magnus
1495 4002 1562 4059 et
1613 4002 1792 4060 totus
1844 3990 1957 4057 Dei
2006 3988 2326 4077 exegerit.
2379 3992 2502 4055 Po-

49 4060 210 4135 acebat
230 4068 513 4168 bominis
531 4074 823 4145 altitudo
847 4076 1219 4165 longiorem
1245 4079 1648 4147 orationem:
1679 4078 1964 4147 materia
1986 4075 2496 4167 suppeditabat,

49 4164 191 4252 {uam
233 4164 523 4249 ingentia
577 4164 859 4253 implere
906 4165 1282 4235 volumina.
1331 4170 1467 4258 Ego
1519 4189 1674 4236 vero
1724 4188 1981 4235 morem
2030 4166 2334 4242 illorum,
2381 4164 2503 4250 qui

49 4251 227 4311 Jaums
265 4248 538 4322 calculis
586 4252 1201 4322 innumerabilium
1252 4254 1464 4324 ferme
1515 4278 1742 4325 rerum
1799 4277 2143 4325 summam
2204 4252 2504 4341 comple-

49 4333 278 4412 ²¹¹1¹¹¹1¹P‚
316 4336 415 4407 his
452 4341 688 4428 paucis
718 4343 932 4429 exegi.
977 4342 1386 4413 Defecissent
1433 4344 1630 4413 aliter
1679 4342 1913 4424 latera,
1953 4357 2019 4423 et
2051 4343 2288 4431 lingua
2322 4362 2502 4409 com·

49 4425 221 4491 pressa
259 4424 730 4497 obmutuisset:
784 4430 1351 4518 observantiaque
1399 4433 1572 4502 bene
1620 4433 2019 4502 meritorum
2083 4443 2269 4501 tanta
2319 4429 2502 4520 apud
2553 4456 2618 4498 f
