2993 4837
49 339 218 403 NOV.
278 339 363 403 *17
746 359 823 403 ns
872 359 925 404 s.
982 358 1275 404 DlONYslo
1324 359 1421 404 ΕΡ.
1476 356 1915 403 ΑιΕΧΑΝυιιιΝο
2387 344 2501 407 541

48 453 438 509 nostrorum
485 440 693 529 jussu
741 441 933 509 vobis
974 441 1350 532 assignavi.
1389 446 1617 528 Neque
1663 462 1959 527 usquam
2010 442 2294 511 omnino
2344 443 2447 513 vel
2491 467 2603 514 vo-

46 530 163 610 bis,
219 529 323 598 vel
381 529 547 597 aliis
586 530 979 617 quibusque
1033 544 1329 619 potestas
1377 530 1529 608 erit,
1573 529 1694 599 au‘t
1748 529 2141 599 celebrandi
2193 546 2597 614 conventuS‚

45 632 151 687 aut
212 620 284 687 in
338 641 474 698 ea,
530 640 707 704 quae
767 620 1178 688 coemeteria
1228 618 1693 708 appellantur,
1757 618 2217 707 ingrediendi.
2287 622 2478 703 Quod
2546 624 2605 693 si

45 709 190 794 quis
234 721 550 776 vestrum
606 708 674 774 in
737 729 893 776 eum
947 707 1202 788 locum,
1242 709 1326 776 ad
1378 729 1581 793 quem
1626 729 1745 777 vos
1793 708 1892 776 ire
1953 711 2440 798 praeceperim,
2481 712 2602 779 mi-

50 797 223 865 nime
277 796 792 885 proficiscatur,
831 811 944 865 aut
999 799 1067 865 in
1105 796 1340 883 aliquo
1392 796 1775 885 reperiatur
1806 812 2171 878 conventu,
2206 821 2334 868 suo
2385 800 2607 884 ipsius

47 886 244 974 capiti
295 885 569 955 creabit
634 885 1074 974 periculum;
1137 908 1269 954 non
1322 885 1538 954 deerit
1603 907 1903 972 namque
1974 900 2292 956 accurata
2342 889 2423 956 ad
2488 912 2604 959 vos

50 974 519 1043 observandos
571 974 936 1043 industria.
974 976 1165 1044 Abite
1207 975 1441 1065 igitur,
1480 996 1617 1060 quo
1660 974 1840 1061 jussi
1882 976 2068 1044 estis.

129 1065 164 1146 ἓ
210 1069 357 1136 14.
399 1087 438 1130 «
481 1063 591 1132 Sic
616 1063 1037 1132 Aemilianus
1076 1086 1182 1132 me
1220 1065 1424 1133 etiam
1462 1064 1702 1132 morbo
1737 1062 2156 1132 laborantem
2194 1065 2383 1134 abire
2415 1087 2605 1135 com-

56 1151 258 1239 pulit,
319 1167 389 1221 et
455 1174 539 1220 ne
587 1153 669 1220 ad
722 1175 942 1221 unum
995 1152 1276 1239 quidem
1329 1152 1510 1220 diem
1570 1174 1721 1220 eam
1790 1151 2276 1240 profectionem
2329 1153 2602 1225 differre

56 1241 281 1309 voluit..
324 1240 697 1323 Quodnam
748 1263 910 1331 ergo
973 1242 1142 1310 mihi
1207 1252 1564 1330 supererat
1614 1240 1857 1320 otium,
1927 1240 2026 1308 vel
2078 1241 2163 1310 ad
2224 1257 2603 1314 conventus

59 1330 371 1417 agendOS,
418 1329 522 1397 vel
567 1333 821 1398 secus?
891 1330 1142 1399 Deinde
1196 1329 1434 1399 addit:
1504 1334 1844 1398 Attamen
1905 1351 2050 1409 n03,
2106 1331 2389 1419 juvante
2441 1337 2595 1412 Deo,

62 1440 182 1486 non
229 1441 269 1487 a
318 1430 670 1486 conventu
723 1416 946 1507 palam
1000 1420 1177 1489 inter
1220 1442 1344 1488 nos
1392 1403 1806 1488 celebrando
1860 1418 2379 1489 abstinuimus:
2433 1423 2600 1507 quin

62 1507 77 1572 i
128 1529 192 1576 se
231 1507 559 1592 equidem
591 1507 923 1592 quosdam
962 1508 1031 1575 in
1066 1509 1335 1577 civitate
1375 1507 1644 1586 fratres,
1684 1506 1967 1596 perinde
1999 1530 2077 1576 ac
2106 1510 2163 1577 si
2201 1509 2406 1580 simul
2444 1531 2602 1578 cum

65 1529 187 1664 illis
234 1609 552 1670 versatus
600 1594 909 1676 fuissem,
945 1596 1029 1664 ad
1066 1609 1444 1666 conventus
1498 1595 1924 1686 perstudiose
1974 1597 2279 1686 agendos
2315 1599 2598 1688 impuli:

63 1696 119 1750 et
161 1687 483 1771 quamvis
518 1683 605 1752 ab
657 1683 792 1752 illis
827 1707 1111 1774 corpore
1159 1687 1498 1766 abessem,
1537 1697 1613 1754 ut
1661 1685 1886 1771 inquit
1933 1687 2317 1775 ApostoluS,
2357 1688 2605 1777 spiritu

68 1785 273 1840 tamen
326 1795 607 1862 semper
656 1772 960 1842 aderam.
1028 1774 1119 1843 Ad
1185 1775 1446 1864 Cephro
1518 1788 1745 1843 autem
1828 1795 1959 1844 non
2017 1775 2309 1864 exiguus
2366 1789 2601 1846 coetus

72 1863 410 1930 nobiscum
452 1885 594 1931 una
649 1863 988 1951 migravit,
1028 1876 1169 1932 tum
1207 1864 1495 1933 fratrum
1548 1863 1669 1949 qui
1717 1863 1802 1931 ab
1851 1862 2023 1931 urbe
2060 1886 2183 1933 nos
2226 1865 2605 1950 sequeban-

74 1961 188 2029 tur,
239 1965 381 2020 tum
428 1951 754 2029 aliorum,
795 1951 914 2038 qui
954 1973 1031 2020 ex
1086 1952 1349 2040 reliqua
1397 1957 1697 2042 Aegypto
1730 1965 2216 2021 convenerant.
2261 1959 2471 2041 Atque
2509 1954 2602 2022 ibi

79 2041 229 2107 Deus
273 2040 473 2126 quasi
512 2040 799 2126 januam
844 2040 930 2108 ad
984 2041 1265 2110 verbum
1316 2064 1521 2109 suum
1578 2040 2118 2129 praedicandum
2170 2043 2369 2111 nobis
2419 2056 2607 2143 pate-

80 2124 231 2195 fecit.
290 2135 376 2197 Ac
441 2130 744 2217 primum
797 2151 1220 2216 quamquam
1276 2131 1751 2219 persecutione
1813 2151 2093 2199 eramus
2142 2129 2482 2210 divexati,
2543 2143 2609 2200 et

87 2213 403 2301 lapidibus
455 2217 710 2297 obruti,
767 2229 1000 2305 postea
1052 2233 1277 2287 tamen
1337 2239 1471 2286 non
1527 2240 1730 2307 parva
1781 2219 2143 2308 gentilium
2205 2219 2599 2300 multitudO,

94 2300 260 2372 idolis
302 2306 590 2386 relictis,
644 2307 726 2375 ad
768 2311 977 2375 Deum
1031 2307 1396 2376 colendum
1434 2328 1505 2374 se
1538 2309 1995 2377 convertebat.
2042 2313 2205 2376 Nam
2264 2323 2426 2378 tunc
2470 2311 2607 2398 pri-

96 2410 251 2488 fnum
312 2396 604 2465 verbum
656 2396 817 2476 Dei,
870 2396 1052 2483 quod
1118 2417 1472 2483 nunquam
1525 2409 1719 2465 antea
1785 2397 2258 2486 accepissent,
2319 2421 2434 2487 per
2485 2421 2608 2468 nos

93 2492 238 2551 inter
276 2506 392 2553 eos
442 2485 973 2554 disseminatum
1027 2485 1178 2554 fuit.
1235 2491 1308 2553 Et
1365 2491 1588 2565 DeuS‚
1653 2486 1936 2573 perinde
1983 2499 2188 2573 atque
2248 2487 2462 2573 hujus
2509 2488 2610 2556 rei

88 2591 264 2666 causa
313 2575 541 2643 solum
596 2573 711 2642 illo
763 2596 885 2642 nos
933 2573 1330 2651 deduxerat,
1376 2596 1454 2643 eo
1505 2574 1844 2663 completo
1897 2575 2300 2655 ministerio,
2359 2577 2603 2644 iterum

87 2659 222 2728 mdc
252 2664 561 2732 abduxit.
600 2663 867 2751 Quippe
927 2662 1370 2741 AemilianuS,
1408 2676 1484 2731 ut
1532 2663 1915 2741 videbatur,
1958 2663 2200 2733 habuit
2248 2665 2314 2733 in
2376 2666 2609 2734 animo

90 2767 192 2818 nos
259 2752 321 2820 in
399 2752 749 2840 asperiora
825 2753 1285 2838 interioraque
1361 2752 1610 2839 Libyae
1685 2764 1750 2819 et
1827 2753 2047 2842 magis
2123 2754 2386 2822 deserta
2461 2753 2612 2823 loca

91 2840 450 2908 transferre.
508 2842 801 2908 Omnino
849 2841 1033 2907 enim
1089 2842 1154 2909 in
1213 2839 1566 2908 Mariotam
1611 2841 2067 2929 commigrare
2119 2842 2492 2920 mandavit,
2547 2854 2612 2912 et

94 2925 360 3016 singulis
404 2943 713 2998 nostrum
764 2950 882 3017 per
922 2930 1249 3017 regiones
1277 2927 1503 2998 varias
1536 2949 1747 3016 pagos
1781 2930 2078 3016 praescri
2137 2932 2223 2999 sit
2259 2931 2604 3020 singulos:

95 3033 182 3081 me
211 3030 431 3085 autem
489 3019 773 3106 propius
823 3017 906 3085 ad
960 3018 1217 3105 regiam
1254 3018 1462 3097 viam,
1502 3029 1579 3086 ut
1639 3017 1904 3105 primus
1962 2952 2433 3107 prelienderet,
2473 3019 2615 3089 col-

91 3097 328 3174 locavit.
385 3107 495 3175 Sic
542 3107 725 3175 enim
787 3128 894 3174 res
942 3107 1029 3175 ab
1071 3107 1189 3174 illo
1238 3107 1662 3195 dispensata,
1718 3106 1951 3191 sicque
2003 3122 2400 3196 comparata
2452 3108 2603 3188 fuit,

93 3202 153 3257 ut
180 3195 446 3277 quando
480 3194 698 3265 visum
738 3195 929 3273 foret,
968 3216 1092 3264 nos
1121 3194 1730 3286 comprehendere,
1766 3216 2144 3282 omnesque
2178 3196 2376 3266 facile
2409 3219 2611 3267 occu-

96 3298 230 3363 pare
275 3297 518 3369 posset.
2030 3320 2037 3328 ·

164 3369 372 3452 515.
414 3395 450 3437 «
504 3376 640 3461 Ego
693 3394 846 3440 vero
895 3395 1053 3440 cum
1088 3373 1157 3440 in
1192 3373 1456 3461 Cepliro
1486 3371 1944 3461 abirejussus
1975 3372 2007 3407 ⁴²
2055 3394 2302 3453 essem,
2343 3374 2610 3442 tametsi

96 3449 290 3525 locum
342 3460 627 3529 ubinam
678 3475 854 3530 esset
896 3462 1093 3541 situs,
1132 3461 1566 3552 ignorabam,
1612 3474 1676 3529 et
1713 3483 1958 3529 nomen
2014 3483 2373 3547 nunquam
2413 3475 2612 3531 antea

98 3540 212 3611 fere
247 3547 664 3631 audiveram,
717 3562 940 3619 tamen
996 3550 1286 3619 libenter
1319 3563 1384 3619 et
1432 3552 1693 3636 absque
1727 3550 1944 3618 animi
1984 3550 2496 3639 perturbatione
2536 3572 2613 3619 eo

96 3631 391 3705 abscessi.
429 3643 503 3707 At
541 3653 617 3707 ut
667 3640 968 3727 primum
1023 3640 1427 3709 nunciatum
1476 3651 1622 3707 erat
1671 3639 1866 3718 mihi,
1904 3652 1980 3707 ut
2029 3639 2097 3706 in
2156 3639 2614 3710 Colluthionis

99 3738 273 3818 agros
308 3724 788 3828 demigrarem,
826 3728 946 3814 qui
993 3728 1159 3796 mihi
1197 3729 1509 3803 aderant,
1554 3739 1806 3796 norunt
1836 3750 1972 3814 quo
2010 3741 2204 3817 pacto
2232 3728 2396 3818 (hoc
2427 3729 2612 3797 enim

102 3809 249 3877 m1hi
297 3814 433 3901 ipse
466 3817 626 3886 vitio
676 3816 1074 3885 vertendum
1124 3818 1341 3907 puto),
1396 3817 1631 3885 animo
1681 3817 1963 3885 affectus
2011 3839 2257 3886 essem.
2307 3818 2613 3886 Primum

104 3912 221 3965 rem
271 3903 455 3973 valde
502 3906 742 3973 acerbe
802 3905 971 3985 tuli,
1027 3906 1546 3992 admodumque
1606 3907 2019 3974 succensui:
2087 3929 2244 3975 nam
2299 3906 2617 3993 quamvis

106 3980 229 4079 lcca
260 3988 440 4062 illius
492 3994 788 4083 regionis
842 3994 1063 4083 magis
1101 3994 1272 4062 mihi
1307 3996 1581 4082 cognita
1630 4007 1880 4073 essent,
1927 4017 2006 4063 ac
2057 3998 2279 4084 magis
2319 3995 2617 4065 familia-

110 4090 193 4140 ria
232 4098 423 4161 quam
482 4083 765 4169 Cepbr0,
814 4094 1036 4151 tamen
1092 4083 1319 4172 ipsum
1365 4082 1868 4152 Collutliionem
1905 4082 2250 4152 desertum
2304 4108 2342 4152 a
2394 4085 2616 4152 fratri-

108 4155 237 4259 bus,
276 4166 609 4239 desertum
660 4194 698 4239 a
750 4172 986 4260 probis
1038 4172 1198 4240 viris
1247 4192 1395 4240 esse
1442 4169 1783 4256 dicebam,
1824 4183 1890 4238 et
1938 4193 2070 4239 non
2126 4171 2351 4241 solum
2409 4170 2617 4240 mole-

112 4259 255 4330 stus,
306 4278 339 4323 a
379 4258 616 4328 crebro
657 4261 990 4329 viatorum
1045 4259 1338 4329 transitu
1386 4259 1733 4339 exhibitis,
1773 4259 1890 4329 sed
1948 4259 2355 4349 periculosis
2403 4260 2610 4329 etiam

113 4330 413 4414 latronum
474 4346 986 4419 incursionibus
1048 4350 1417 4438 objectum.
1486 4353 1838 4417 Caeterum
1903 4372 2063 4418 cum
2132 4349 2377 4420 fratres
2443 4349 2611 4417 mihi

156 4459 173 4480 “
199 4466 327 4516 Anno,
349 4478 404 4511 ut
432 4471 631 4525 videtur,
652 4477 741 4515 257.
