2993 4837
38 346 41 401 J
77 308 206 373 NOV.
252 311 288 374 5
617 328 697 375 nn
741 327 832 375 ss.
886 326 1274 375 GALAcnom:
1320 328 1397 375 ετ
1441 328 1745 376 amsrmm
1792 330 1905 377 nn.
2311 304 2477 378 299‘

38 410 137 499 jrei
175 422 261 480 est
300 422 596 500 apertum
647 410 1009 492 indicium,
1061 411 1246 499 quod
1294 435 1453 482 cum
1503 412 1642 482 duo
1692 412 2015 483 monachi
2066 424 2350 483 matrem
2407 413 2531 484 ha-

38 496 270 585 eberent,
301 520 466 586 quae
513 521 645 569 non
697 498 918 570 solum
949 522 1186 570 curam
1231 501 1507 591 gerebat
1536 502 1829 582 virtuti5‚
1861 502 1977 572 sed
2020 501 2166 589 jam
2200 515 2344 572 erat
2375 524 2532 591 pro-

38 600 243 677 ffvectae
284 588 532 668 aetatiS,
589 599 653 657 et
700 601 1154 661 consenuerat
1200 590 1267 657 in
1324 591 1460 660 vita
1508 590 1924 673 monastica,
1976 603 2042 660 et
2091 604 2409 681 rogarent
2453 604 2532 661 ut

38 696 172 761 ‘earn
205 675 545 758 videret,et
571 690 1036 747 maternarum
1065 690 1241 747 esset
1269 700 1548 768 precum
1592 679 1956 769 particepS,
1996 701 2130 748 non
2173 679 2526 750 sustinuit.

38 778 41 853 ζ
126 764 318 850 918.
369 769 528 834 Cum
573 765 672 836 sic
718 787 881 855 ergo
928 787 1001 835 se
1048 766 1349 847 haberet,
1399 780 1464 836 et
1519 767 1604 836 ad
1656 789 1929 837 omnem
1986 768 2298 838 virtutem
2353 781 2535 838 recta

69 851 144 920 ria
170 852 500 934 incederet,
555 875 690 923 non
744 855 963 924 visum
1006 868 1109 924 est
1157 856 1285 925 hoc
1333 855 1634 947 maligno
1682 855 2156 926 tolerandum:
2215 856 2330 925 sed
2372 879 2530 927 eum

67 941 307 1021 subiens,
347 943 462 1028 qui
496 956 657 1011 tunc
686 942 1217 1014 administrabat
1250 945 1645 1034 imperium,
1684 967 1839 1014 eum
1875 945 2160 1014 irritavit
2206 945 2535 1015 adversus

66 1048 251 1099 omnes
300 1030 735 1114 ChristiauOS,
795 1043 861 1101 et
906 1033 1149 1114 effecit,
1202 1045 1278 1101 ut
1325 1033 1655 1102 adversus
1703 1056 1818 1104 eos
1865 1046 2169 1124 apertam
2239 1047 2536 1103 moveret

66 1119 562 1205 persecutionem.
603 1124 732 1189 Eos
762 1120 945 1189 enim
1000 1122 1273 1201 invasit,
1332 1122 1579 1210 partim
1629 1122 1908 1209 quidem
1967 1144 2085 1212 per
2135 1143 2229 1202 se,
2286 1123 2532 1211 partim

65 1218 236 1275 autem
269 1229 378 1297 per
422 1208 743 1279 similiter
774 1209 1051 1279 affectos
1099 1210 1395 1279 vicarios
1422 1210 1827 1300 gravissime
1878 1211 2193 1300 puniens
2239 1210 2331 1279 Ad
2373 1232 2530 1280 eum

65 1308 235 1364 autem
277 1296 692 1379 accedentes,
721 1298 841 1385 qui
885 1299 1174 1389 tempori
1223 1298 1631 1378 serviebant,
1667 1298 1989 1369 dixerunt
2018 1322 2158 1379 eos,
2195 1301 2313 1386 qui
2340 1321 2535 1368 mon-

69 1393 162 1449 tem
199 1384 406 1453 Sinam
459 1386 885 1469 habitabant,
937 1387 1101 1457 deos
1148 1387 1429 1474 quidem
1483 1387 1732 1456 habere
1796 1388 2258 1478 contemptui:
2313 1409 2533 1457 unum

40 1482 232 1565 {autem
261 1472 473 1543 solum
524 1479 734 1544 Deum
769 1474 1013 1556 colere,
1069 1498 1367 1563 eumque
1423 1476 1865 1557 crucifixum,
1901 1489 1965 1546 et
2011 1478 2071 1545 ei
2112 1498 2387 1546 omnem
2437 1476 2534 1545 of-

39 1550 191 1631 fferre
227 1561 707 1633 adorationem.
749 1566 983 1633 Statim
1037 1586 1200 1654 ergo
1249 1563 1388 1644 illa,
1436 1577 1782 1652 tamquam
1821 1565 2125 1647 stimu10,
2164 1587 2535 1654 percussus

40 1648 320 1732 roratione,
353 1651 567 1741 jussit
605 1652 868 1721 cohorti
910 1652 1209 1722 militum
1247 1655 1343 1723 ire
1392 1653 1474 1722 ad
1523 1667 1849 1734 montem,
1915 1667 1980 1723 et
2027 1654 2288 1723 vinctos
2328 1655 2409 1722 ad
2464 1675 2537 1723 se

60 1733 252 1807 ducere
292 1761 425 1821 eos,
477 1740 599 1827 qui
643 1740 869 1831 ipsum
923 1741 1336 1824 inhabitant,
1389 1743 1834 1812 Christianos.
1887 1748 2032 1825 Quo
2079 1756 2308 1812 autem
2364 1757 2537 1812 tem-

63 1843 197 1910 pore,
241 1828 351 1914 qui
391 1828 586 1898 missi
634 1829 925 1910 fuerant,
959 1831 1028 1898 in
1081 1829 1306 1900 locum
1350 1844 1695 1911 venerant,
1734 1844 1798 1901 et
1831 1831 2009 1901 viros
2039 1831 2310 1901 divinos
2343 1844 2538 1901 erant

62 1917 604 2003 comprehensuri,
658 1918 999 2018 Episteme
1044 1919 1113 1991 in
1149 1919 1329 1990 dicto
1359 1920 1772 1989 monasterio
1806 1942 1877 1989 se
1914 1941 2235 1990 exercens
2274 1934 2344 1988 ut
2391 1943 2533 1990 nio-

64 2000 269 2085 naeha,
318 2006 495 2075 circa
551 2006 849 2075 mediam
918 2020 1180 2078 noctem
1232 2009 1414 2077 videt
1475 2008 1852 2077 somnium.
1906 2008 2277 2079 Videbatur
2348 2009 2535 2079 enim

62 2088 391 2162 simulcum
444 2094 841 2165 Galactione
889 2098 1118 2165 venire
1169 2097 1235 2165 in
1304 2096 1652 2185 quoddam
1729 2096 2102 2185 palatium:
2158 2096 2369 2166 fuisse
2417 2119 2538 2165 au—

64 2184 156 2245 tem
188 2201 405 2251 eorum
456 2184 686 2273 capita
733 2186 1003 2254 coronis
1050 2208 1088 2254 a
1123 2190 1304 2275 Rege
1354 2186 1691 2255 redimita.
1746 2190 1939 2254 Mane
1980 2207 2135 2254 vero
2166 2206 2538 2254 oeconomo

60 2271 388 2340 monasterii
434 2280 517 2342 ea
565 2294 739 2359 quae
774 2273 1054 2354 viderat,
1086 2274 1636 2355 communicans,
1675 2287 1904 2363 aperte
1932 2273 2173 2343 didicit
2204 2295 2536 2360 quorsum

62 2355 309 2429 tenderet
340 2360 720 2432 somnium.
775 2367 841 2432 Is
886 2363 1073 2432 enirn
1121 2363 1292 2433 dixit
1353 2362 1681 2454 palatium
1723 2362 2001 2451 quidem
2053 2383 2202 2433 esse
2251 2383 2540 2453 regnum

52 2444 363 2541 coelorum
408 2455 663 2541 Regem
699 2465 927 2522 autem
970 2453 1198 2542 ipsum
1239 2474 1410 2534 esse,
1455 2453 1574 2540 qui
1611 2475 1760 2522 vere
1808 2466 1873 2522 et
1913 2452 2101 2523 solus
2148 2464 2212 2522 et
2262 2464 2539 2521 natura-

56 2529 170 2604 liter
213 2553 474 2628 reguat;
527 2560 818 2611 coronas
873 2553 1097 2610 autem
1152 2541 1279 2610 hoc
1328 2542 1721 2632 significare
1750 2597 1765 2622 ‚
1833 2563 1950 2610 eos
2001 2563 2155 2611 mox
2192 2562 2339 2610 esse
2380 2562 2540 2630 pro-

50 2641 306 2696 cessuros
351 2627 435 2697 ad
473 2629 879 2708 certamina,
923 2643 988 2699 et
1017 2629 1427 2699 adversariis
1459 2629 1727 2700 futuros
1765 2630 1967 2719 plane
2001 2630 2412 2720 superiores

114 2713 303 2796 §1⁴1
356 2720 523 2786 Cum
578 2739 740 2806 ergo
791 2717 1063 2799 militeS,
1118 2730 1193 2787 ut
1212 2719 1393 2807 jussi
1440 2718 1737 2799 fuerant,
1803 2719 2273 2797 accessissent,
2327 2717 2541 2787 etalii

52 2817 240 2870 omnes
274 2826 344 2874 se
392 2807 461 2874 in
508 2804 744 2895 fugam
782 2806 1261 2894 conjecissent,
1316 2807 1676 2876 inveniunt
1709 2806 1884 2877 duos
1920 2807 2101 2878 solos
2136 2807 2536 2887 monachos,

52 2903 285 2969 quorum
324 2915 512 2964 unus
561 2906 703 2963 erat
737 2893 1110 2964 Galaction.
1158 2900 1321 2963 Cum
1357 2917 1520 2984 ergo
1572 2895 1683 2963 ille
1721 2918 1992 2983 quoque
2044 2896 2130 2965 ab
2160 2897 2259 2966 eis
2290 2896 2541 2966 ductus

53 2989 203 3057 esset,
266 2994 327 3050 et
386 2982 524 3052 hoc
576 2983 957 3052 rescivisset
1041 2983 1403 3072 Episteme,
1470 2996 1534 3053 et
1592 2983 1877 3055 sedisset
1934 2985 2000 3052 in
2059 2985 2206 3054 loco
2255 2984 2540 3055 sublimi

56 3067 270 3149 montiS,
304 3093 383 3140 ex
411 3093 555 3157 quo
593 3071 739 3160 ipsa
773 3071 1011 3141 videns
1051 3093 1180 3140 non
1221 3084 1480 3161 poterat
1514 3072 1748 3154 videri,
1789 3072 1907 3141 illa
1931 3073 2249 3141 cernebat
2288 3071 2532 3153 oculis,

52 3168 186 3234 quae
220 3178 344 3228 non
384 3160 721 3248 potuisset
750 3160 1026 3246 quidem
1056 3160 1344 3230 auribus
1391 3162 1725 3251 accipere,
1783 3161 2085 3230 vinctum
2124 3161 2372 3230 abduci
2412 3164 2542 3230 Ga-

45 3235 372 3328 lactionem,
411 3261 479 3317 et
528 3248 647 3334 qui
693 3271 841 3318 esse
910 3249 1141 3339 gravia
1199 3270 1533 3339 passurus
1632 3271 1705 3318 ro
1763 3262 1946 3318 certo
2012 3249 2402 3338 putabatur.
2460 3253 2542 3317 Se

44 3347 168 3417 ergo
202 3332 382 3405 humi
420 3348 885 3427 prosternens,
930 3338 1363 3407 vehementer
1407 3272 1691 3429 rogabat
1733 3337 2055 3406 ancillam
2085 3391 2099 3416 ,
2166 3350 2241 3407 ut
2290 3338 2543 3405 sineret

38 3437 151 3514 eam
185 3443 544 3514 properare
569 3425 652 3494 ad
687 3427 1174 3508 Galactionem,
1202 3439 1266 3495 et
1294 3427 1347 3496 si
1384 3426 1639 3506 liceret,
1679 3425 1916 3495 eadem
1952 3426 2186 3495 subire
2237 3424 2535 3493 vincula.

39 3507 323 3580 Stantem
355 3515 563 3583 vitam
593 3535 865 3601 quoque
915 3513 1111 3584 illum
1163 3528 1502 3604 oporteret
1541 3514 1946 3601 relinquere,
2012 3514 2235 3604 ipsam
2271 3534 2544 3612 quoque

37 3598 303 3669 eamdem
336 3615 622 3672 mortem
657 3625 805 3672 esse
839 3603 1250 3673 subituram.
1300 3608 1483 3674 Inter
1512 3616 1884 3690 utrumque
1909 3604 2092 3673 enim
2120 3601 2541 3693 jampridem

38 3691 413 3781 convenisse,
472 3713 554 3760 ne
586 3713 893 3778 unquam
944 3691 1513 3782 disjungerentur
1565 3693 1651 3760 ab
1700 3692 1936 3762 eadem
1996 3705 2219 3761 mente
2266 3704 2330 3759 et
2378 3690 2542 3759 affe-

37 3782 243 3844 ctione.
287 3782 502 3848 Grave
550 3802 711 3870 ergo
760 3792 824 3850 et
875 3780 1239 3870 indignum
1273 3803 1422 3850 esse
1456 3780 1748 3861 dicebat,
1802 3782 1858 3852 si
1911 3794 2210 3871 tempore
2262 3789 2542 3848 vocante

37 3877 89 3926 ea
131 3864 462 3937 videretur
507 3890 655 3937 esse
699 3868 909 3938 oblita
959 3882 1312 3957 pactorum
1378 3882 1895 3939 conventorum.
1950 3870 2256 3938 Ministra
2313 3879 2541 3936 autem

38 3949 219 4022 verbis
263 3956 542 4041 quidem
581 3957 884 4047 primum
921 3958 1302 4027 conabatur
1332 3979 1480 4026 eam
1538 3958 1877 4028 abducere
1919 3957 2005 4027 ab
2043 3959 2337 4046 incepto;
2383 3976 2542 4024 cum

37 4053 217 4108 autern
264 4066 398 4112 non
454 4045 918 4134 persuaderet,
956 4046 1120 4115 sinit
1159 4068 1307 4115 eam
1352 4046 1572 4115 facere
1619 4046 1801 4134 quod
1856 4045 2071 4115 vellet.

102 4134 133 4206 ἓ
177 4135 316 4203 15.
371 4132 497 4203 llla
535 4155 697 4224 ergo
752 4156 911 4203 cum
969 4157 1083 4204 eas
1117 4156 1293 4221 quae
1324 4156 1484 4204 cum
1540 4135 1688 4222 ipsa
1718 4147 1933 4213 erant,
1981 4144 2319 4224 postremo
2366 4143 2546 4201 esset

37 4210 314 4300 allocuta,
373 4221 615 4291 institit
686 4222 990 4312 vestigiis
1052 4223 1493 4293 Galactionis.
1562 4227 1723 4291 Cum
1775 4236 2001 4291 autem
2056 4242 2265 4310 prope
2313 4231 2542 4289 esset:

37 4305 354 4376 «Domine
415 4311 528 4392 mi,
589 4310 956 4390 clamabat,
1010 4325 1073 4379 et
1120 4311 1260 4380 dux
1313 4332 1501 4379 meae
1548 4309 1834 4390 salutiS,
1897 4331 1978 4378 nc
2040 4330 2147 4376 me
2203 4330 2381 4394 quae
2432 4321 2557 4378 tua

37 4407 156 4460 sum
187 4417 494 4468 recuses:
540 4421 666 4467 nec
697 4398 1126 4469 obliviscaris
1150 4420 1387 4468 eorum
1415 4419 1592 4485 quae
1623 4398 1803 4466 inter
1837 4420 1960 4468 nos
1984 4408 2483 4465 convenerunt.
2522 4421 2561 4464 »
