2993 4837
484 309 611 372 482
994 324 1070 369 ne
1118 323 1174 368 s.
1228 321 1583 368 monento
1630 321 1922 369 ancittae.
1977 320 2353 368 concinnast
2614 299 2780 368 Nov.
2823 302 2890 368 ll

396 414 741 477 Incensum
772 417 1066 475 vestrum
1100 409 1506 476 abominatio
1554 416 1648 474 est
1705 408 1898 474 mihi.
1949 408 2404 487 Neomeniam,
2449 417 2511 473 et
2559 406 2940 484 sabbmmi

392 508 453 565 et
506 497 900 584 festivitates
956 497 1136 564 alias
1183 519 1313 564 non
1364 498 1585 583 seram
1629 496 1750 582 (Is.
1787 494 1865 584 1);
1919 506 1984 564 et
2030 494 2356 564 subditur
2401 517 2649 564 causa:
2697 495 2900 585 'Iniqui

386 596 539 654 sunt
588 596 810 653 coetus
854 586 1082 653 vestri.
1122 583 1282 652 Ideo
1332 583 1434 651 vir
1482 597 1765 654 sanctus
1820 596 1885 653 et
1931 584 2297 653 timoratus
2353 583 2496 652 sive
2544 583 2902 672 religiosus,

388 673 767 742 honestatis
832 684 1139 752 amator,
1193 686 1257 741 et
1314 672 1567 742 zelator
1635 672 2032 762 religioniS,
2101 694 2381 762 operam
2445 671 2676 753 dedit,
2731 670 2906 742 indu-

386 763 770 847 striamque
810 760 1154 841 adhibuit,
1207 773 1282 829 ut
1321 760 1608 830 clericos
1656 761 2025 841 seculares»,
2069 762 2192 848 qui
2226 761 2297 829 in
2347 760 2656 830 Ecclesia
2703 759 2912 832 nubli-

388 850 588 919 nensi
623 863 819 919 erant
852 849 1145 919 instituti
1182 849 1529 928 Canonici,
1572 850 1958 920 secundum
1995 849 2397 919 exteriorem
2445 863 2512 918 et
2543 848 2910 922 interiorem

386 940 736 1010 hominem
775 949 1070 1007 mutatos
1097 938 1164 1006 in
1201 937 1472 1019 melius,
1498 939 1568 1006 in
1605 938 1957 1028 regulares
1986 938 2358 1009 canonicos
2393 938 2910 1007 transformaret.

386 1033 464 1098 Et
511 1041 587 1098 ut
660 1028 787 1096 hoc
854 1027 1110 1098 summi
1159 1026 1511 1096 Pontificis
1579 1028 1982 1097 auctoritate
2052 1028 2628 1109 confirmaretur,
2683 1027 2914 1096 duose

387 1116 740 1185 canonicis
790 1115 935 1185 suis
1012 1115 1197 1186 misit
1248 1121 1532 1184 Romam
1569 1170 1584 1200 ‚
1660 1130 1936 1215 propter
1983 1139 2190 1185 usum
2239 1129 2304 1185 et
2356 1115 2906 1185 consuetudinem

387 1205 822 1274 Arroacensis
870 1203 1167 1273 ordinis:
1223 1226 1343 1294 per
1374 1226 1547 1289 quos
1595 1217 1813 1274 sancti
1842 1204 1969 1274 viri
2007 1204 2429 1274 desiderium
2471 1204 2902 1292 adimpletum

387 1305 509 1363 est.
554 1293 868 1379 Fecitq'ue
916 1292 1264 1382 regulares
1314 1304 1491 1362 stare
1540 1306 1853 1362 cantores
1898 1295 2082 1363 circa
2128 1293 2382 1374 altare,
2452 1307 2529 1363 ut
2580 1292 2788 1362 lauda

392 1404 638 1452 nomen
678 1380 982 1451 Domini:
1035 1394 1100 1450 et
1148 1381 1333 1449 dedit
1365 1381 1433 1449 in
1475 1381 2056 1453 celebrationibus
2094 1382 2330 1462 decus,
2374 1395 2439 1452 et
2501 1383 2574 1451 in
2614 1404 2786 1452 sono

390 1493 543 1540 rum
594 1470 834 1539 dulces
884 1469 1039 1538 fecit
1078 1469 1340 1539 modos.

476 1562 513 1646 ἓ
561 1563 706 1630 12.
764 1564 844 1627 Ut
882 1571 1107 1627 autem
1149 1558 1432 1627 Domino
1463 1579 1591 1628 suo
1638 1560 1953 1629 securius
1988 1559 2334 1635 militaret.
2373 1559 2766 1649 spiritualis
2793 1579 2860 1628 ce

388 1648 668 1717 taminis
719 1647 971 1716 milites
1030 1646 1279 1716 electos
1327 1646 1703 1729 ordinans,
1756 1649 2106 1735 armisque
2164 1669 2401 1718 eorum
2468 1661 2531 1718 et
2583 1649 2805 1738 signis

388 1737 734 1814 muniens,
790 1735 1098 1804 habitum
1150 1736 1649 1805 Canonicorum
1704 1735 2123 1826 regularium
2168 1751 2231 1806 et
2297 1736 2570 1806 vivendi
2621 1759 2857 1807 norma

385 1825 670 1915 accepit,
709 1823 909 1910 eique
954 1825 1436 1894 convenienter
1496 1825 1720 1894 vivere
1768 1825 2057 1895 studuit.
2127 1831 2292 1895 Nam
2349 1847 2522 1914 pene
2575 1826 2902 1898 continue.

384 1914 549 1982 dum
600 1914 661 1983 ei
697 1912 963 1994 licebat,
1016 1934 1175 1981 cum
1226 1913 1578 1982 canonicis
1624 1914 1765 1982 illis
1811 1914 2056 1983 edebat
2104 1914 2171 1982 in
2226 1913 2602 1993 refectorio,
2659 1914 2904 1985 lociset

389 2002 574 2071 horis
614 2002 939 2090 congruis
986 2001 1125 2070 sive
1174 2001 1421 2071 debitis
1470 2003 1783 2071 servabat
1816 2003 2192 2083 silentium,
2231 2003 2318 2071 ad
2363 2005 2744 2073 matutinas
2791 2002 2906 2072 sin-

385 2091 569 2179 gulis
614 2091 751 2159 fere
799 2090 1114 2159 noctibus
1160 2113 1319 2159 cum
1361 2089 1495 2158 illis
1539 2091 1608 2158 in
1642 2092 1933 2161 chorum
1983 2091 2522 2180 ingrediebatur,
2580 2115 2731 2163 una
2775 2111 2906 2161 cun

385 2180 481 2248 eis
534 2179 801 2269 vigilias
830 2190 895 2248 et
944 2178 1182 2247 laudes
1220 2179 1486 2248 Domini
1536 2179 1946 2249 celebrabat.
2001 2181 2235 2250 Sciens
2283 2195 2510 2250 autem
2562 2182 2904 2271 scriptum.

394 2270 644 2358 Viqi'lae‘a
702 2269 1061 2337 honestatis
1103 2268 1454 2356 tabefaciet
1489 2292 1723 2337 carnes
1751 2269 1988 2357 (Eccli.
2019 2269 2217 2358 xxx1);
2255 2269 2611 2339 devotione
2646 2265 2902 2340 ferventi

387 2355 710 2447 vigilabat
745 2357 813 2426 in
848 2355 1298 2432 orationibus,
1328 2368 1392 2426 et
1439 2358 1836 2427 attenuabat
1864 2379 2140 2428 carnem
2192 2380 2413 2429 suam.
2453 2359 2699 2430 Finitis
2747 2358 2900 2429 enini

390 2447 749 2516 matutinis
796 2445 1146 2523 laudibus,
1203 2445 1485 2515 caeteris
1555 2446 1638 2516 ad
1708 2446 1914 2516 lectos
1964 2447 2434 2530 redeuntibuS,
2491 2449 2642 2539 ipse
2703 2450 2775 2517 in
2818 2468 2906 2516 eo*

384 2533 593 2603 clesia
641 2536 1056 2613 remanebat,
1125 2535 1252 2602 etsi
1313 2556 1446 2602 non
1499 2556 1769 2623 semper
1834 2535 2063 2617 solus,
2119 2548 2344 2606 tamen
2396 2549 2471 2606 ut
2521 2537 2914 2607 solitarius:-

386 2623 661 2709 ibatque
710 2645 831 2712 pro
877 2622 1375 2691 consuetudine
1416 2636 1573 2692 ante
1624 2624 1902 2710 signum
1940 2625 2328 2694 Dominicae
2391 2627 2761 2715 passioniS,
2803 2622 2918 2694 uhi*

388 2711 569 2781 velut
601 2711 666 2779 in
706 2711 984 2800 speculo
1034 2711 1227 2792 vitae,
1280 2711 1877 2799 contemplabatur
1907 2735 2194 2783 aeneum
2245 2725 2658 2805 serpentem,
2714 2715 2906 2784 eleva-2

386 2812 528 2869 tum
583 2800 649 2866 in
704 2800 932 2888 stipite
962 2800 1219 2879 CruciS,
1263 2812 1326 2868 et
1372 2799 1526 2885 ejus
1565 2800 1754 2870 dulci
1790 2802 2120 2871 memoria
2153 2803 2527 2872 sanabatur
2560 2826 2601 2872 a
2642 2804 2906 2893 languo-

388 2887 584 2957 ribus
634 2888 802 2969 suiS,
908 2889 1327 2975 saliebatque
1376 2890 1663 2958 Domino
1718 2913 1878 2959 cum
1929 2903 2259 2960 tremore:
2310 2906 2373 2961 et
2415 2914 2604 2961 nunc
2654 2889 2892 2967 stando,

388 2997 571 3045 nunc
620 2976 824 3046 seden
882 3000 958 3052 o,
1023 2999 1208 3046 nunc
1258 2978 1461 3047 etiam
1527 2978 1860 3047 flectendo
1921 3001 2185 3069 genua,
2251 2993 2465 3050 totum
2519 2981 2900 3050 Psalterium

386 3064 766 3135 resonabat.
843 3056 1268 3137 Affirmatffih
1317 3078 1417 3136 est
1462 3066 1783 3153 equidem
1849 3090 1886 3136 a
1959 3068 2285 3138 fratribus
2361 3068 2743 3158 religiosiS,
2797 3064 2898 3154 qui

388 3176 546 3243 prae
580 3155 863 3223 caeteris
912 3155 1336 3241 frequentius
1366 3155 1795 3225 orationibus
1824 3156 2251 3236 insistebant,
2294 3158 2475 3244 quod
2515 3158 2620 3226 vir
2644 3169 2894 3228 sanctus

383 3265 538 3313 cum
594 3244 940 3333 praedicta
989 3248 1199 3313 Cruce
1252 3243 1740 3313 dulcissimum
1793 3244 2086 3315 babebat
2131 3245 2599 3332 colloquium:
2646 3248 2731 3317 de
2783 3264 2894 3333 qua

385 3332 596 3401 multa
646 3332 990 3402 mirabilia
1055 3345 1565 3412 memorantur,
1617 3354 1794 3418 quae
1852 3356 2100 3424 magna
2152 3335 2675 3424 peregrinorum
2729 3354 2894 3403 vene-
2941 3404 2944 3419 Ι

384 3422 641 3491 ratione
682 3423 767 3492 ab
802 3421 1104 3507 antiquis
1154 3421 1578 3509 temporibus
1627 3421 2122 3509 frequentatur.
2165 3428 2361 3493 Facto
2412 3446 2567 3493 vero
2608 3425 2742 3505 die,
2778 3421 2892 3493 exi·
2943 3458 2944 3461 π

382 3509 496 3579 hat
531 3511 596 3579 in
650 3510 1155 3589 coemeterium,
1208 3523 1273 3579 et
1321 3509 1462 3579 illic
1511 3509 2011 3601 aliquantisper
2060 3511 2517 3583 deambulans
2572 3532 2892 3583 commen·

380 3598 723 3668 dationem
767 3599 1075 3669 fidelium
1125 3598 1607 3668 defunctorum
1663 3602 2125 3687 percantabat.

464 3691 500 3774 ξ
549 3693 693 3761 aa.
747 3694 1048 3774 Cumque
1081 3709 1215 3756 non
1266 3687 1611 3776 ignoraret
1660 3688 1830 3757 illud
1883 3689 2364 3771 Ecclesiastici,
2400 3694 2684 3760 Servum
2719 3690 2888 3759 incli-

372 3788 535 3847 nant
564 3780 974 3878 operationes
1013 3777 1326 3846 assiduae
1371 3777 1607 3867 (Eccli.
1650 3777 1910 3867 xxx111):
1965 3800 2238 3848 carnem
2282 3801 2484 3848 suam
2552 3780 2796 3871 vigiliis
2837 3786 2884 3844 et

365 3866 651 3954 jejuniis
698 3867 1131 3946 exsiccatam,
1162 3879 1227 3935 et
1255 3867 1618 3955 asperitate
1650 3867 1886 3947 cilicii,-
1927 3880 2239 3957 utsupra
2279 3868 2546 3937 dictum
2595 3881 2717 3948 est,
2755 3886 2884 3934 exa·

377 3968 616 4035 ratam,
673 3954 950 4026 reducto
1000 3954 1363 4044 paululum
1414 3954 1640 4024 cilicio
1672 3956 2070 4026 verberibus
2117 3958 2521 4045 exponebat,
2562 3948 2880 4043 terquead

376 4044 611 4113 minus
662 4044 728 4112 in
779 4043 890 4113 die
939 4066 1010 4113 se
1045 4044 1253 4132 virgis
1301 4043 1491 4112 caedi
1536 4043 1800 4115 volebat
1847 4046 1932 4113 ab
1972 4045 2204 4132 aliquo
2247 4045 2596 4128 familiari,
2648 4044 2756 4132 qui
2801 4054 2878 4109 ta-

375 4153 527 4202 cere
563 4146 826 4202 nosset:
879 4132 1398 4219 excutiebatque
1424 4155 1544 4221 per
1589 4133 2124 4215 confessionem,
2168 4134 2519 4223 adjunctis
2567 4135 2875 4227 virgarum

376 4221 625 4309 scopis,
681 4223 737 4290 si
797 4222 960 4309 quid
1011 4222 1161 4311 ejus
1209 4234 1483 4291 sanctae
1549 4223 1824 4291 animae
1872 4222 2164 4311 pedibus
2222 4223 2564 4291 mundani
2613 4220 2873 4312 pulveris

380 4308 821 4405 adhaesisset.
895 4311 1027 4379 Etsi
1106 4322 1331 4379 autem
1394 4311 1735 4399 ejusmodi
1801 4312 2145 4401 virgarum
2222 4310 2774 4403 castigationibus
2815 4315 2867 4371 et

383 4397 808 4465 orationibus
877 4399 1105 4467 carnis
1167 4401 1503 4468 coerceret
1565 4399 1943 4479 malitiam,
2010 4413 2079 4469 at
2150 4414 2372 4470 tamen
2453 4402 2520 4469 in
2590 4394 2862 4471 omnibus
