2993 4837
69 357 222 422 NOV.
279 357 343 422 ll
781 378 857 423 nr.
905 378 956 424 s.
1015 378 1290 425 mammo
1340 378 1437 423 ΕΡ.
1492 376 1845 424 rnnoNssNsl
2360 363 2487 425 4⁴9

67 460 220 528 enim
271 482 545 551 gregem
603 474 795 531 tuum
867 461 1014 562 lupi
1083 484 1392 563 rapaces:
1448 462 1701 549 etquis
1747 484 1861 531 eos
1899 484 1939 531 a
1981 462 2365 543 morsibus,
2422 486 2576 551 per-

63 570 241 619 cusso
271 563 565 637 pastore,
605 550 1044 639 prohibebit?
1078 556 1346 621 Scimus
1374 551 1652 638 quidem
1686 549 2072 645 desiderare
2108 564 2166 619 te
2198 551 2565 633 Christum,

64 637 159 704 sed
208 637 390 707 salva
446 638 573 708 tibi
635 651 797 709 sunt
858 651 971 710 tua
1024 641 1320 730 praemia
1354 695 1368 719 ‚
1423 662 1546 709 nec
1594 639 1799 708 dilata
1853 640 2294 708 minuentur:
2363 642 2575 710 nostri

63 725 262 813 potius
313 727 660 808 miserere,
713 749 887 814 quos
935 727 1216 799 deseris.
1259 756 1283 788 ι
1339 734 1507 797 Tum
1564 728 1678 796 ille
1718 741 1942 798 motus
1992 728 2099 798 his
2147 728 2444 809 fletibus.
2502 742 2575 799 ut

59 826 215 883 totus
246 836 520 904 semper
565 816 636 884 in
677 816 959 887 Domino
1011 816 1518 887 misericordiae
1547 817 1924 885 visceribus
1958 816 2295 899 affluebat,
2350 817 2574 907 lacry-

59 924 255 972 masse
303 903 724 993 perhibetur.
782 909 1294 993 conversusque
1341 906 1421 974 ad
1476 905 1868 986 Dominum,
1924 905 2049 975 hac
2100 918 2361 975 tantum
2407 907 2575 976 flen-

61 992 218 1060 tibus
265 1014 422 1061 voce
473 992 867 1082 respondit:
923 1016 959 1060 «
994 996 1298 1074 Domine,
1338 995 1393 1062 si
1426 993 1655 1062 adhuc
1705 993 1960 1083 populo
1998 1007 2113 1063 tuo
2147 1016 2297 1064 sum
2336 1017 2570 1064 neces-

61 1080 282 1159 sarius,
333 1102 470 1149 non
518 1102 761 1150 recuso
809 1081 1153 1151 laborem:
1207 1082 1326 1151 fiat
1382 1081 1698 1152 voluntas
1749 1095 1886 1151 tua.
1921 1105 1957 1149 »
2008 1083 2341 1152 Nimirum
2395 1085 2573 1153 inter

58 1188 220 1256 spem
266 1191 715 1257 amoremque
764 1171 1049 1260 positus,
1102 1170 1438 1240 dubitavit
1489 1192 1682 1259 pene,
1719 1171 1883 1257 quid
1922 1172 2202 1240 mallet:
2249 1171 2410 1258 quia
2446 1193 2571 1241 nec

59 1254 163 1326 hos
205 1256 537 1339 deserere,
581 1280 704 1327 nec
752 1280 791 1327 a
826 1259 1086 1329 Christo
1135 1259 1402 1329 volebat
1446 1258 1710 1328 diutius
1760 1261 2085 1349 separari.
2126 1260 2302 1329 Nihil
2340 1273 2567 1329 tamen

59 1342 117 1410 in
160 1359 297 1415 voto
353 1369 481 1416 suo
523 1367 828 1437 ponens,
882 1358 1001 1417 aut
1046 1346 1378 1417 voluntati
1425 1347 1855 1435 relinquenS,
1913 1360 2127 1417 totum
2180 1371 2250 1418 se
2304 1350 2572 1418 Domini

39 1431 307 1503 >arbitrio
372 1436 827 1525 potestatique
893 1436 1377 1507 committens:
1454 1441 1690 1506 Nonne
1760 1436 1879 1506 tibi
1953 1437 2060 1505 his
2134 1436 2570 1526 paucissimis

39 1521 252 1591 -verbis
296 1522 527 1593 dicere
575 1523 963 1593 videretur-t
1019 1525 1254 1593 Gravis
1292 1523 1575 1611 quidem
1625 1538 1769 1605 est,
1827 1526 2105 1594 Domine
2138 1580 2152 1605 ,
2206 1547 2570 1615 corporeae

61 1628 263 1699 pugna
311 1612 623 1693 militiae,
676 1624 739 1681 et
793 1613 922 1681 'am
974 1613 1141 1682 satis
1188 1625 1310 1693 est,
1364 1612 1549 1699 quod
1590 1613 1948 1701 hucusque
1995 1615 2288 1684 certavi:
2344 1613 2457 1682 sed
2510 1614 2567 1682 si

61 1696 255 1768 adhuc
301 1700 368 1768 in
419 1700 661 1770 eodem
715 1700 778 1769 la
830 1721 946 1769 ore
996 1722 1115 1790 pro
1171 1701 1414 1771 castris
1476 1713 1746 1771 tuorum
1803 1715 1979 1772 stare
2036 1724 2143 1771 me
2199 1701 2563 1791 praecipiS,

63 1805 172 1854 non
207 1809 464 1869 recus0,
504 1811 631 1859 nec
665 1788 1086 1858 fatiscentem
1118 1789 1458 1858 causabor
1505 1801 1816 1859 aetatem.
1863 1790 2090 1859 Munia
2129 1803 2246 1859 tua
2285 1789 2567 1859 devotus

59 1871 364 1963 impleb0,
419 1878 556 1947 sub
618 1877 837 1967 signis
890 1878 1028 1947 tuis
1060 1877 1287 1964 quoad
1336 1878 1682 1968 jusseris,
1736 1877 2065 1947 militabo.
2119 1883 2196 1946 Et
2252 1879 2567 1965 quamvis

67 1976 256 2051 optata
288 1965 374 2034 sit
420 1966 574 2036 seni
624 1966 837 2035 sessio
882 1977 1036 2066 post
1086 1966 1414 2046 laborem,
1468 1977 1570 2035 est
1618 1977 1839 2034 tamen
1892 1966 2166 2034 animus
2198 1967 2409 2036 victor
2441 1989 2564 2035 an-

68 2069 302 2133 norum,
339 2067 406 2123 et
438 2054 682 2124 cedere
712 2076 986 2126 nescius
1017 2054 1372 2124 senectuti.
1414 2060 1489 2124 At
1529 2055 1585 2123 si
1614 2054 1755 2141 jam
1792 2054 2016 2142 parcis
2048 2056 2270 2134 aetati,
2304 2055 2561 2124 bonum

69 2140 205 2209 mihi
239 2155 356 2225 est,
396 2143 708 2224 Domine,
763 2143 1075 2213 voluntas
1126 2156 1265 2214 tua.
1315 2147 1453 2213 Hos
1487 2164 1665 2225 vem,
1705 2141 1956 2228 quibus
1993 2143 2215 2223 timeo,
2255 2143 2399 2232 ipse
2447 2165 2565 2211 cu·

69 2228 304 2299 stodias.
358 2236 409 2301 Ο
453 2231 676 2301 virum
714 2231 1155 2311 ineffabilem,
1210 2254 1334 2304 nec
1385 2232 1615 2302 labore
1662 2231 1940 2310 victum,
1997 2252 2119 2299 nec
2156 2244 2365 2300 morte
2417 2231 2566 2299 vin-

71 2317 316 2413 cendum
352 2343 366 2386 :
421 2320 546 2406 qui
588 2321 654 2387 in
693 2319 954 2389 nullam
990 2342 1060 2389 se
1095 2333 1353 2410 partem
1392 2320 1673 2410 pronior
1705 2318 2130 2388 inclinaverit
2165 2346 2178 2384 :
2235 2342 2355 2389 nec
2393 2320 2563 2389 mori

55 2408 278 2488 ¹innuit,
317 2431 440 2478 nec
476 2409 702 2479 vivere
743 2409 1122 2479 recusavit!

47 2485 66 2550 1‘
135 2494 286 2578 §a
340 2502 577 2585 Itaque
623 2520 782 2566 cum
827 2498 970 2584 jam
1023 2520 1142 2586 per
1188 2497 1447 2584 aliquot
1493 2496 1639 2565 dies
1691 2497 1753 2563 vi
1816 2496 2104 2566 febrium
2170 2509 2552 2577 teneretur,

47 2563 176 2649 5non
210 2598 423 2654 tamen
461 2608 501 2655 a
539 2586 649 2655 Dei
691 2607 895 2677 opere
927 2587 1235 2655 cessabat
1265 2610 1280 2651 ε
1334 2606 1587 2674 pernox
1624 2585 1690 2654 in
1726 2585 2149 2656 orationibus
2182 2599 2246 2654 et
2281 2585 2555 2674 vigiliis,

49 2661 411 2766 tfatiscentes
459 2687 650 2743 artus
701 2673 971 2764 spiritui
1023 2674 1273 2742 servire
1313 2673 1616 2762 cogebat,
1662 2673 1872 2742 nobili
1910 2674 2025 2743 illo
2059 2686 2266 2743 strato
2317 2695 2439 2742 suo
2493 2675 2557 2741 in

47 2737 256 2828 itinere
302 2774 360 2830 et
393 2762 624 2832 cilicio
659 2763 1020 2831 recubans.
1059 2767 1135 2830 Et
1180 2783 1337 2831 cum
1391 2783 1431 2830 a
1477 2761 1837 2851 discipulis
1886 2775 2260 2852 rogaretur,
2321 2773 2397 2831 ut
2429 2760 2563 2830 sal-

49 2837 172 2912 'tem
209 2848 358 2917 vilia
393 2851 523 2920 sibi
560 2852 809 2920 sineret
844 2862 1211 2920 stramenta
1249 2850 1586 2938 supponi:
1630 2875 1652 2910 a
1683 2855 1821 2918 Non
1866 2850 2077 2929 decet,
2120 2851 2362 2937 inquit,
2403 2850 2554 2932 filii,

49 2930 486 3006 'Christianum
527 2939 657 3007 nisi
690 2939 756 3006 in
809 2938 1035 3007 cinere
1072 2936 1266 3006 mori.
1321 2942 1458 3026 Ego
1507 2938 1564 3005 si
1599 2937 1783 3006 aliud
1819 2939 2006 3007 vobis
2036 2940 2417 3029 exemplum
2457 2962 2558 3008 re-

69 3013 290 3109 linquo,
326 3026 473 3116 ipse
508 3027 851 3118 peccavi.»
886 3025 1119 3096 Oculis
1153 3047 1231 3094 ac
1270 3027 1591 3095 manibus
1630 3026 1697 3093 in
1737 3026 1999 3094 coelum
2032 3048 2168 3095 sem
2184 3050 2301 3116 per
2334 3029 2556 3097 inten-

71 3113 175 3192 tus,
222 3114 546 3184 invictum
596 3115 681 3184 ab
729 3115 1031 3184 oratione
1080 3114 1398 3203 spiritum
1435 3136 1569 3183 non
1610 3114 1973 3183 relaxabat.
2014 3119 2089 3183 Et
2128 3138 2286 3185 cum
2329 3139 2367 3184 a
2455 3139 2557 3185 re—

71 3194 341 3285 sbyteris,
371 3203 489 3290 qui
528 3215 691 3272 tunc
724 3203 805 3271 ad
835 3224 990 3271 eum
1022 3203 1514 3284 confluxerant,
1555 3213 1928 3292 rogaretur,
1965 3214 2039 3270 ut
2063 3225 2403 3293 corpuscu
2438 3227 2552 3274 um

73 3275 262 3359 lateris
303 3292 672 3361 mutatione
717 3291 1073 3360 relevaret:
1130 3314 1164 3357 «
1203 3290 1462 3371 Sinite,
1526 3291 1768 3378 inquit,
1827 3289 2026 3361 sinite
2079 3313 2209 3372 me,
2266 3291 2506 3360 fratres
2538 3346 2552 3372 ,

47 3373 294 3446 'coelum
335 3382 556 3480 potius
606 3380 964 3467 respicere,
1008 3401 1214 3466 quam
1268 3392 1541 3460 terram,
1596 3392 1670 3448 ut
1709 3401 1834 3448 suo
1858 3379 2000 3468 jam
2058 3378 2294 3447 itincre
2333 3379 2558 3448 iturus

75 3459 138 3526 fid
187 3468 528 3536 Dominum
580 3468 863 3558 spiritus
911 3468 1270 3558 dirigatur.
1320 3494 1342 3528 a
1399 3472 1577 3534 Haec
1629 3468 1932 3547 locutuS,
1986 3465 2334 3535 diabolum
2390 3466 2558 3535 vidit

75 3565 246 3639 prope
273 3557 601 3626 assistere.
649 3580 674 3621 ‹
709 3556 884 3639 Quid
921 3557 1054 3637 hic,
1095 3555 1340 3643 inquit,
1373 3554 1626 3636 adstas,
1661 3568 1943 3624 cruenta
1977 3555 2236 3624 bestia?
2268 3554 2447 3625 Nihil
2482 3555 2549 3622 in

78 3652 203 3718 me,
251 3641 552 3726 funeste,
607 3646 948 3736 reperies:
1001 3644 1309 3714 Abrahae
1359 3665 1466 3713 me
1530 3644 1724 3714 sinus
1773 3643 2071 3734 recipiet.
2114 3665 2149 3709 ›>
2204 3646 2366 3711 Cum
2429 3643 2556 3711 bac

76 3739 203 3812 ergo
247 3751 394 3801 voce
439 3732 794 3822 fatigatum
855 3733 1107 3803 divinis
1153 3732 1480 3825 operibus
1530 3733 1845 3823 spiritum
1910 3731 2097 3800 coelo
2151 3729 2441 3799 reddidit
2474 3732 2553 3798 *z

80 3817 385 3904 testatique
421 3822 615 3891 nobis
656 3833 839 3903 sunt,
892 3823 1009 3910 qui
1059 3824 1426 3902 affuerunt,
1474 3820 1616 3908 jam
1651 3820 1943 3890 exanimi
1986 3841 2289 3909 corpore,
2346 3819 2557 3910 glori-

41 3895 224 3978 ‚ficati
269 3905 557 3979 hominis
607 3910 891 4000 gloriam
946 3934 1014 3980 se
1062 3911 1337 3980 vidisse.
1394 3910 1634 3978 Vultus
1682 3908 1832 3976 luce
1887 3908 2132 3977 clarior
2181 3908 2550 3989 renitebat,

39 3999 206 4114 lcum
239 3998 529 4066 membra
579 4011 840 4068 caetera
890 4021 972 4067 ne
1013 4000 1237 4068 tenuis
1284 3996 1562 4084 quidem
1615 3996 1884 4065 macula
1933 3994 2246 4065 fuscaret.
2286 4001 2361 4064 In
2399 3996 2557 4065 aliis

39 4127 42 4178 Ι,
83 4084 267 4160 etiam,
316 4098 375 4153 et
422 4086 487 4155 in
539 4086 680 4167 illo,
737 4101 995 4156 tantum
1048 4087 1336 4156 artubus
1388 4109 1517 4154 non
1573 4085 1953 4185 pudendiS,
1999 4085 2344 4174 septennis
2383 4107 2555 4172 quo-

39 4189 44 4322 i
86 4157 399 4242 dammodo
435 4175 629 4264 pueri
662 4176 877 4263 gratia
924 4175 1302 4244 videbatur.
1359 4175 1525 4256 Quis
1572 4185 1778 4242 istum
1831 4194 2132 4258 unquam
2187 4172 2410 4243 cilicio
2465 4188 2559 4244 te-

39 4325 42 4348 ,
89 4262 256 4337 ctum,
302 4263 450 4348 quis
497 4262 846 4332 cineribus
892 4263 1191 4333 crederet
1240 4263 1672 4332 involutum?
1721 4266 1818 4330 Ita
1867 4261 2033 4328 vitro
2076 4261 2331 4349 purior,
2389 4261 2559 4332 lacte

39 4381 42 4410 ⁵
131 4413 150 4435 ⁸
164 4413 233 4454 Dte
250 4421 474 4464 undecima
493 4420 776 4468 novembris,
796 4433 914 4464 anno
934 4426 1025 4470 397,
1042 4425 1119 4465 vel
1138 4427 1193 4464 ut
1214 4425 1320 4464 aliis
1340 4425 1510 4473 placet.
1532 4425 1620 4462 400.
1641 4424 1836 4470 Quidam
1855 4423 2022 4466 autem,
2037 4431 2140 4462 eum
2158 4419 2329 4463 obiisse
2345 4424 2556 4470 ejusdem

97 4467 229 4508 mensis
245 4472 310 4514 die
326 4479 495 4525 octava,
514 4476 757 4526 sepultum
774 4485 883 4517 vero
901 4477 1046 4518 fuisse
1065 4480 1140 4519 dte
1161 4480 1405 4518 undecima
1424 4479 1684 4518 adfirmant.
2644 4483 2735 4537 f
