2993 4837
548 347 629 410 64
1212 364 1288 409 na:
1337 366 1390 409 s.
1450 361 1735 409 ananam
1783 364 1882 408 ΕΡ.
1938 361 2265 409 montaum
2719 344 2872 409 Ntn'.
2913 350 2941 407 3

459 448 1088 536 superiorum,'quo
1117 447 1200 516 ad
1230 447 1758 517 aemulationem
1800 459 2256 533 provocantur
2284 468 2362 514 ex
2394 447 2644 516 visione
2670 452 2940 533 coaequa·

461 536 656 605 lium.
717 535 902 605 Unde
949 549 1175 606 actum
1226 551 1347 615 est,
1404 549 1479 606 ut
1528 536 1708 605 idem
1752 535 1865 604 Vir
1915 534 2346 605 venerandus
2393 548 2458 605 et
2492 536 2761 605 lectione
2805 537 2944 604 Scri-

461 636 844 714 pturarum‚
897 648 1073 711 quae
1106 625 1239 695 sibi
1279 624 1546 715 agenda
1586 624 1826 703 forent,
1872 624 2275 705 addisceret,
2321 645 2631 713 opusque
2665 624 2956 699 lectionis,

461 726 739 801 paterna
799 713 1214 783 aemulando
1271 735 1476 803 opera
1510 769 1524 793 ‚
1582 736 1741 803 pera
1793 727 1976 793 eret,
2038 713 2402 803 operisque
2458 713 2805 801 pastoralis
2846 735 2944 780 non

461 804 692 892 segnis
738 815 1054 871 executor
1085 804 1418 881 existeret,
1474 816 1678 890 atque
1720 804 1739 871 i
1794 825 1872 872 eo
1906 801 2113 871 officii
2147 802 2559 891 episcopalis
2596 825 2723 871 non
2760 802 2952 870 incon-

511 912 680 959 ruus
731 892 1041 961 minister
1089 890 1301 961 fieret.
1358 892 1578 980 Igitur
1638 906 1713 960 ut
1767 913 1888 960 vox
1937 890 2281 970 veridica,
2343 892 2638 961 veritatis
2688 912 2795 959 ore
2840 912 2952 978 pro·

489 994 621 1058 ata,
675 980 1134 1069 compleretur
1164 1034 1178 1061 ,
1232 979 1571 1050 dicentis:
1631 982 1752 1050 Ubi
1778 992 1932 1049 sunt
1995 982 2122 1049 duo
2169 983 2277 1049 vel
2325 991 2458 1048 tres
2506 980 2874 1070 conqreqati
2908 981 2952 1044 in

460 1070 722 1137 nomine
753 1092 918 1149 mec,
962 1071 1057 1137 ibi
1088 1092 1236 1138 sum
1272 1071 1339 1137 in
1372 1070 1844 1149 medio,eorum
1873 1069 2138 1158 (Matth.
2178 1067 2404 1156 xv111):
2459 1091 2791 1137 consensu
2827 1090 2957 1134 una·

466 1157 631 1225 nimi
685 1157 1019 1237 fidelium,
1073 1157 1224 1228 talis
1273 1180 1351 1225 ac
1402 1170 1633 1226 tantus
1675 1159 1784 1226 Vir
1827 1157 2178 1236 cathedra,
2235 1170 2309 1226 ut
2341 1157 2599 1226 dictum
2635 1169 2769 1236 est,
2808 1178 2957 1245 prae·

462 1244 730 1314 sulatus
780 1247 1115 1315 Dominici
1150 1247 1378 1335 gregis
1414 1246 1746 1315 donatur:
1802 1262 1876 1316 ut
1911 1247 2029 1333 qui
2063 1260 2347 1315 eatenus
2383 1246 2511 1315 sibi
2554 1258 2805 1314 tantum
2845 1266 2957 1333 pro-

464 1332 704 1413 fuerat,
750 1349 813 1403 et
853 1336 983 1404 sub
1025 1335 1369 1404 schemate
1422 1335 1839 1423 privatorum
1886 1336 2142 1426 degens
2176 1334 2562 1413 delituerat,
2604 1331 2957 1403 candelabro

466 1422 576 1490 Dei
628 1425 824 1509 quasi
892 1424 1173 1508 quidam
1239 1422 1671 1493 clarissimus
1738 1424 2036 1513 lychnus
2089 1425 2606 1507 imponeretur,
2675 1436 2957 1509 quatenus

460 1512 612 1669 {jus
659 1511 971 1602 exemplo
1019 1513 1288 1582 cunctis
1338 1513 1406 1579 in
1458 1512 1664 1582 domo
1713 1513 1822 1582 Dei
1881 1513 2141 1602 positis,
2187 1512 2474 1583 luminis
2507 1511 2781 1581 claritas
2814 1532 2957 1600 prae-

512 1617 761 1668 eretur.
1526 1627 1533 1634 ·

553 1691 724 1774 §R
783 1689 1020 1758 Sciens
1089 1710 1384 1776 namque
1453 1704 1871 1759 memoratus
1917 1702 1982 1758 et
2046 1711 2244 1779 saepe
2314 1692 2802 1759 memorandus
2839 1687 2952 1755 Vir.

462 1775 668 1845 aliam
724 1776 939 1867 legem
990 1800 1137 1847 esse
1187 1778 1650 1858 subditorum,
1689 1778 2034 1864 aliamque
2078 1777 2587 1868 praelatorum:
2644 1779 2940 1847 sciliceta

467 1865 791 1935 subditus
823 1867 1115 1953 quisque
1144 1880 1357 1946 curet,
1402 1888 1482 1936 ne
1522 1881 1770 1955 pereat,
1810 1889 1972 1936 neve
2020 1889 2144 1936 suo
2175 1866 2486 1955 exemplo
2520 1867 2695 1936 alios
2739 1864 2932 1955 perdat

470 1955 812 2043 praelatus
846 1968 1070 2024 autem
1104 1978 1235 2024 non
1267 1956 1489 2025 solum
1530 1956 1836 2025 intendat
1870 1978 2055 2034 suae,
2097 1955 2210 2026 sed
2249 1955 2543 2043 etjudex
2577 1957 2936 2044 provisorqu

459 2056 751 2132 cogatur
787 2044 956 2113 vitae
1005 2044 1150 2114 fieri
1193 2043 1502 2113 alienae:
1562 2066 1693 2114 non
1744 2046 1804 2113 ei
1855 2044 2289 2113 sufficiebant
2342 2066 2419 2113 ea
2470 2067 2652 2131 quae
2690 2043 2814 2112 sibi
2844 2041 2943 2111 olin

466 2134 785 2201 sectanda
833 2146 1322 2223 proposuerat:
1379 2133 1493 2203 sed
1550 2134 1615 2201 in
1668 2134 1958 2203 arctiora
2011 2133 2341 2213 tendens,
2401 2156 2811 2223 magnopere
2864 2144 2940 2199 stu

463 2221 669 2290 debat
716 2223 1157 2309 antiquorum
1215 2236 1480 2310 patrum
1536 2222 1776 2291 sectari
1846 2222 2149 2312 vestigia.
2208 2221 2397 2290 Unde
2449 2244 2581 2290 non
2645 2218 2943 2308 quemlibr

464 2310 599 2379 sibi
635 2312 698 2377 in
743 2310 1199 2379 aemulatione
1239 2312 1615 2399 proposuit,
1647 2324 1764 2379 aut
1793 2311 2115 2380 virtutum
2156 2309 2582 2397 ignobilitate
2610 2309 2944 2400 degenerem

466 2411 584 2467 aut
620 2400 979 2470 inscientia
1006 2398 1384 2480 vecordem,
1417 2414 1535 2468 aut
1562 2399 1844 2469 mollitia
1872 2422 2189 2490 segnem:
2224 2400 2338 2468 sed
2371 2397 2522 2469 illos
2550 2400 2957 2489 potissimum

468 2489 585 2573 qui
626 2511 783 2556 voce
818 2489 1080 2556 Domini
1112 2489 1370 2567 audita,
1411 2489 1738 2557 dicentis:
1772 2492 1848 2558 Si
1873 2491 1974 2557 vis
2045 2492 2330 2578 erfectus
2362 2511 2520 2568 esse,
2560 2490 2780 2558 vade:
2813 2481 2957 2555 veniit

466 2579 692 2645 omnia
727 2599 900 2666 quae
935 2578 1157 2655 habes,
1194 2588 1255 2645 et
1294 2579 1384 2645 da
1418 2579 1851 2668 pauperibus,
1893 2589 1954 2646 et
1987 2512 2253 2647 ssabebis
2284 2578 2674 2646 thesaurum
2712 2581 2778 2646 in
2806 2576 2957 2644 coelo:

466 2677 529 2733 et
575 2667 749 2746 veni,
802 2688 1074 2756 sequere
1119 2689 1224 2735 me
1252 2666 1521 2754 (Manli.
1567 2665 1746 2753 xlx);
1801 2665 2214 2735 studuerunt
2266 2665 2435 2734 nihil
2493 2664 2841 2735 mundiale
2883 2681 2957 2758 ψ

474 2767 721 2842 petere,
777 2754 919 2828 sed,
973 2753 1272 2842 explosis
1320 2755 1608 2823 terrenis
1656 2753 2177 2844 cupiditatibuS,
2233 2755 2290 2823 si
2322 2753 2488 2840 quid
2530 2755 2624 2822 rei
2663 2752 2957 2832 familiarii

471 2842 859 2930 superfluit,
912 2857 1325 2912 curaverunt
1373 2845 1504 2913 sub
1554 2866 1695 2912 uno
1742 2866 2130 2933 congerere,
2185 2856 2250 2911 et
2298 2843 2594 2933 singulis
2632 2865 2756 2933 pro
2792 2859 2957 2910 neces⁴

471 2930 666 2998 sitate
715 2931 1267 3000 subministrare.
1308 2932 1496 3001 Unde
1539 2931 1791 3002 factum
1826 2947 1950 3011 est,
1989 2947 2065 3001 ut
2096 2928 2367 3000 initium
2405 2933 2555 3019 ejus
2590 2929 2957 3020 praesulatui

473 3019 724 3088 talibus
778 3020 1117 3105 tant-isque
1167 3020 1602 3089 dedicaretur
1659 3021 2032 3108 auspiciis,
2106 3021 2171 3088 in
2239 3020 2495 3110 quibus
2552 3043 2686 3089 non
2753 3018 2952 3088 initiuu

472 3108 690 3176 bonae
742 3109 1161 3189 intentioniS,
1216 3111 1332 3178 sed
1389 3108 1708 3197 perfectio
1756 3109 2045 3198 fulgeret
2094 3112 2342 3199 operis.
2401 3110 2755 3177 Distractis
2791 3107 2953 3196 igitur

471 3197 527 3266 si
563 3219 700 3284 qua
731 3198 791 3266 ei
823 3196 1222 3285 superfuere
1263 3198 1330 3265 in
1376 3219 1446 3266 re
1484 3198 1765 3286 privata,
1809 3197 2126 3267 studebat
2158 3221 2235 3266 ea
2272 3220 2401 3266 non
2445 3200 2575 3266 sub
2606 3220 2776 3266 cavo
2813 3207 2957 3264 terrai

470 3287 725 3374 cespite
774 3285 1217 3366 abscondere,
1272 3300 1388 3355 aut
1426 3286 1740 3376 aerugini
1774 3287 2241 3356 consumenda
2287 3285 2574 3366 tradere,
2614 3286 2957 3365 furibusqut

469 3374 860 3465 diripienda
894 3373 1401 3462 derelinquere:
1439 3375 1554 3443 sed
1594 3375 1853 3444 amicos
1884 3375 2313 3467 evangelicos
2339 3375 2423 3444 de
2450 3375 2559 3444 bis
2589 3374 2957 3462 conquirere

471 3466 590 3551 qui
642 3486 713 3534 se
746 3465 811 3533 in
855 3479 1129 3533 aeterna
1176 3462 1617 3533 tabernacula
1660 3464 1957 3533 valerent
1996 3465 2318 3553 recipere.
2903 3427 2957 3556 4

561 3555 597 3640 ἓ
645 3558 728 3625 4.
784 3558 940 3622 Erat
992 3574 1290 3640 namque
1339 3550 1576 3641 largus
1624 3576 1787 3642 erga
1844 3553 2295 3644 indigentiam
2349 3552 2632 3642 inopum
2669 3606 2684 3631 ,
2759 3548 2950 3620 reseca

474 3641 647 3711 lator
696 3662 1107 3730 pauperum,
1161 3655 1223 3710 et
1272 3640 1658 3710 secundum
1711 3643 2131 3730 Scripturam
2188 3653 2377 3731 pater
2413 3640 2894 3729 orphanorum,
2935 3651 2957 3696 d

479 3754 598 3819 pro
647 3730 792 3798 viro
845 3730 1180 3801 matribus
1228 3751 1492 3798 eorum.
1565 3732 1925 3820 Oppressis
1983 3729 2616 3799 adminiculabatur
2649 3784 2687 3810 ,.
2737 3729 2957 3814 inopun

478 3821 956 3898 miserebatur,
997 3841 1255 3906 suaque
1300 3841 1419 3908 pro
1470 3819 1758 3888 Domino
1798 3819 2437 3906 derelinquentibus
2488 3818 2599 3908 pio
2631 3817 2869 3886 affectu
2897 3819 2957 3898 μᾶ

476 3907 968 3977 trocinabatur.
1022 3908 1556 3977 Tribulationem
1614 3908 2030 3996 patientibus
2080 3922 2404 3978 strenuus
2444 3905 2827 3977 consolator
2860 3898 2957 3998 adfl

482 4012 602 4077 rat,
655 4010 716 4065 et
756 4019 1026 4066 carcere
1072 3996 1469 4086 praeclusis,
1528 4019 1790 4066 necnon
1841 3996 2174 4066 divalium
2231 4000 2448 4085 poena
2490 3996 2814 4072 subacti5‚
2869 4007 2956 4086 eju}

480 4086 774 4155 visitatio
823 4100 1026 4171 atque
1058 4085 1607 4155 subministratio
1660 4108 1791 4154 non
1845 4085 2110 4156 deerat:
2165 4085 2279 4154 sed
2332 4097 2396 4153 et
2445 4101 2871 4171 quocumque
2901 4089 2957 4162 pei

478 4173 631 4242 dem
688 4173 858 4243 ferre
908 4174 1244 4254 libuisset,
1302 4175 1369 4242 in
1422 4197 1634 4242 manu
1687 4174 1873 4243 illius
1922 4175 2350 4262 eleemosyna
2401 4171 2800 4249 desudabat,
2844 4185 2956 4251 qut¹

481 4284 699 4348 usque
753 4285 1011 4352 pauper
1057 4275 1465 4342 occurreret,
1506 4264 1618 4331 cui
1666 4286 1814 4331 eam
1856 4277 2202 4350 tamquam
2244 4262 2505 4332 Christo
2545 4259 2957 4356 commit-terri

482 4356 556 4418 Et
604 4350 764 4436 quia
810 4353 1021 4421 moris
1054 4367 1154 4420 est
1191 4351 1722 4442 proficientium,
1768 4353 2126 4441 praeterita
2161 4352 2318 4421 boni
2357 4351 2582 4440 operis
2620 4357 2914 4444 exercitia
2954 4359 2957 4422 4

486 4441 729 4508 mentis
777 4442 922 4508 acie
972 4440 1395 4519 subducere,
1451 4462 1588 4526 quo
1638 4441 1908 4510 acutius
1956 4441 2037 4510 ad
2087 4464 2189 4521 ea,
2244 4463 2419 4527 quae
2473 4452 2630 4507 sunt
2685 4445 2956 4526 arctiora}
