2993 4837
43 334 182 399 Nov.
228 336 263 399 t
827 351 905 397 nn
952 351 1008 398 s.
1061 349 1299 399 cAnoto
1349 349 1680 399 nonnomzo
2209 358 2214 367 ·
2317 335 2430 398 ‘231

40 436 311 526 gravibus
355 435 438 504 ad
489 455 655 503 eum
703 433 945 504 litteris
993 434 1193 516 datis,
1233 436 1480 505 acriter
1530 435 1794 521 lateque
1844 434 2299 525 reprehendit.
2362 439 2528 505 Cum

40 526 307 593 Novariae
353 523 709 593 Francisci
772 524 1090 614 Episcopi
1148 524 1472 611 exequias
1533 522 1982 601 celebrasset,
2047 523 2330 611 quidam
2380 526 2531 613 ejus

41 615 229 684 mortis
256 634 575 683 caussam
629 611 961 693 dolentes,
1003 612 1356 683 laboribus
1387 612 1800 694 tribuebant,
1836 612 2094 699 quibus
2127 612 2196 681 in
2230 611 2529 682 lustran-

40 701 120 770 dis
157 724 303 773 suae
359 701 703 771 dioecesis
765 700 1073 771 ecclesiis
1126 723 1206 770 eo
1273 722 1455 771 anno
1517 723 1651 771 non
1715 701 2078 771 mediocris
2137 701 2530 791 vigilantiae

43 792 301 859 sacerdos
348 790 762 881 perfunctus
807 803 973 869 erat;
1026 802 1093 859 at
1141 790 1268 859 ista
1304 790 1475 879 ipsa,
1524 789 1748 877 inquit
1781 788 2083 868 Carolus,
2124 789 2208 859 de
2256 812 2526 871 caussa,

44 891 93 947 et
116 879 309 948 isthuc
357 881 590 969 ipsum
653 890 1010 969 agentem,
1066 878 1192 948 hoc
1240 891 1341 947 est
1397 900 1520 970 pro
1572 877 1860 948 ecclesia
1902 900 2028 947 sua
2078 877 2526 959 laborantem,

47 968 424 1057 Episcopum,
463 968 664 1036 decet
717 980 997 1036 mortem
1049 981 1391 1058 oppetere.
1444 967 1676 1037 Dicere
1723 967 2003 1046 solebat,
2060 978 2323 1036 tantum
2384 988 2532 1037 esse

46 1056 318 1146 Episcopo
350 1057 632 1147 negotii,
674 1068 1010 1143 quantum
1049 1057 1195 1143 ipse
1228 1056 1424 1125 velit:
1472 1057 1600 1126 boc
1647 1068 1750 1124 est
1791 1077 1910 1145 pro
1940 1054 2094 1143 ejus
2132 1056 2383 1135 studio,
2426 1056 2526 1125 vel

47 1144 420 1235 negligentia;
461 1148 656 1225 item,
714 1143 982 1214 nullum
1044 1146 1458 1235 Episcopum
1512 1145 1781 1214 muneri
1834 1167 1960 1214 suo
2013 1166 2212 1234 posse
2260 1144 2529 1214 satisfa-

34 1252 178 1313 cere,
225 1235 277 1303 si
321 1233 707 1304 valetudini
782 1245 1035 1323 parcat,
1094 1245 1158 1301 et
1214 1254 1449 1303 earum
1514 1254 1740 1302 rerum
1792 1232 2385 1303 observationibus
2436 1245 2531 1302 te-

34 1334 256 1413 neatur,
303 1345 475 1409 quae
548 1343 796 1392 nocere
841 1322 1135 1423 corpori,
1210 1321 1615 1412 prodesseve
1693 1321 1978 1410 possint.
2034 1322 2224 1405 Quod
2290 1321 2531 1413 populi

34 1428 237 1513 [parum
269 1413 347 1479 ad
399 1411 698 1481 salutem
739 1410 1121 1501 proficiant,
1177 1412 1422 1499 majori
1470 1432 1550 1479 ex
1600 1422 1788 1500 parte
1827 1410 2105 1501 culpam
2154 1432 2302 1482 esse
2351 1411 2533 1479 Anti-

34 1499 228 1591 tatitum
273 1500 685 1579 affirmabat,
724 1501 842 1587 qui
897 1522 1030 1570 non
1090 1500 1367 1568 assidue
1406 1510 1673 1580 curant,
1740 1512 1942 1587 atque
1991 1513 2237 1589 urgent
2292 1520 2528 1569 eorum

34 1590 522 1677 {progressiones

36 1680 49 1767 ξ
113 1677 141 1761 ξ
178 1680 317 1749 vo.
362 1678 492 1760 Qui
528 1699 788 1766 corpus
837 1688 970 1746 tam
1023 1677 1196 1749 dure
1235 1678 1575 1761 habuerit,
1616 1676 1886 1747 nullum
1920 1697 2192 1765 quoque
2258 1677 2532 1766 penitus

38 1763 259 1839 {cultum
303 1766 737 1846 adhibuisse,
778 1765 875 1834 vel
914 1766 1113 1836 nobis
1144 1766 1551 1846 tacentibus,
1590 1764 1745 1835 licet
1775 1766 2135 1855 conjicere;
2190 1765 2322 1834 nisi
2413 1787 2535 1834 ua-

40 1856 205 1921 !enus
254 1854 655 1935 munditiae,
717 1853 815 1923 vel
873 1854 1229 1945 dignitatis
1287 1857 1539 1925 caussa
1588 1876 1863 1924 necesse
1919 1866 2211 1944 putaret.
2251 1852 2377 1923 Nul
2413 1875 2532 1922 um

110 1941 291 2009 ticum
325 1944 649 2014 adhibuit
689 1943 1172 2014 indumentum
1202 1968 1215 2011 ε
1252 1944 1368 2013 sed
1399 1945 1552 2034 ejus
1582 1945 1852 2032 generis
1888 1954 2139 2023 tamen,
2181 1962 2356 2031 quae
2385 1963 2537 2031 per-

113 2050 213 2098 nae
242 2034 703 2114 convenirent;
739 2034 1177 2122 posteriorem
1214 2033 1485 2101 tunicae
1528 2045 1813 2121 partem,
1852 2052 2059 2117 quam
2099 2030 2317 2100 solent
2357 2030 2536 2100 sacri

152 2118 351 2188 esules
397 2123 627 2212 magis
660 2120 1032 2190 demissam
1084 2122 1279 2190 humi
1321 2121 1609 2201 trahere,
1649 2120 1938 2189 libenter
1984 2118 2339 2205 aequalem
2377 2118 2536 2187 reli-

127 2226 188 2274 ae
214 2210 594 2299 recipiebat;
636 2210 1080 2289 vestimentis,
1154 2210 1482 2280 omnibus
1538 2210 1817 2296 quidem
1868 2208 2133 2277 diutius
2184 2208 2529 2286 utebatur,

46 2295 340 2393 petristiffi
378 2299 492 2368 sed
531 2320 712 2385 quae
762 2299 829 2367 in
872 2311 1245 2389 conspectu
1294 2320 1426 2367 non
1488 2311 1704 2378 erant,
1779 2298 1848 2366 in
1912 2296 2157 2397 primis
2216 2295 2534 2364 resarciri

96 2401 163 2450 on
194 2386 381 2456 semel
415 2387 730 2478 jubebat.
794 2390 1013 2477 Opera
1053 2408 1332 2457 suorum
1383 2386 1702 2468 exuendi,
1769 2384 2184 2456 vestiendive
2231 2382 2535 2476 corporis

120 2478 250 2542 ussa
291 2475 420 2545 fere
470 2499 612 2547 non
661 2476 1002 2557 utebatur,
1048 2476 1257 2565 idque
1289 2498 1490 2567 saepe
1539 2477 1626 2547 ob
1660 2475 1990 2556 alienum,
2043 2487 2109 2543 et
2157 2475 2536 2543 incommo-

94 2577 181 2627 nm
208 2561 283 2633 iis
325 2565 657 2646 cubandi,
703 2565 1113 2655 surgendive
1148 2578 1443 2655 tempus;
1498 2586 1736 2634 eorum
1774 2586 1950 2646 vero,
2005 2563 2126 2651 qui
2160 2562 2375 2634 sacris
2427 2583 2535 2631 es—

118 2660 171 2716 nt
208 2651 463 2735 initiati,
522 2653 700 2723 nihil
732 2653 816 2722 ad
858 2675 1110 2745 corpus
1143 2676 1347 2724 suum
1383 2654 1697 2741 obsequii
1747 2652 1955 2744 paulo
1981 2652 2241 2722 vilioris
2289 2650 2537 2721 admit-

110 2734 215 2818 bat;
258 2743 628 2833 episcopali
680 2753 857 2811 veste
896 2743 1101 2823 linea,
1157 2742 1744 2829 humerorumque
1790 2741 2050 2811 amictu
2100 2742 2303 2811 etiam
2348 2739 2536 2809 domi

54 2831 586 2985 &mpori-indutus
623 2843 790 2989 eralt,
843 2831 928 2900 ad
967 2853 1297 2990 perffinae
1344 2831 1410 2899 di
1471 2831 1748 2990 nitagem
1802 2830 2233 2988 servandagi:
2277 2851 2437 2987 nlssbl
2474 2840 2539 2898 et

134 2933 253 2985 mici
286 2941 420 2988 tum
454 2942 692 2997 suum,
761 2942 962 2989 ocum
1046 2942 1094 2988 u
1177 2921 1356 2989 icum
1462 2940 1585 2988 uce
1637 2932 1704 2989 at
1765 2940 1927 2990 suos
1979 2919 2124 2988 uei
2180 2919 2197 2987 i
2241 2939 2388 2987 voe
2441 2931 2509 2986 at

52 2971 203 3098 Futin
226 3007 507 3093 publico,
543 3008 821 3080 versari.
854 2941 1090 3096 ltaqiie
1122 3030 1342 3088 mane,
1375 2975 1742 3096 antequam
1776 3029 1856 3076 ea
1895 2941 2301 3078 iiidumenta
2345 2970 2535 3077 sum:

54 3101 271 3187 ΞΡξῑξὸθῑ,
320 3118 540 3184 neque
590 3099 655 3165 in
707 3110 1091 3167 exterorum
1150 3110 1591 3186 conspectum
1657 3095 2012 3176 veniebat,
2065 3108 2130 3165 et
2191 3095 2533 3164 neminem

54 3179 170 3244 {nist
205 3180 503 3255 intimum
548 3186 933 3276 patiebatur
990 3186 1374 3254 intromitti.
1441 3193 1528 3255 Ac
1576 3185 1904 3272 quoniam
1956 3184 2042 3252 ab
2091 3184 2420 3263 oratione,
2473 3195 2539 3250 et

52 3279 244 3370 gfflcrae
284 3295 494 3360 aquae
533 3275 929 3364 aspersione
977 3274 1114 3343 diei
1161 3274 1668 3352 antecedentis,
1724 3293 1945 3359 usque
1991 3271 2074 3340 ad
2137 3272 2378 3340 Missae
2428 3292 2538 3338 sa-

54 3368 214 3449 fflfum
244 3376 496 3446 postero
530 3363 639 3433 die
686 3363 969 3442 factum,
1007 3363 1205 3443 nihil,
1258 3377 1597 3451 quantum
1643 3362 1793 3431 fieri
1845 3374 2091 3452 posset,
2145 3360 2232 3429 ob
2294 3359 2389 3428 rei
2436 3358 2538 3426 di·

70 3453 217 3512 vinae
236 3453 658 3522 reverentiam
698 3452 1127 3539 loquebatur,
1168 3452 1526 3542 publicum
1555 3452 1869 3520 vestitum
1904 3449 2284 3529 differebat,
2323 3446 2536 3515 donec

98 3526 401 3606 dsacrum
504 3541 724 3611 rodire
760 3541 977 3621 vellet,
1033 3542 1100 3609 in
1154 3540 1472 3610 cubiculo
1534 3562 1692 3610 vero
1741 3539 2055 3630 privatim
2112 3536 2301 3628 pulla
2365 3554 2537 3624 qua-

107 3637 211 3699 am,
256 3638 314 3693 et
346 3649 422 3696 ru
476 3629 707 3699 iveste
758 3631 1112 3708 utebatur,
1165 3651 1371 3716 quam
1435 3651 1628 3699 suam
1681 3627 2108 3719 appellabat,
2172 3646 2334 3695 cum
2388 3646 2538 3711 per-

72 3719 232 3777 sonae
252 3735 404 3783 suae
430 3716 727 3804 reliquas
749 3740 897 3787 esse
926 3718 1203 3787 diceret.
1239 3718 1658 3804 Exquisitam
1704 3714 2074 3785 adhibebat
2095 3717 2163 3783 in
2214 3712 2540 3782 omnibus

78 3794 444 3902 ‘eclesiastici
492 3806 717 3876 decori
768 3807 1087 3875 servandi
1114 3828 1374 3886 euram,
1418 3807 1483 3874 in
1518 3806 1689 3896 ipsis
1723 3805 1991 3894 caligis,
2021 3816 2086 3873 et
2117 3801 2539 3901 calceamen-

80 3889 153 3960 ⁸¹S‚
194 3908 350 3958 acm
393 3896 578 3964 omni
625 3896 907 3966 vestitus
941 3908 1154 3985 parte,
1197 3909 1341 3964 tum
1383 3896 1449 3963 in
1485 3895 1677 3963 omni
1711 3893 1933 3963 officio
1982 3915 2061 3961 ac
2110 3904 2330 3983 gestu;
2370 3889 2534 3976 quid

82 3985 290 4045 sacrum
334 3981 546 4051 virum
598 3984 887 4064 deceret,
933 3984 1356 4056 attendebat:
1393 3997 1468 4052 ut
1504 3982 1774 4051 nullum
1806 3981 2082 4072 penitus
2131 3978 2534 4067 elegantiae,

82 4068 483 4150 venustatisve,
538 4071 792 4141 nedum
831 4073 1118 4143 levitatis
1151 4072 1476 4161 profanae
1505 4072 1866 4160 vestigium
1908 4083 2290 4160 appareret,
2334 4066 2541 4136 nibil-

88 4158 180 4244 ‘lfflJ
223 4174 254 4218 a
295 4155 634 4248 dignitatis
675 4162 1018 4248 gravitate,
1057 4161 1551 4248 sanctitateque
1585 4160 1889 4228 alienum
1939 4158 2310 4235 videretur,
2364 4176 2542 4245 quae

90 4235 298 4326 ‘lllldem
347 4247 604 4317 minute
654 4269 1089 4336 persequenS,
1129 4262 1399 4340 gratum
1457 4250 1747 4318 facerem
1793 4248 2078 4318 fortasse
2119 4245 2358 4315 multis
2395 4244 2543 4335 ple-

94 4333 504 4427 ssssqueyereor
553 4357 643 4403 ne
693 4336 1045 4406 molestum
1095 4335 1454 4407 accideret.
1511 4341 1683 4406 Sunt
1729 4338 1850 4424 qui
1897 4336 2115 4405 animi
2172 4334 2541 4403 virtutibus

101 4419 291 4497 'memb
339 4420 494 4493 haec
547 4435 631 4493 ut
666 4422 907 4494 leviora
955 4425 1356 4516 negligunt:
1402 4426 1550 4515 ipse
1592 4446 1745 4495 vero
1772 4425 1872 4516 (id
1916 4424 2097 4513 quod
2148 4422 2535 4515 perfectius,
