2993 4837
55 316 183 381 Not.
229 317 264 379 4
818 335 900 379 nn
948 335 1001 380 s.
1056 334 1297 391 canobo
1348 334 1681 381 nonaoffleo
2314 318 2430 381 221

55 416 227 489 charta
284 415 575 486 laternae
650 417 1174 487 circumdatur:
1249 417 1337 486 ita
1413 418 1591 507 pelle
1658 440 1867 507 prope
1931 418 2126 487 arida
2191 419 2531 509 reliquum

55 504 206 575 luisse
232 506 527 595 corporis
577 505 1211 575 circumamictum.
1264 506 1677 587 Addebatur,
1730 507 1940 593 quod,
1993 520 2068 576 ut
2113 508 2531 593 quibusdam

55 594 215 664 risum
246 607 380 676 est,
431 593 667 663 adhuc
718 594 904 684 signi
967 594 1225 681 aliquid
1290 597 1356 662 in
1402 594 1606 666 dorso
1660 596 2002 676 manebat,
2058 596 2242 683 quod
2294 596 2535 666 nefarii

56 680 185 751 llius
226 683 388 752 ictus
434 684 847 753 memoriam
903 697 1272 753 renovaret.
1329 684 1743 754 Collocatum
1803 699 2141 772 postremo
2173 700 2274 755 est
2311 686 2379 752 in
2422 708 2536 773 pa-

55 770 154 841 latii
182 770 430 853 sacello,
475 773 803 842 vestitum
852 772 1222 860 pontificiis
1272 774 1702 842 indumentis
1749 772 1886 843 albi
1920 773 2215 844 coloris:
2267 788 2331 843 et
2377 796 2532 841 cum

55 859 177 929 mira
223 873 387 929 esset
448 860 691 950 populi
745 861 1093 949 cupiditas
1142 862 1408 934 visendi
1449 861 1641 931 illius
1672 917 1687 942 ,
1742 862 2229 952 timereturque
2275 884 2356 930 ne
2404 863 2537 930 im-

55 968 262 1023 mensae
308 948 780 1019 multitudinis
829 971 1247 1031 concursus,
1303 963 1505 1037 atque
1561 952 1863 1041 impetus
1893 1007 1908 1032 ‚
1947 953 2145 1020 satis
2196 951 2535 1020 moderari

55 1050 247 1125 posset,
296 1059 423 1106 non
473 1038 708 1107 solum
751 1052 946 1108 nocte
995 1039 1141 1127 ipsa
1194 1062 1370 1126 quae
1410 1062 1543 1108 non
1601 1039 1896 1109 multum
1946 1040 2190 1110 habuit
2232 1040 2531 1127 quietis,

55 1126 131 1195 sed
159 1126 250 1193 die
274 1128 423 1195 item
460 1127 886 1212 insequenti,
919 1127 1192 1197 clausae
1230 1128 1503 1198 habitae
1538 1143 1700 1199 sunt
1731 1129 1932 1199 sores.
1973 1135 2046 1198 At
2079 1150 2235 1197 cum
2270 1128 2537 1198 diutius

55 1215 209 1299 teneri
246 1214 468 1305 populi
522 1215 954 1285 desiderium
1009 1237 1140 1284 non
1205 1230 1474 1306 posset,
1528 1240 1812 1307 corpore
1859 1217 2185 1287 cancellis
2236 1218 2535 1287 circum-

55 1305 256 1379 munito
284 1358 298 1384 ‚
345 1305 604 1391 quibus
660 1304 1128 1374 multitudinis
1163 1306 1483 1395 impetus,
1526 1306 2028 1393 vehemensque
2076 1306 2535 1395 plurimorum

55 1390 290 1461 lindiam
339 1393 828 1473 cohiberetur,
882 1393 1112 1463 aditus
1159 1394 1486 1464 omnibus
1546 1408 1825 1483 apertus
1882 1409 1982 1463 est
2039 1395 2255 1475 liber;
2310 1409 2541 1464 tantus

55 1481 296 1551 munium
332 1482 662 1551 ordinum
704 1496 838 1551 toto
872 1482 1084 1551 biduo
1114 1505 1495 1552 concursus
1529 1483 1680 1563 suit,
1724 1497 1801 1552 ut
1834 1506 1955 1572 per
2040 1483 2262 1573 mplas
2305 1483 2540 1573 palatii

55 1568 238 1648 scalas,
274 1571 432 1639 dum
468 1571 965 1642 confertissimi
1015 1570 1133 1640 alii
1181 1571 1695 1652 descenderent,
1754 1573 1872 1641 alii
1921 1595 1995 1640 as
2039 1572 2288 1641 endere
2335 1595 2543 1642 cona-

58 1668 271 1735 nentur,
323 1682 605 1746 seseque
675 1672 912 1729 mutuo
964 1674 1386 1749 premerent,
1440 1660 1638 1729 multi
1692 1661 2031 1730 ferrentur
2080 1663 2536 1751 praecipites,

58 1745 307 1815 nonnulli
355 1771 524 1837 pene
573 1748 1182 1839 opprimerentur;
1236 1750 1458 1838 ipsius
1507 1749 1739 1820 sacelli
1802 1771 1934 1818 non
1983 1750 2213 1840 exigui
2268 1763 2490 1819 tamen
2523 1805 2538 1831 ,

60 1835 285 1997 Enetes
314 1858 661 1927 rumpere,
703 1836 1271 1925 multitudinique
1318 1839 1573 1908 exitum
1627 1838 2025 1928 patefacere,
2071 1861 2346 1908 necesse
2387 1840 2537 1909 fuit.

99 1920 385 1996 ‘uturnior
428 1947 821 1996 concursus
868 1925 1110 1997 suisset
1158 1929 1307 1997 sine
1355 1927 1568 1996 dubio
1597 1980 1614 2005 ,
1672 1928 2018 2014 exterique
2065 1929 2540 2006 advenissent,

62 2006 394 2101 §amplius
443 2016 661 2085 dilata
710 2015 953 2085 fuisset
999 2016 1401 2105 sepultura;
1455 2016 1839 2105 augebatur
1887 2038 2042 2085 vero
2093 2016 2330 2105 populi
2380 2038 2546 2085 con-

62 2100 322 2183 ‚oenientis
366 2104 601 2185 dolor;
657 2103 839 2191 quod
893 2117 1190 2194 tangere,
1247 2119 1449 2192 atque
1496 2103 1798 2175 osculari
1845 2106 1984 2173 cari
2073 2108 2239 2175 atris
2290 2127 2545 2194 corpus

63 2196 148 2351 ger
175 2192 484 2263 cancellos
535 2214 674 2262 non
728 2206 1047 2281 possent,
1104 2215 1324 2280 neque
1370 2193 1457 2263 ob
1494 2207 1823 2283 perpetuo
1862 2216 1987 2262 con
2051 2209 2325 2262 nentem
2369 2192 2545 2262 mul-

82 2272 377 2375 tudinem,
420 2282 677 2351 morari
715 2279 952 2350 saltem
1009 2282 1549 2370 permittebatur,
1590 2296 1664 2351 ut
1702 2281 2064 2372 paululum
2103 2305 2252 2351 eam
2291 2283 2546 2351 intueri

64 2354 265 2462 lactem,
315 2369 903 2461 contemplarique
939 2384 1234 2460 possent,
1275 2393 1481 2458 quam
1523 2372 1737 2442 visuri
1778 2370 2082 2461 amplius
2126 2393 2257 2441 non
2300 2384 2540 2452 erant,

64 2467 251 2551 nuqua
283 2459 549 2544 quidem
607 2481 827 2529 novus
865 2461 1145 2546 quidam
1196 2462 1403 2530 decor
1436 2515 1451 2539 ‚
1509 2462 2016 2550 praecipuaque
2074 2474 2237 2531 tunc
2297 2462 2548 2529 sancti-

66 2545 176 2612 hus
205 2559 258 2613 et
296 2547 737 2638 benignitatis
772 2548 970 2637 signa
1016 2549 1355 2635 quaedam
1398 2549 1781 2619 elucebant.
1823 2550 2020 2620 Aliud
2065 2550 2382 2619 solatium
2428 2549 2543 2618 de·

68 2633 391 2718 negabatur,
427 2638 612 2725 quod
654 2637 973 2706 nonnulli
1006 2650 1226 2706 tamen
1258 2638 1659 2707 obtinebant
1688 2638 1949 2718 furtim,
1985 2651 2061 2708 ut
2101 2640 2542 2729 globulorum

66 2733 310 2817 ροξοηδρ,
345 2747 513 2811 quas
542 2748 800 2816 magna
835 2727 1208 2814 cupiditate
1247 2726 1644 2806 offerebant,
1684 2728 1953 2816 corpori
1989 2726 2540 2808 admoverentur,

70 2807 258 2902 quibus
307 2815 690 2906 religiosius
740 2814 826 2884 ob
865 2816 1015 2905 ejus
1063 2813 1455 2884 contactum
1521 2829 1875 2885 uterentur
1924 2818 1990 2884 in
2079 2831 2377 2886 osterum
2413 2871 2428 2895 ,
2485 2829 2551 2885 et

66 2904 199 2992 ‘mter
220 2921 309 2971 res
338 2906 634 2973 cariores
667 2918 1119 2972 asservarent.
1159 2909 1329 2972 Dum
1365 2904 1457 2972 ibi
1492 2927 1747 3004 corpus
1800 2904 1949 2984 fuit,
1990 2839 2221 2975 clJerici
2276 2927 2550 2994 semper

80 2993 374 3072 astiterunt,
420 2994 528 3083 pie
578 3006 978 3082 precantes,
1036 2993 1221 3061 horis
1271 2992 1691 3074 distributis,
1747 3011 1818 3061 ut
1866 2993 1984 3061 alii
2033 2994 2187 3063 aliis
2229 2994 2550 3064 succede-

85 3083 230 3173 1·βῦῑῆ
259 3082 556 3150 canonici
612 3081 890 3169 majoris
938 3082 1267 3151 ecclesiae
1298 3137 1312 3160 ‚
1366 3081 1498 3150 alia
1552 3082 1958 3151 clericorum
1999 3085 2193 3152 urbis
2231 3082 2545 3171 collegia,

80 3174 184 3242 ejus
218 3178 348 3235 item
395 3170 814 3254 farniliares3
870 3171 1035 3239 feria
1093 3176 1337 3258 quarta
1388 3171 1643 3240 elatum
1696 3184 1798 3239 est
1843 3193 2096 3259 corpus
2127 3226 2141 3250 ‚
2196 3171 2552 3258 funusque

62 3240 311 3346 :duc-tum,
364 3258 702 3329 universis
751 3259 1115 3346 utriusque
1162 3259 1368 3339 cleri,
1428 3273 1571 3328 turn
1629 3259 1897 3348 piarum
1950 3258 2389 3328 sodalitatum
2441 3281 2551 3327 or·

62 3327 290 3410 rdinibus
336 3348 871 3426 comitantibus;
927 3350 1408 3434 unusquisque
1455 3361 1683 3417 autem
1754 3369 2122 3416 accensum
2179 3369 2391 3416 manu
2440 3369 2551 3416 ce-

60 3437 216 3522 :teum
250 3435 531 3514 tenebat,
573 3438 787 3506 secuti
823 3450 984 3507 sunt
1015 3436 1362 3526 pontificio
1398 3436 1640 3506 babitu
1670 3458 1747 3505 ex
1777 3437 2130 3526 Episcopis
2165 3436 2552 3526 provinciae

74 3517 364 3600 nonnulli,
418 3525 735 3596 Nicolaus
783 3526 852 3593 in
898 3526 1141 3615 primis
1191 3525 1615 3605 cardinalis,
1668 3526 1788 3613 qui
1843 3547 1962 3614 pro
2009 3546 2134 3594 suo
2182 3525 2431 3594 eximio
2482 3525 2551 3593 in

56 3597 321 3694 ,tamtum
354 3634 575 3683 amore
611 3617 941 3683 Cremona
994 3615 1219 3683 statim
1274 3616 1612 3698 accurrit;
1657 3614 2051 3684 Provinciae
2098 3619 2398 3694 PraeseS,
2439 3619 2554 3683 Se-

56 3697 247 3772 matus,
282 3701 700 3790 Magistratus
744 3702 1120 3791 populique
1157 3702 1527 3772 multitudo
1558 3758 1573 3784 ,
1627 3715 1884 3789 quanta
1935 3702 2359 3793 longissimis
2410 3703 2553 3771 via·
2630 3759 2635 3765 .

84 3789 193 3871 stim
224 3789 434 3867 spatiis
467 3792 686 3881 potuit
727 3792 1109 3870 contineri;
1165 3814 1350 3872 nam,
1380 3791 1669 3882 judiciis
1707 3792 2008 3871 omissis,
2057 3790 2311 3860 relictis
2348 3813 2554 3881 nego-

56 3869 178 3946 ξῐὶίὸ,
220 3871 446 3948 clausis
491 3879 810 3960 officinis,
865 3880 1067 3950 etiam
1118 3903 1195 3949 ex
1237 3881 1424 3970 agris
1474 3880 1676 3970 longe
1712 3893 2218 3960 convenerunt,
2257 3901 2552 3966 quorum

56 3946 233 4030 ¹klletus
274 3983 405 4035 vere
452 3968 956 4049 memorabilis,
1012 3983 1154 4038 tum
1211 3969 1545 4038 Antistitis
1593 3971 2047 4049 sanctitatem,
2104 3970 2560 4059 insignesque

90 4030 307 4146 laudes,
357 4066 488 4124 tum
542 4056 783 4146 populi
830 4079 1130 4127 amorem
1171 4111 1185 4138 ,
1240 4069 1653 4147 gratumque
1711 4059 2051 4136 animum,
2107 4057 2273 4128 satis
2314 4079 2435 4147 per
2483 4080 2555 4127 se

92 4133 486 4224 praedicabam
540 4165 765 4233 neque
799 4168 869 4215 se
898 4147 1411 4224 continuerunt,
1446 4147 1615 4232 quin
1649 4144 2025 4232 aliquando
2077 4167 2303 4217 vocem
2341 4146 2552 4217 simul

96 4214 351 4309 tollentes,
389 4254 516 4304 non
560 4233 711 4302 sine
755 4234 1125 4304 multorum
1180 4247 1479 4312 terrore,
1537 4234 2107 4313 misericordiam,
2161 4235 2554 4305 conclama-

96 4316 233 4386 rent,
275 4322 452 4402 quasi
497 4321 793 4391 civitatis
826 4324 1106 4393 exitium
1158 4322 1436 4409 aliquod
1477 4323 1783 4392 instaret.
1839 4323 2088 4392 Funeri
2138 4325 2363 4394 statim
2397 4346 2552 4394 suc·

102 4399 290 4470 cessere
329 4406 632 4482 funebria
689 4432 901 4493 sacra,
955 4432 1130 4499 quae
1186 4409 1570 4481 cardinalis
1611 4409 1791 4482 idem
1844 4410 2246 4495 celebravit,
2299 4413 2553 4500 quibus
