<?xml version="1.0" encoding="UTF-8"?>
<!DOCTYPE html PUBLIC "-//W3C//DTD XHTML 1.0 Transitional//EN"
    "http://www.w3.org/TR/xhtml1/DTD/xhtml1-transitional.dtd">
<html xmlns="http://www.w3.org/1999/xhtml" xml:lang="en" lang="en">
 <head>
  <title>
</title>
<meta http-equiv="Content-Type" content="text/html;charset=utf-8" />
  <meta name='ocr-system' content='tesseract 3.04.00' />
  <meta name='ocr-capabilities' content='ocr_page ocr_carea ocr_par ocr_line ocrx_word'/>
</head>
<body>
  <div class='ocr_page' id='page_1' title='image "./historiaeseuvit05lippgoog_0504.png"; bbox 0 0 2993 4837; ppageno 0'>
   <div class='ocr_carea' id='block_1_1' title="bbox 508 292 2928 366">
    <p class='ocr_par' dir='ltr' id='par_1_1' title="bbox 508 275 2962 388">
     <span class='ocr_line' id='line_1_1' title="bbox 508 292 2928 366; baseline 0.001 -11"><span class='ocrx_word' id='word_1_1' title='bbox 508 292 632 355; x_wconf 70' lang='lat'>464</span> <span class='ocrx_word' id='word_1_2' title='bbox 1083 311 1162 356; x_wconf 75' lang='lat' dir='ltr'>ns</span> <span class='ocrx_word' id='word_1_3' title='bbox 1212 310 1266 357; x_wconf 88' lang='lat' dir='ltr'>s.</span> <span class='ocrx_word' id='word_1_4' title='bbox 1322 310 1671 366; x_wconf 70' lang='lat' dir='ltr'>Qum‘riANo</span> <span class='ocrx_word' id='word_1_5' title='bbox 1719 312 1818 357; x_wconf 74' lang='lat' dir='ltr'>Er.</span> <span class='ocrx_word' id='word_1_6' title='bbox 1873 308 2298 357; x_wconf 64' lang='lat' dir='ltr'>Anvsnnonun</span> <span class='ocrx_word' id='word_1_7' title='bbox 2645 292 2812 357; x_wconf 56' lang='lat' dir='ltr'>Not.</span> <span class='ocrx_word' id='word_1_8' title='bbox 2868 293 2928 356; x_wconf 79' lang='lat'>13</span> 
     </span>
    </p>
   </div>
   <div class='ocr_carea' id='block_1_2' title="bbox 419 393 2938 4389">
    <p class='ocr_par' dir='ltr' id='par_1_2' title="bbox 419 393 2938 1191">
     <span class='ocr_line' id='line_1_2' title="bbox 419 393 2932 484; baseline 0 -23"><span class='ocrx_word' id='word_1_9' title='bbox 419 393 605 462; x_wconf 81' lang='lat' dir='ltr'>febre</span> <span class='ocrx_word' id='word_1_10' title='bbox 638 393 813 463; x_wconf 89' lang='lat' dir='ltr'>corri</span> <span class='ocrx_word' id='word_1_11' title='bbox 875 393 1133 474; x_wconf 85' lang='lat' dir='ltr'>iuntur‚</span> <span class='ocrx_word' id='word_1_12' title='bbox 1187 407 1251 464; x_wconf 91' lang='lat' dir='ltr'>et</span> <span class='ocrx_word' id='word_1_13' title='bbox 1284 416 1658 484; x_wconf 79' lang='lat' dir='ltr'>parumper</span> <span class='ocrx_word' id='word_1_14' title='bbox 1705 395 2256 484; x_wconf 84' lang='lat' dir='ltr'>ingemiscentes,</span> <span class='ocrx_word' id='word_1_15' title='bbox 2322 395 2644 484; x_wconf 89' lang='lat' dir='ltr'>spiritum</span> <span class='ocrx_word' id='word_1_16' title='bbox 2695 395 2932 463; x_wconf 77' lang='lat' dir='ltr'>exbala-</span> 
     </span>
     <span class='ocr_line' id='line_1_3' title="bbox 421 415 2934 583; baseline 0 -32"><span class='ocrx_word' id='word_1_17' title='bbox 421 484 609 551; x_wconf 83' lang='lat' dir='ltr'><strong>bant.</strong></span> <span class='ocrx_word' id='word_1_18' title='bbox 663 415 866 565; x_wconf 55' lang='lat' dir='ltr'>Quoti)</span> <span class='ocrx_word' id='word_1_19' title='bbox 905 505 1063 552; x_wconf 91' lang='lat' dir='ltr'>cum</span> <span class='ocrx_word' id='word_1_20' title='bbox 1115 484 1260 583; x_wconf 84' lang='lat' dir='ltr'>jam</span> <span class='ocrx_word' id='word_1_21' title='bbox 1303 484 1414 552; x_wconf 91' lang='lat' dir='ltr'>die</span> <span class='ocrx_word' id='word_1_22' title='bbox 1456 485 1650 553; x_wconf 90' lang='lat' dir='ltr'>tertia</span> <span class='ocrx_word' id='word_1_23' title='bbox 1702 496 2040 574; x_wconf 77' lang='lat' dir='ltr'><strong>ageretur,</strong></span> <span class='ocrx_word' id='word_1_24' title='bbox 2113 483 2350 552; x_wconf 89' lang='lat' dir='ltr'>videns</span> <span class='ocrx_word' id='word_1_25' title='bbox 2397 484 2798 553; x_wconf 84' lang='lat' dir='ltr'>Hortensius</span> <span class='ocrx_word' id='word_1_26' title='bbox 2824 484 2934 552; x_wconf 81' lang='lat' dir='ltr'>sibi</span> 
     </span>
     <span class='ocr_line' id='line_1_4' title="bbox 421 570 2934 662; baseline 0 -23"><span class='ocrx_word' id='word_1_27' title='bbox 421 571 591 639; x_wconf 87' lang='lat' dir='ltr'>nihil</span> <span class='ocrx_word' id='word_1_28' title='bbox 643 571 727 641; x_wconf 89' lang='lat' dir='ltr'>de</span> <span class='ocrx_word' id='word_1_29' title='bbox 776 570 923 640; x_wconf 90' lang='lat' dir='ltr'>suis</span> <span class='ocrx_word' id='word_1_30' title='bbox 958 595 1170 642; x_wconf 83' lang='lat' dir='ltr'>servis</span> <span class='ocrx_word' id='word_1_31' title='bbox 1209 573 1566 653; x_wconf 85' lang='lat' dir='ltr'>reservari,</span> <span class='ocrx_word' id='word_1_32' title='bbox 1623 573 1871 641; x_wconf 89' lang='lat' dir='ltr'>timens</span> <span class='ocrx_word' id='word_1_33' title='bbox 1907 594 1989 641; x_wconf 90' lang='lat' dir='ltr'>ne</span> <span class='ocrx_word' id='word_1_34' title='bbox 2037 573 2241 642; x_wconf 88' lang='lat' dir='ltr'>etiam</span> <span class='ocrx_word' id='word_1_35' title='bbox 2283 584 2346 641; x_wconf 92' lang='lat' dir='ltr'>et</span> <span class='ocrx_word' id='word_1_36' title='bbox 2399 573 2542 661; x_wconf 90' lang='lat' dir='ltr'>ipse</span> <span class='ocrx_word' id='word_1_37' title='bbox 2580 574 2825 662; x_wconf 87' lang='lat' dir='ltr'>pariter</span> <span class='ocrx_word' id='word_1_38' title='bbox 2851 573 2934 640; x_wconf 86' lang='lat' dir='ltr'>in·</span> 
     </span>
     <span class='ocr_line' id='line_1_5' title="bbox 420 660 2932 750; baseline 0 -22"><span class='ocrx_word' id='word_1_39' title='bbox 420 661 671 741; x_wconf 87' lang='lat' dir='ltr'>teriret,</span> <span class='ocrx_word' id='word_1_40' title='bbox 715 660 801 729; x_wconf 89' lang='lat' dir='ltr'>ad</span> <span class='ocrx_word' id='word_1_41' title='bbox 858 673 1175 731; x_wconf 90' lang='lat' dir='ltr'>sanctum</span> <span class='ocrx_word' id='word_1_42' title='bbox 1234 662 1460 730; x_wconf 90' lang='lat' dir='ltr'>virum</span> <span class='ocrx_word' id='word_1_43' title='bbox 1525 674 1825 731; x_wconf 88' lang='lat' dir='ltr'>moestus</span> <span class='ocrx_word' id='word_1_44' title='bbox 1875 661 2295 750; x_wconf 79' lang='lat' dir='ltr'>ingreditur,</span> <span class='ocrx_word' id='word_1_45' title='bbox 2355 661 2830 747; x_wconf 82' lang='lat' dir='ltr'>projectusque</span> <span class='ocrx_word' id='word_1_46' title='bbox 2865 661 2932 729; x_wconf 87' lang='lat' dir='ltr'>ad</span> 
     </span>
     <span class='ocr_line' id='line_1_6' title="bbox 421 748 2936 839; baseline 0 -23"><span class='ocrx_word' id='word_1_47' title='bbox 421 749 628 838; x_wconf 80' lang='lat' dir='ltr'>pedes</span> <span class='ocrx_word' id='word_1_48' title='bbox 660 750 833 839; x_wconf 89' lang='lat' dir='ltr'>ejus,</span> <span class='ocrx_word' id='word_1_49' title='bbox 887 770 1045 818; x_wconf 91' lang='lat' dir='ltr'>cum</span> <span class='ocrx_word' id='word_1_50' title='bbox 1099 750 1427 839; x_wconf 84' lang='lat' dir='ltr'>lacrymis</span> <span class='ocrx_word' id='word_1_51' title='bbox 1479 750 1748 819; x_wconf 86' lang='lat' dir='ltr'>veniam</span> <span class='ocrx_word' id='word_1_52' title='bbox 1805 761 2016 839; x_wconf 87' lang='lat' dir='ltr'>rogat.</span> <span class='ocrx_word' id='word_1_53' title='bbox 2057 755 2273 833; x_wconf 86' lang='lat' dir='ltr'>Quam</span> <span class='ocrx_word' id='word_1_54' title='bbox 2317 748 2432 819; x_wconf 88' lang='lat' dir='ltr'>ille</span> <span class='ocrx_word' id='word_1_55' title='bbox 2475 749 2936 839; x_wconf 81' lang='lat' dir='ltr'>benignissime</span> 
     </span>
     <span class='ocr_line' id='line_1_7' title="bbox 420 836 2938 927; baseline 0 -22"><span class='ocrx_word' id='word_1_56' title='bbox 420 836 817 927; x_wconf 78' lang='lat' dir='ltr'>indulgenS,</span> <span class='ocrx_word' id='word_1_57' title='bbox 871 838 1299 907; x_wconf 75' lang='lat' dir='ltr'>benedictam</span> <span class='ocrx_word' id='word_1_58' title='bbox 1333 860 1584 925; x_wconf 90' lang='lat' dir='ltr'>aquam</span> <span class='ocrx_word' id='word_1_59' title='bbox 1628 838 1864 908; x_wconf 90' lang='lat' dir='ltr'>domui</span> <span class='ocrx_word' id='word_1_60' title='bbox 1920 837 2339 918; x_wconf 80' lang='lat' dir='ltr'>transmisit,</span> <span class='ocrx_word' id='word_1_61' title='bbox 2388 838 2648 926; x_wconf 90' lang='lat' dir='ltr'>illaque</span> <span class='ocrx_word' id='word_1_62' title='bbox 2701 860 2809 927; x_wconf 85' lang='lat' dir='ltr'>per</span> <span class='ocrx_word' id='word_1_63' title='bbox 2843 861 2938 927; x_wconf 86' lang='lat' dir='ltr'>pa-</span> 
     </span>
     <span class='ocr_line' id='line_1_8' title="bbox 420 926 2938 1017; baseline 0 -23"><span class='ocrx_word' id='word_1_64' title='bbox 420 927 621 995; x_wconf 90' lang='lat' dir='ltr'>rietes</span> <span class='ocrx_word' id='word_1_65' title='bbox 670 948 1003 1017; x_wconf 81' lang='lat' dir='ltr'>respersa,</span> <span class='ocrx_word' id='word_1_66' title='bbox 1044 927 1272 997; x_wconf 89' lang='lat' dir='ltr'>omnis</span> <span class='ocrx_word' id='word_1_67' title='bbox 1319 927 1681 1017; x_wconf 84' lang='lat' dir='ltr'>aegritudo</span> <span class='ocrx_word' id='word_1_68' title='bbox 1719 926 2032 1016; x_wconf 87' lang='lat' dir='ltr'>protinus</span> <span class='ocrx_word' id='word_1_69' title='bbox 2077 941 2179 996; x_wconf 89' lang='lat' dir='ltr'>est</span> <span class='ocrx_word' id='word_1_70' title='bbox 2226 926 2541 1015; x_wconf 87' lang='lat' dir='ltr'>depulsa,</span> <span class='ocrx_word' id='word_1_71' title='bbox 2611 950 2692 996; x_wconf 88' lang='lat' dir='ltr'>ac</span> <span class='ocrx_word' id='word_1_72' title='bbox 2729 949 2938 1017; x_wconf 84' lang='lat' dir='ltr'>magna</span> 
     </span>
     <span class='ocr_line' id='line_1_9' title="bbox 422 1015 2935 1105; baseline 0 -24"><span class='ocrx_word' id='word_1_73' title='bbox 422 1015 514 1084; x_wconf 92' lang='lat' dir='ltr'>ibi</span> <span class='ocrx_word' id='word_1_74' title='bbox 564 1015 782 1085; x_wconf 85' lang='lat' dir='ltr'>virtus</span> <span class='ocrx_word' id='word_1_75' title='bbox 828 1017 1175 1105; x_wconf 86' lang='lat' dir='ltr'>apparuit.</span> <span class='ocrx_word' id='word_1_76' title='bbox 1211 1021 1375 1085; x_wconf 92' lang='lat' dir='ltr'>Nam</span> <span class='ocrx_word' id='word_1_77' title='bbox 1417 1029 1483 1085; x_wconf 91' lang='lat' dir='ltr'>et</span> <span class='ocrx_word' id='word_1_78' title='bbox 1521 1016 1640 1103; x_wconf 91' lang='lat' dir='ltr'>qui</span> <span class='ocrx_word' id='word_1_79' title='bbox 1680 1016 1993 1085; x_wconf 89' lang='lat' dir='ltr'>morbum</span> <span class='ocrx_word' id='word_1_80' title='bbox 2031 1017 2486 1095; x_wconf 83' lang='lat' dir='ltr'>incurrerant,</span> <span class='ocrx_word' id='word_1_81' title='bbox 2521 1017 2751 1085; x_wconf 86' lang='lat' dir='ltr'>sanati</span> <span class='ocrx_word' id='word_1_82' title='bbox 2784 1029 2935 1094; x_wconf 89' lang='lat' dir='ltr'>sunt;</span> 
     </span>
     <span class='ocr_line' id='line_1_10' title="bbox 420 1104 2080 1191; baseline 0.001 -19"><span class='ocrx_word' id='word_1_83' title='bbox 420 1117 486 1172; x_wconf 90' lang='lat' dir='ltr'>et</span> <span class='ocrx_word' id='word_1_84' title='bbox 524 1105 644 1191; x_wconf 89' lang='lat' dir='ltr'>qui</span> <span class='ocrx_word' id='word_1_85' title='bbox 693 1106 912 1173; x_wconf 91' lang='lat' dir='ltr'>sanati</span> <span class='ocrx_word' id='word_1_86' title='bbox 946 1119 1162 1187; x_wconf 89' lang='lat' dir='ltr'>erant,</span> <span class='ocrx_word' id='word_1_87' title='bbox 1208 1104 1386 1174; x_wconf 86' lang='lat' dir='ltr'>ultra</span> <span class='ocrx_word' id='word_1_88' title='bbox 1425 1126 1557 1173; x_wconf 92' lang='lat' dir='ltr'>non</span> <span class='ocrx_word' id='word_1_89' title='bbox 1613 1105 2080 1190; x_wconf 87' lang='lat' dir='ltr'>incurrerunt.</span> 
     </span>
    </p>

    <p class='ocr_par' dir='ltr' id='par_1_3' title="bbox 422 1192 2937 2416">
     <span class='ocr_line' id='line_1_11' title="bbox 510 1192 2937 1282; baseline -0.003 -17"><span class='ocrx_word' id='word_1_90' title='bbox 510 1197 545 1279; x_wconf 79' lang='lat'><strong>§</strong></span> <span class='ocrx_word' id='word_1_91' title='bbox 592 1198 675 1265; x_wconf 76' lang='grc' dir='ltr'>-Ι,</span> <span class='ocrx_word' id='word_1_92' title='bbox 730 1198 804 1261; x_wconf 92' lang='lat' dir='ltr'>In</span> <span class='ocrx_word' id='word_1_93' title='bbox 844 1194 1338 1263; x_wconf 86' lang='lat' dir='ltr'>Ecclesiasticis</span> <span class='ocrx_word' id='word_1_94' title='bbox 1393 1214 1548 1262; x_wconf 90' lang='lat' dir='ltr'>vero</span> <span class='ocrx_word' id='word_1_95' title='bbox 1597 1194 1960 1282; x_wconf 90' lang='lat' dir='ltr'>scripturis</span> <span class='ocrx_word' id='word_1_96' title='bbox 2007 1192 2323 1262; x_wconf 88' lang='lat' dir='ltr'>eruditus</span> <span class='ocrx_word' id='word_1_97' title='bbox 2372 1206 2476 1262; x_wconf 89' lang='lat' dir='ltr'>est</span> <span class='ocrx_word' id='word_1_98' title='bbox 2529 1193 2810 1262; x_wconf 86' lang='lat' dir='ltr'>babitus</span> <span class='ocrx_word' id='word_1_99' title='bbox 2851 1193 2937 1260; x_wconf 80' lang='lat' dir='ltr'>hic</span> 
     </span>
     <span class='ocr_line' id='line_1_12' title="bbox 424 1281 2937 1383; baseline 0 -33"><span class='ocrx_word' id='word_1_100' title='bbox 424 1281 796 1351; x_wconf 89' lang='lat' dir='ltr'>Sacerdos:</span> <span class='ocrx_word' id='word_1_101' title='bbox 851 1282 966 1351; x_wconf 90' lang='lat' dir='ltr'>sed</span> <span class='ocrx_word' id='word_1_102' title='bbox 1002 1283 1164 1351; x_wconf 90' lang='lat' dir='ltr'>etin</span> <span class='ocrx_word' id='word_1_103' title='bbox 1217 1281 1674 1370; x_wconf 79' lang='lat' dir='ltr'>eleemosynis</span> <span class='ocrx_word' id='word_1_104' title='bbox 1715 1282 2131 1383; x_wconf 80' lang='lat' dir='ltr'>magnificus</span> <span class='ocrx_word' id='word_1_105' title='bbox 2179 1281 2329 1351; x_wconf 89' lang='lat' dir='ltr'>fuit.</span> <span class='ocrx_word' id='word_1_106' title='bbox 2370 1287 2534 1351; x_wconf 86' lang='lat' dir='ltr'>Nam</span> <span class='ocrx_word' id='word_1_107' title='bbox 2591 1305 2751 1352; x_wconf 90' lang='lat' dir='ltr'>cum</span> <span class='ocrx_word' id='word_1_108' title='bbox 2803 1304 2937 1371; x_wconf 89' lang='lat' dir='ltr'>pau-</span> 
     </span>
     <span class='ocr_line' id='line_1_13' title="bbox 423 1370 2931 1460; baseline -0.001 -20"><span class='ocrx_word' id='word_1_109' title='bbox 423 1391 650 1460; x_wconf 90' lang='lat' dir='ltr'>perem</span> <span class='ocrx_word' id='word_1_110' title='bbox 688 1370 986 1458; x_wconf 87' lang='lat' dir='ltr'>aliquem</span> <span class='ocrx_word' id='word_1_111' title='bbox 1039 1371 1339 1440; x_wconf 89' lang='lat' dir='ltr'>clamare</span> <span class='ocrx_word' id='word_1_112' title='bbox 1401 1384 1728 1450; x_wconf 89' lang='lat' dir='ltr'>cerneret,</span> <span class='ocrx_word' id='word_1_113' title='bbox 1787 1371 2052 1460; x_wconf 71' lang='lat' dir='ltr'>ajebat:</span> <span class='ocrx_word' id='word_1_114' title='bbox 2110 1394 2145 1436; x_wconf 86' lang='lat'>«</span> <span class='ocrx_word' id='word_1_115' title='bbox 2179 1370 2598 1452; x_wconf 85' lang='lat' dir='ltr'>Succurrite,</span> <span class='ocrx_word' id='word_1_116' title='bbox 2667 1393 2931 1457; x_wconf 82' lang='lat' dir='ltr'>quaeso,</span> 
     </span>
     <span class='ocr_line' id='line_1_14' title="bbox 423 1459 2934 1549; baseline -0.001 -22"><span class='ocrx_word' id='word_1_117' title='bbox 423 1461 826 1539; x_wconf 84' lang='lat' dir='ltr'>succurrite,</span> <span class='ocrx_word' id='word_1_118' title='bbox 862 1474 925 1529; x_wconf 87' lang='lat' dir='ltr'>et</span> <span class='ocrx_word' id='word_1_119' title='bbox 976 1460 1259 1549; x_wconf 88' lang='lat' dir='ltr'>pauperi</span> <span class='ocrx_word' id='word_1_120' title='bbox 1313 1459 1532 1528; x_wconf 89' lang='lat' dir='ltr'>victus</span> <span class='ocrx_word' id='word_1_121' title='bbox 1577 1459 1962 1528; x_wconf 90' lang='lat' dir='ltr'>necessaria</span> <span class='ocrx_word' id='word_1_122' title='bbox 2015 1460 2446 1529; x_wconf 86' lang='lat' dir='ltr'>ministrate:</span> <span class='ocrx_word' id='word_1_123' title='bbox 2509 1459 2741 1549; x_wconf 83' lang='lat' dir='ltr'>ignari</span> <span class='ocrx_word' id='word_1_124' title='bbox 2788 1460 2934 1528; x_wconf 81' lang='lat' dir='ltr'>enirn</span> 
     </span>
     <span class='ocr_line' id='line_1_15' title="bbox 422 1548 2934 1638; baseline 0 -23"><span class='ocrx_word' id='word_1_125' title='bbox 422 1549 608 1629; x_wconf 75' lang='lat' dir='ltr'>estis,</span> <span class='ocrx_word' id='word_1_126' title='bbox 645 1570 683 1617; x_wconf 96' lang='lat' dir='ltr'>o</span> <span class='ocrx_word' id='word_1_127' title='bbox 732 1548 1025 1630; x_wconf 80' lang='lat' dir='ltr'>desideS,</span> <span class='ocrx_word' id='word_1_128' title='bbox 1068 1571 1151 1617; x_wconf 93' lang='lat' dir='ltr'>an</span> <span class='ocrx_word' id='word_1_129' title='bbox 1206 1548 1485 1618; x_wconf 86' lang='lat' dir='ltr'>forsitan</span> <span class='ocrx_word' id='word_1_130' title='bbox 1545 1549 1690 1637; x_wconf 89' lang='lat' dir='ltr'>ipse</span> <span class='ocrx_word' id='word_1_131' title='bbox 1736 1549 1846 1624; x_wconf 91' lang='lat' dir='ltr'>sit,</span> <span class='ocrx_word' id='word_1_132' title='bbox 1884 1549 2003 1635; x_wconf 89' lang='lat' dir='ltr'>qui</span> <span class='ocrx_word' id='word_1_133' title='bbox 2064 1571 2135 1617; x_wconf 92' lang='lat' dir='ltr'>se</span> <span class='ocrx_word' id='word_1_134' title='bbox 2205 1570 2324 1636; x_wconf 91' lang='lat' dir='ltr'>per</span> <span class='ocrx_word' id='word_1_135' title='bbox 2364 1549 2812 1638; x_wconf 83' lang='lat' dir='ltr'>Evangelicae</span> <span class='ocrx_word' id='word_1_136' title='bbox 2849 1553 2934 1616; x_wconf 77' lang='lat' dir='ltr'>Le·</span> 
     </span>
     <span class='ocr_line' id='line_1_16' title="bbox 422 1637 2932 1726; baseline -0.002 -22"><span class='ocrx_word' id='word_1_137' title='bbox 422 1638 670 1707; x_wconf 89' lang='lat' dir='ltr'>ctionis</span> <span class='ocrx_word' id='word_1_138' title='bbox 697 1638 938 1707; x_wconf 83' lang='lat' dir='ltr'>seriem</span> <span class='ocrx_word' id='word_1_139' title='bbox 965 1637 1412 1706; x_wconf 81' lang='lat' dir='ltr'>reficiendum</span> <span class='ocrx_word' id='word_1_140' title='bbox 1457 1637 1523 1704; x_wconf 92' lang='lat' dir='ltr'>in</span> <span class='ocrx_word' id='word_1_141' title='bbox 1566 1637 1988 1726; x_wconf 86' lang='lat' dir='ltr'>pauperibus</span> <span class='ocrx_word' id='word_1_142' title='bbox 2027 1637 2334 1706; x_wconf 89' lang='lat' dir='ltr'>minimis</span> <span class='ocrx_word' id='word_1_143' title='bbox 2365 1658 2513 1706; x_wconf 90' lang='lat' dir='ltr'>esse</span> <span class='ocrx_word' id='word_1_144' title='bbox 2547 1637 2932 1707; x_wconf 70' lang='lat' dir='ltr'>mandavit.»</span> 
     </span>
     <span class='ocr_line' id='line_1_17' title="bbox 424 1725 2932 1815; baseline -0.001 -21"><span class='ocrx_word' id='word_1_145' title='bbox 424 1727 749 1815; x_wconf 87' lang='lat' dir='ltr'>Ejiciebat</span> <span class='ocrx_word' id='word_1_146' title='bbox 817 1738 1041 1796; x_wconf 91' lang='lat' dir='ltr'>autem</span> <span class='ocrx_word' id='word_1_147' title='bbox 1100 1725 1462 1794; x_wconf 89' lang='lat' dir='ltr'>daemonia</span> <span class='ocrx_word' id='word_1_148' title='bbox 1511 1747 1582 1794; x_wconf 90' lang='lat' dir='ltr'>se</span> <span class='ocrx_word' id='word_1_149' title='bbox 1630 1726 2048 1794; x_wconf 86' lang='lat' dir='ltr'>confitentia.</span> <span class='ocrx_word' id='word_1_150' title='bbox 2115 1730 2192 1794; x_wconf 92' lang='lat' dir='ltr'>In</span> <span class='ocrx_word' id='word_1_151' title='bbox 2247 1727 2748 1796; x_wconf 90' lang='lat' dir='ltr'>monasterium</span> <span class='ocrx_word' id='word_1_152' title='bbox 2815 1746 2932 1793; x_wconf 79' lang='lat' dir='ltr'>vero</span> 
     </span>
     <span class='ocr_line' id='line_1_18' title="bbox 427 1814 2936 1905; baseline -0.002 -21"><span class='ocrx_word' id='word_1_153' title='bbox 427 1814 982 1885; x_wconf 85' lang='lat' dir='ltr'>Candidobrense</span> <span class='ocrx_word' id='word_1_154' title='bbox 1012 1815 1045 1848; x_wconf 69' lang='lat'>&#39;⁶</span> <span class='ocrx_word' id='word_1_155' title='bbox 1074 1814 1375 1894; x_wconf 89' lang='lat' dir='ltr'>veniens,</span> <span class='ocrx_word' id='word_1_156' title='bbox 1415 1837 1574 1882; x_wconf 91' lang='lat' dir='ltr'>cum</span> <span class='ocrx_word' id='word_1_157' title='bbox 1621 1835 2170 1903; x_wconf 82' lang='lat' dir='ltr'>energumenum</span> <span class='ocrx_word' id='word_1_158' title='bbox 2208 1814 2560 1901; x_wconf 87' lang='lat' dir='ltr'>quendam</span> <span class='ocrx_word' id='word_1_159' title='bbox 2618 1815 2936 1905; x_wconf 73' lang='lat' dir='ltr'>reperisset</span> 
     </span>
     <span class='ocr_line' id='line_1_19' title="bbox 425 1902 2933 1994; baseline -0.001 -23"><span class='ocrx_word' id='word_1_160' title='bbox 425 1904 728 1973; x_wconf 79' lang='lat' dir='ltr'>atrocius</span> <span class='ocrx_word' id='word_1_161' title='bbox 776 1903 1337 1983; x_wconf 85' lang='lat' dir='ltr'>debacchantem,</span> <span class='ocrx_word' id='word_1_162' title='bbox 1394 1902 1581 1971; x_wconf 86' lang='lat' dir='ltr'>misit</span> <span class='ocrx_word' id='word_1_163' title='bbox 1615 1903 2069 1991; x_wconf 78' lang='lat' dir='ltr'>presbyteros,</span> <span class='ocrx_word' id='word_1_164' title='bbox 2125 1914 2202 1972; x_wconf 84' lang='lat' dir='ltr'>ut</span> <span class='ocrx_word' id='word_1_165' title='bbox 2248 1904 2312 1972; x_wconf 90' lang='lat' dir='ltr'>ei</span> <span class='ocrx_word' id='word_1_166' title='bbox 2368 1925 2623 1974; x_wconf 91' lang='lat' dir='ltr'>manus</span> <span class='ocrx_word' id='word_1_167' title='bbox 2666 1906 2933 1994; x_wconf 78' lang='lat' dir='ltr'>impone-</span> 
     </span>
     <span class='ocr_line' id='line_1_20' title="bbox 427 1990 2926 2082; baseline -0.001 -22"><span class='ocrx_word' id='word_1_168' title='bbox 427 2004 616 2060; x_wconf 87' lang='lat' dir='ltr'>rent:</span> <span class='ocrx_word' id='word_1_169' title='bbox 672 1993 785 2061; x_wconf 90' lang='lat' dir='ltr'>sed</span> <span class='ocrx_word' id='word_1_170' title='bbox 847 2015 1005 2061; x_wconf 91' lang='lat' dir='ltr'>cum</span> <span class='ocrx_word' id='word_1_171' title='bbox 1056 2014 1291 2060; x_wconf 90' lang='lat' dir='ltr'>eorum</span> <span class='ocrx_word' id='word_1_172' title='bbox 1355 1991 1846 2061; x_wconf 82' lang='lat' dir='ltr'>exorcizatione</span> <span class='ocrx_word' id='word_1_173' title='bbox 1906 1990 2092 2060; x_wconf 89' lang='lat' dir='ltr'>larva</span> <span class='ocrx_word' id='word_1_174' title='bbox 2144 2014 2279 2060; x_wconf 90' lang='lat' dir='ltr'>non</span> <span class='ocrx_word' id='word_1_175' title='bbox 2337 1991 2583 2062; x_wconf 88' lang='lat' dir='ltr'>fuisset</span> <span class='ocrx_word' id='word_1_176' title='bbox 2641 1992 2926 2082; x_wconf 80' lang='lat' dir='ltr'>expulsa.</span> 
     </span>
     <span class='ocr_line' id='line_1_21' title="bbox 427 2080 2928 2171; baseline -0 -22"><span class='ocrx_word' id='word_1_177' title='bbox 427 2087 717 2150; x_wconf 90' lang='lat' dir='ltr'>Sanctus</span> <span class='ocrx_word' id='word_1_178' title='bbox 769 2082 880 2149; x_wconf 91' lang='lat' dir='ltr'>Dei</span> <span class='ocrx_word' id='word_1_179' title='bbox 917 2081 1233 2150; x_wconf 90' lang='lat' dir='ltr'>cominus</span> <span class='ocrx_word' id='word_1_180' title='bbox 1270 2080 1864 2169; x_wconf 84' lang='lat' dir='ltr'>appropinquans,</span> <span class='ocrx_word' id='word_1_181' title='bbox 1923 2080 2257 2150; x_wconf 86' lang='lat' dir='ltr'>immissis</span> <span class='ocrx_word' id='word_1_182' title='bbox 2289 2080 2356 2148; x_wconf 90' lang='lat' dir='ltr'>in</span> <span class='ocrx_word' id='word_1_183' title='bbox 2394 2104 2469 2150; x_wconf 92' lang='lat' dir='ltr'>os</span> <span class='ocrx_word' id='word_1_184' title='bbox 2505 2081 2668 2169; x_wconf 89' lang='lat' dir='ltr'>ejus</span> <span class='ocrx_word' id='word_1_185' title='bbox 2719 2081 2928 2171; x_wconf 72' lang='lat' dir='ltr'>digitis.</span> 
     </span>
     <span class='ocr_line' id='line_1_22' title="bbox 426 2168 2930 2259; baseline -0.001 -22"><span class='ocrx_word' id='word_1_186' title='bbox 426 2191 788 2259; x_wconf 90' lang='lat' dir='ltr'>personam</span> <span class='ocrx_word' id='word_1_187' title='bbox 830 2168 1126 2238; x_wconf 89' lang='lat' dir='ltr'>reddidit</span> <span class='ocrx_word' id='word_1_188' title='bbox 1173 2168 1585 2238; x_wconf 87' lang='lat' dir='ltr'>absolutam.</span> <span class='ocrx_word' id='word_1_189' title='bbox 1644 2169 1849 2238; x_wconf 87' lang='lat' dir='ltr'>Multa</span> <span class='ocrx_word' id='word_1_190' title='bbox 1900 2181 1966 2237; x_wconf 87' lang='lat' dir='ltr'>et</span> <span class='ocrx_word' id='word_1_191' title='bbox 2014 2168 2149 2237; x_wconf 91' lang='lat' dir='ltr'>alia</span> <span class='ocrx_word' id='word_1_192' title='bbox 2200 2169 2534 2239; x_wconf 88' lang='lat' dir='ltr'>miracula</span> <span class='ocrx_word' id='word_1_193' title='bbox 2587 2172 2694 2240; x_wconf 87' lang='lat' dir='ltr'>vir</span> <span class='ocrx_word' id='word_1_194' title='bbox 2743 2172 2930 2239; x_wconf 71' lang='lat' dir='ltr'>beatus</span> 
     </span>
     <span class='ocr_line' id='line_1_23' title="bbox 423 2255 2931 2416; baseline -0.001 -90"><span class='ocrx_word' id='word_1_195' title='bbox 423 2273 747 2416; x_wconf 67' lang='lat' dir='ltr'>operatus</span> <span class='ocrx_word' id='word_1_196' title='bbox 794 2270 919 2342; x_wconf 88' lang='lat' dir='ltr'>est,</span> <span class='ocrx_word' id='word_1_197' title='bbox 970 2271 1035 2327; x_wconf 92' lang='lat' dir='ltr'>et</span> <span class='ocrx_word' id='word_1_198' title='bbox 1081 2258 1387 2327; x_wconf 89' lang='lat' dir='ltr'>oratione</span> <span class='ocrx_word' id='word_1_199' title='bbox 1448 2255 1625 2326; x_wconf 88' lang='lat' dir='ltr'>facta</span> <span class='ocrx_word' id='word_1_200' title='bbox 1672 2258 1973 2348; x_wconf 90' lang='lat' dir='ltr'>saepius,</span> <span class='ocrx_word' id='word_1_201' title='bbox 2028 2280 2204 2344; x_wconf 92' lang='lat' dir='ltr'>quae</span> <span class='ocrx_word' id='word_1_202' title='bbox 2257 2259 2559 2348; x_wconf 88' lang='lat' dir='ltr'>petisset,</span> <span class='ocrx_word' id='word_1_203' title='bbox 2607 2283 2648 2329; x_wconf 93' lang='lat' dir='ltr'>a</span> <span class='ocrx_word' id='word_1_204' title='bbox 2702 2258 2931 2328; x_wconf 82' lang='lat' dir='ltr'>Domino</span> 
     </span>
     <span class='ocr_line' id='line_1_24' title="bbox 425 2347 799 2416; baseline -0.003 0"><span class='ocrx_word' id='word_1_205' title='bbox 425 2370 464 2416; x_wconf 95' lang='lat' dir='ltr'>o</span> <span class='ocrx_word' id='word_1_206' title='bbox 519 2347 799 2416; x_wconf 55' lang='lat' dir='ltr'>finebak</span> 
     </span>
    </p>

    <p class='ocr_par' dir='ltr' id='par_1_4' title="bbox 421 2434 2930 4300">
     <span class='ocr_line' id='line_1_25' title="bbox 512 2434 2928 2526; baseline -0.004 -17"><span class='ocrx_word' id='word_1_207' title='bbox 512 2440 548 2524; x_wconf 70' lang='grc' dir='ltr'>ἓ</span> <span class='ocrx_word' id='word_1_208' title='bbox 595 2443 680 2509; x_wconf 76' lang='grc'>5.</span> <span class='ocrx_word' id='word_1_209' title='bbox 740 2441 942 2506; x_wconf 87' lang='lat' dir='ltr'>Porro</span> <span class='ocrx_word' id='word_1_210' title='bbox 985 2437 1049 2504; x_wconf 91' lang='lat' dir='ltr'>in</span> <span class='ocrx_word' id='word_1_211' title='bbox 1092 2435 1425 2506; x_wconf 89' lang='lat' dir='ltr'>territorio</span> <span class='ocrx_word' id='word_1_212' title='bbox 1465 2438 1759 2505; x_wconf 80' lang='lat' dir='ltr'>Arverno</span> <span class='ocrx_word' id='word_1_213' title='bbox 1807 2434 2106 2522; x_wconf 90' lang='lat' dir='ltr'>quodam</span> <span class='ocrx_word' id='word_1_214' title='bbox 2153 2449 2477 2526; x_wconf 90' lang='lat' dir='ltr'>tempore,</span> <span class='ocrx_word' id='word_1_215' title='bbox 2521 2460 2690 2506; x_wconf 84' lang='lat' dir='ltr'>cum</span> <span class='ocrx_word' id='word_1_216' title='bbox 2731 2456 2928 2525; x_wconf 74' lang='lat' dir='ltr'>magna</span> 
     </span>
     <span class='ocr_line' id='line_1_26' title="bbox 424 2524 2928 2614; baseline -0.002 -20"><span class='ocrx_word' id='word_1_217' title='bbox 424 2526 697 2595; x_wconf 87' lang='lat' dir='ltr'>siccitas</span> <span class='ocrx_word' id='word_1_218' title='bbox 730 2547 888 2593; x_wconf 89' lang='lat' dir='ltr'>arva</span> <span class='ocrx_word' id='word_1_219' title='bbox 924 2536 1380 2604; x_wconf 89' lang='lat' dir='ltr'>consumeret,</span> <span class='ocrx_word' id='word_1_220' title='bbox 1433 2535 1499 2592; x_wconf 88' lang='lat' dir='ltr'>et</span> <span class='ocrx_word' id='word_1_221' title='bbox 1556 2524 1911 2594; x_wconf 87' lang='lat' dir='ltr'>arentibus</span> <span class='ocrx_word' id='word_1_222' title='bbox 1960 2524 2216 2604; x_wconf 81' lang='lat' dir='ltr'>herbiS,</span> <span class='ocrx_word' id='word_1_223' title='bbox 2284 2525 2476 2594; x_wconf 86' lang='lat' dir='ltr'>nulla</span> <span class='ocrx_word' id='word_1_224' title='bbox 2537 2527 2814 2614; x_wconf 89' lang='lat' dir='ltr'>penitus</span> <span class='ocrx_word' id='word_1_225' title='bbox 2846 2526 2928 2613; x_wconf 85' lang='lat' dir='ltr'>ju·</span> 
     </span>
     <span class='ocr_line' id='line_1_27' title="bbox 427 2613 2927 2703; baseline -0.002 -20"><span class='ocrx_word' id='word_1_226' title='bbox 427 2615 677 2683; x_wconf 89' lang='lat' dir='ltr'>mentis</span> <span class='ocrx_word' id='word_1_227' title='bbox 711 2613 967 2703; x_wconf 91' lang='lat' dir='ltr'>pabula</span> <span class='ocrx_word' id='word_1_228' title='bbox 1015 2625 1469 2692; x_wconf 87' lang='lat' dir='ltr'>remanerent,</span> <span class='ocrx_word' id='word_1_229' title='bbox 1523 2625 1587 2682; x_wconf 87' lang='lat' dir='ltr'>et</span> <span class='ocrx_word' id='word_1_230' title='bbox 1622 2618 1912 2682; x_wconf 88' lang='lat' dir='ltr'>Sanctus</span> <span class='ocrx_word' id='word_1_231' title='bbox 1947 2614 2059 2681; x_wconf 90' lang='lat' dir='ltr'>Dei</span> <span class='ocrx_word' id='word_1_232' title='bbox 2099 2613 2507 2703; x_wconf 87' lang='lat' dir='ltr'>Rogationes</span> <span class='ocrx_word' id='word_1_233' title='bbox 2559 2614 2743 2697; x_wconf 87' lang='lat' dir='ltr'>illas,</span> <span class='ocrx_word' id='word_1_234' title='bbox 2797 2632 2927 2701; x_wconf 77' lang='lat' dir='ltr'>quae</span> 
     </span>
     <span class='ocr_line' id='line_1_28' title="bbox 424 2701 2930 2792; baseline -0.002 -21"><span class='ocrx_word' id='word_1_235' title='bbox 424 2716 580 2771; x_wconf 90' lang='lat' dir='ltr'>ante</span> <span class='ocrx_word' id='word_1_236' title='bbox 606 2704 1081 2771; x_wconf 83' lang='lat' dir='ltr'>Ascensionem</span> <span class='ocrx_word' id='word_1_237' title='bbox 1124 2701 1544 2770; x_wconf 91' lang='lat' dir='ltr'>Dominicam</span> <span class='ocrx_word' id='word_1_238' title='bbox 1582 2714 1907 2792; x_wconf 83' lang='lat' dir='ltr'>aguntur,</span> <span class='ocrx_word' id='word_1_239' title='bbox 1946 2701 2383 2771; x_wconf 85' lang='lat' dir='ltr'>devotissime</span> <span class='ocrx_word' id='word_1_240' title='bbox 2407 2702 2784 2773; x_wconf 86' lang='lat' dir='ltr'>celebraret</span> <span class='ocrx_word' id='word_1_241' title='bbox 2814 2726 2828 2768; x_wconf 77' lang='grc' dir='ltr'>ε</span> <span class='ocrx_word' id='word_1_242' title='bbox 2854 2701 2930 2768; x_wconf 74' lang='lat' dir='ltr'>die</span> 
     </span>
     <span class='ocr_line' id='line_1_29' title="bbox 424 2788 2923 2882; baseline -0.002 -23"><span class='ocrx_word' id='word_1_243' title='bbox 424 2791 644 2871; x_wconf 89' lang='lat' dir='ltr'>tertia,</span> <span class='ocrx_word' id='word_1_244' title='bbox 684 2813 840 2860; x_wconf 91' lang='lat' dir='ltr'>cum</span> <span class='ocrx_word' id='word_1_245' title='bbox 884 2792 1028 2879; x_wconf 87' lang='lat' dir='ltr'>jam</span> <span class='ocrx_word' id='word_1_246' title='bbox 1094 2804 1324 2879; x_wconf 91' lang='lat' dir='ltr'>portae</span> <span class='ocrx_word' id='word_1_247' title='bbox 1377 2790 1670 2859; x_wconf 89' lang='lat' dir='ltr'>civitatis</span> <span class='ocrx_word' id='word_1_248' title='bbox 1730 2792 2390 2879; x_wconf 88' lang='lat' dir='ltr'>appropinquarent,</span> <span class='ocrx_word' id='word_1_249' title='bbox 2447 2804 2829 2882; x_wconf 83' lang='lat' dir='ltr'>suggerunt</span> <span class='ocrx_word' id='word_1_250' title='bbox 2866 2788 2923 2865; x_wconf 82' lang='lat' dir='ltr'>ei,</span> 
     </span>
     <span class='ocr_line' id='line_1_30' title="bbox 425 2878 2926 2968; baseline -0.001 -21"><span class='ocrx_word' id='word_1_251' title='bbox 425 2892 503 2947; x_wconf 90' lang='lat' dir='ltr'>ut</span> <span class='ocrx_word' id='word_1_252' title='bbox 546 2881 687 2968; x_wconf 86' lang='lat' dir='ltr'>ipse</span> <span class='ocrx_word' id='word_1_253' title='bbox 722 2880 1171 2967; x_wconf 80' lang='lat' dir='ltr'>antiphonam</span> <span class='ocrx_word' id='word_1_254' title='bbox 1214 2879 1619 2968; x_wconf 85' lang='lat' dir='ltr'>dignaretur</span> <span class='ocrx_word' id='word_1_255' title='bbox 1660 2880 2034 2968; x_wconf 89' lang='lat' dir='ltr'>imponere,</span> <span class='ocrx_word' id='word_1_256' title='bbox 2066 2878 2406 2947; x_wconf 87' lang='lat' dir='ltr'>dicentes:</span> <span class='ocrx_word' id='word_1_257' title='bbox 2454 2903 2490 2946; x_wconf 91' lang='lat'>«</span> <span class='ocrx_word' id='word_1_258' title='bbox 2531 2883 2600 2949; x_wconf 91' lang='lat' dir='ltr'>Si</span> <span class='ocrx_word' id='word_1_259' title='bbox 2645 2895 2740 2959; x_wconf 90' lang='lat' dir='ltr'>tu,</span> <span class='ocrx_word' id='word_1_260' title='bbox 2779 2880 2926 2948; x_wconf 80' lang='lat' dir='ltr'>beate</span> 
     </span>
     <span class='ocr_line' id='line_1_31' title="bbox 430 2967 2928 3058; baseline -0.002 -22"><span class='ocrx_word' id='word_1_261' title='bbox 430 2968 751 3057; x_wconf 82' lang='lat' dir='ltr'>pontifex,</span> <span class='ocrx_word' id='word_1_262' title='bbox 808 2969 1041 3038; x_wconf 88' lang='lat' dir='ltr'>devote</span> <span class='ocrx_word' id='word_1_263' title='bbox 1089 2968 1538 3058; x_wconf 89' lang='lat' dir='ltr'>antiphonam</span> <span class='ocrx_word' id='word_1_264' title='bbox 1577 2967 2015 3057; x_wconf 90' lang='lat' dir='ltr'>imposueris,</span> <span class='ocrx_word' id='word_1_265' title='bbox 2048 2967 2467 3037; x_wconf 86' lang='lat' dir='ltr'>confidimus</span> <span class='ocrx_word' id='word_1_266' title='bbox 2501 2969 2587 3038; x_wconf 91' lang='lat' dir='ltr'>de</span> <span class='ocrx_word' id='word_1_267' title='bbox 2620 2969 2928 3038; x_wconf 83' lang='lat' dir='ltr'>sanctitate</span> 
     </span>
     <span class='ocr_line' id='line_1_32' title="bbox 428 3056 2926 3146; baseline -0.002 -21"><span class='ocrx_word' id='word_1_268' title='bbox 428 3070 567 3138; x_wconf 90' lang='lat' dir='ltr'>tua,</span> <span class='ocrx_word' id='word_1_269' title='bbox 605 3057 783 3144; x_wconf 92' lang='lat' dir='ltr'>quod</span> <span class='ocrx_word' id='word_1_270' title='bbox 839 3058 1153 3146; x_wconf 92' lang='lat' dir='ltr'>protinus</span> <span class='ocrx_word' id='word_1_271' title='bbox 1211 3058 1408 3126; x_wconf 88' lang='lat' dir='ltr'>nobis</span> <span class='ocrx_word' id='word_1_272' title='bbox 1470 3056 1797 3126; x_wconf 70' lang='lat' dir='ltr'>{lominus</span> <span class='ocrx_word' id='word_1_273' title='bbox 1871 3056 2173 3145; x_wconf 86' lang='lat' dir='ltr'>pluviam</span> <span class='ocrx_word' id='word_1_274' title='bbox 2226 3056 2629 3146; x_wconf 86' lang='lat' dir='ltr'>dignabitur</span> <span class='ocrx_word' id='word_1_275' title='bbox 2676 3058 2926 3145; x_wconf 77' lang='lat' dir='ltr'>benigna</span> 
     </span>
     <span class='ocr_line' id='line_1_33' title="bbox 426 3144 2925 3236; baseline -0.001 -23"><span class='ocrx_word' id='word_1_276' title='bbox 426 3147 671 3236; x_wconf 89' lang='lat' dir='ltr'>pietate</span> <span class='ocrx_word' id='word_1_277' title='bbox 708 3146 966 3235; x_wconf 85' lang='lat' dir='ltr'>largiri.</span> <span class='ocrx_word' id='word_1_278' title='bbox 1004 3169 1038 3212; x_wconf 95' lang='lat'>»</span> <span class='ocrx_word' id='word_1_279' title='bbox 1087 3151 1162 3215; x_wconf 75' lang='lat' dir='ltr'>At</span> <span class='ocrx_word' id='word_1_280' title='bbox 1213 3145 1324 3213; x_wconf 86' lang='lat' dir='ltr'>ille</span> <span class='ocrx_word' id='word_1_281' title='bbox 1362 3157 1743 3234; x_wconf 87' lang='lat' dir='ltr'>prostratus</span> <span class='ocrx_word' id='word_1_282' title='bbox 1789 3166 1997 3234; x_wconf 89' lang='lat' dir='ltr'>super</span> <span class='ocrx_word' id='word_1_283' title='bbox 2034 3144 2341 3214; x_wconf 87' lang='lat' dir='ltr'>cilicium</span> <span class='ocrx_word' id='word_1_284' title='bbox 2393 3170 2630 3227; x_wconf 89' lang='lat' dir='ltr'>suum,</span> <span class='ocrx_word' id='word_1_285' title='bbox 2692 3149 2757 3215; x_wconf 90' lang='lat' dir='ltr'>in</span> <span class='ocrx_word' id='word_1_286' title='bbox 2813 3146 2925 3232; x_wconf 76' lang='lat' dir='ltr'>ipsa</span> 
     </span>
     <span class='ocr_line' id='line_1_34' title="bbox 428 3234 2919 3325; baseline 0.002 -22"><span class='ocrx_word' id='word_1_287' title='bbox 428 3235 648 3325; x_wconf 86' lang='lat' dir='ltr'>platea</span> <span class='ocrx_word' id='word_1_288' title='bbox 698 3235 1087 3305; x_wconf 88' lang='lat' dir='ltr'>diutissime</span> <span class='ocrx_word' id='word_1_289' title='bbox 1119 3255 1276 3301; x_wconf 91' lang='lat' dir='ltr'>cum</span> <span class='ocrx_word' id='word_1_290' title='bbox 1310 3234 1473 3302; x_wconf 90' lang='lat' dir='ltr'>fletu</span> <span class='ocrx_word' id='word_1_291' title='bbox 1500 3235 1737 3303; x_wconf 87' lang='lat' dir='ltr'>oravit.</span> <span class='ocrx_word' id='word_1_292' title='bbox 1786 3238 2173 3324; x_wconf 68' lang='lat' dir='ltr'>Exsul-gens</span> <span class='ocrx_word' id='word_1_293' title='bbox 2201 3247 2454 3316; x_wconf 89' lang='lat' dir='ltr'>autem,</span> <span class='ocrx_word' id='word_1_294' title='bbox 2487 3237 2919 3325; x_wconf 76' lang='lat' dir='ltr'>antiphonam.</span> 
     </span>
     <span class='ocr_line' id='line_1_35' title="bbox 423 3322 2922 3413; baseline -0.003 -20"><span class='ocrx_word' id='word_1_295' title='bbox 423 3347 631 3411; x_wconf 88' lang='lat' dir='ltr'>quam</span> <span class='ocrx_word' id='word_1_296' title='bbox 686 3324 1040 3413; x_wconf 91' lang='lat' dir='ltr'>petebant,</span> <span class='ocrx_word' id='word_1_297' title='bbox 1096 3323 1446 3411; x_wconf 88' lang='lat' dir='ltr'>imposuit.</span> <span class='ocrx_word' id='word_1_298' title='bbox 1505 3324 1716 3392; x_wconf 85' lang='lat' dir='ltr'>Verba</span> <span class='ocrx_word' id='word_1_299' title='bbox 1780 3334 2008 3390; x_wconf 87' lang='lat' dir='ltr'>autem</span> <span class='ocrx_word' id='word_1_300' title='bbox 2078 3322 2141 3390; x_wconf 90' lang='lat' dir='ltr'>ei</span> <span class='ocrx_word' id='word_1_301' title='bbox 2189 3345 2268 3391; x_wconf 81' lang='lat' dir='ltr'>ex</span> <span class='ocrx_word' id='word_1_302' title='bbox 2318 3322 2436 3392; x_wconf 87' lang='lat' dir='ltr'>illa</span> <span class='ocrx_word' id='word_1_303' title='bbox 2498 3324 2922 3394; x_wconf 77' lang='lat' dir='ltr'>salomonicae-</span> 
     </span>
     <span class='ocr_line' id='line_1_36' title="bbox 423 3412 2923 3501; baseline -0.003 -19"><span class='ocrx_word' id='word_1_304' title='bbox 423 3415 752 3482; x_wconf 89' lang='lat' dir='ltr'>orationis</span> <span class='ocrx_word' id='word_1_305' title='bbox 802 3413 998 3494; x_wconf 82' lang='lat' dir='ltr'>serie,</span> <span class='ocrx_word' id='word_1_306' title='bbox 1038 3412 1204 3480; x_wconf 89' lang='lat' dir='ltr'>haec</span> <span class='ocrx_word' id='word_1_307' title='bbox 1251 3423 1479 3480; x_wconf 87' lang='lat' dir='ltr'>erant:</span> <span class='ocrx_word' id='word_1_308' title='bbox 1533 3414 1629 3491; x_wconf 76' lang='lat' dir='ltr'>Si,</span> <span class='ocrx_word' id='word_1_309' title='bbox 1686 3413 1914 3480; x_wconf 80' lang='lat' dir='ltr'>clauso</span> <span class='ocrx_word' id='word_1_310' title='bbox 1954 3414 2154 3490; x_wconf 78' lang='lat' dir='ltr'>coela,</span> <span class='ocrx_word' id='word_1_311' title='bbox 2256 3414 2486 3481; x_wconf 77' lang='lat' dir='ltr'>luvz&#39;ae</span> <span class='ocrx_word' id='word_1_312' title='bbox 2539 3437 2668 3482; x_wconf 79' lang='lat' dir='ltr'>non</span> <span class='ocrx_word' id='word_1_313' title='bbox 2715 3412 2923 3501; x_wconf 61' lang='lat' dir='ltr'>suerint</span> 
     </span>
     <span class='ocr_line' id='line_1_37' title="bbox 421 3434 2912 3593; baseline -0 -23"><span class='ocrx_word' id='word_1_314' title='bbox 421 3513 693 3593; x_wconf 77' lang='lat' dir='ltr'>propter</span> <span class='ocrx_word' id='word_1_315' title='bbox 736 3512 1014 3592; x_wconf 79' lang='lat' dir='ltr'>peccata</span> <span class='ocrx_word' id='word_1_316' title='bbox 1048 3502 1308 3592; x_wconf 80' lang='lat' dir='ltr'>populi,</span> <span class='ocrx_word' id='word_1_317' title='bbox 1363 3511 1423 3569; x_wconf 80' lang='lat' dir='ltr'>et</span> <span class='ocrx_word' id='word_1_318' title='bbox 1472 3502 1775 3569; x_wconf 76' lang='lat' dir='ltr'>conversi</span> <span class='ocrx_word' id='word_1_319' title='bbox 1804 3500 2146 3590; x_wconf 80' lang='lat' dir='ltr'>deprecati</span> <span class='ocrx_word' id='word_1_320' title='bbox 2178 3434 2436 3588; x_wconf 43' lang='lat' dir='ltr'>(fierint</span> <span class='ocrx_word' id='word_1_321' title='bbox 2466 3504 2708 3590; x_wconf 78' lang='lat' dir='ltr'>faciem</span> <span class='ocrx_word' id='word_1_322' title='bbox 2747 3513 2912 3569; x_wconf 74' lang='lat' dir='ltr'>tuam,</span> 
     </span>
     <span class='ocr_line' id='line_1_38' title="bbox 426 3590 2916 3680; baseline -0.003 -20"><span class='ocrx_word' id='word_1_323' title='bbox 426 3592 708 3667; x_wconf 76' lang='lat' dir='ltr'>eaeaudi,</span> <span class='ocrx_word' id='word_1_324' title='bbox 746 3593 1041 3667; x_wconf 79' lang='lat' dir='ltr'>Domine,</span> <span class='ocrx_word' id='word_1_325' title='bbox 1078 3600 1139 3658; x_wconf 77' lang='lat' dir='ltr'>et</span> <span class='ocrx_word' id='word_1_326' title='bbox 1188 3590 1446 3658; x_wconf 70' lang='lat' dir='ltr'>dinzz‘tte</span> <span class='ocrx_word' id='word_1_327' title='bbox 1494 3599 1772 3676; x_wconf 81' lang='lat' dir='ltr'>peccata</span> <span class='ocrx_word' id='word_1_328' title='bbox 1811 3590 2054 3678; x_wconf 80' lang='lat' dir='ltr'>populi</span> <span class='ocrx_word' id='word_1_329' title='bbox 2098 3591 2221 3669; x_wconf 74' lang='lat' dir='ltr'>cui,</span> <span class='ocrx_word' id='word_1_330' title='bbox 2267 3600 2330 3658; x_wconf 79' lang='lat' dir='ltr'>et</span> <span class='ocrx_word' id='word_1_331' title='bbox 2368 3591 2460 3658; x_wconf 87' lang='lat' dir='ltr'>da</span> <span class='ocrx_word' id='word_1_332' title='bbox 2493 3594 2792 3680; x_wconf 80' lang='lat' dir='ltr'>pluviam</span> <span class='ocrx_word' id='word_1_333' title='bbox 2818 3598 2916 3655; x_wconf 83' lang='lat' dir='ltr'>ter·</span> 
     </span>
     <span class='ocr_line' id='line_1_39' title="bbox 422 3677 2919 3778; baseline -0.001 -31"><span class='ocrx_word' id='word_1_334' title='bbox 422 3704 566 3758; x_wconf 75' lang='lat' dir='ltr'>rae,</span> <span class='ocrx_word' id='word_1_335' title='bbox 611 3703 814 3771; x_wconf 75' lang='lat' dir='ltr'>quam</span> <span class='ocrx_word' id='word_1_336' title='bbox 846 3679 1090 3747; x_wconf 60' lang='lat' dir='ltr'>dedisci·</span> <span class='ocrx_word' id='word_1_337' title='bbox 1129 3680 1376 3778; x_wconf 78' lang='lat' dir='ltr'>populo</span> <span class='ocrx_word' id='word_1_338' title='bbox 1425 3689 1536 3747; x_wconf 77' lang='lat' dir='ltr'>tuo</span> <span class='ocrx_word' id='word_1_339' title='bbox 1577 3678 1667 3747; x_wconf 80' lang='lat' dir='ltr'>ad</span> <span class='ocrx_word' id='word_1_340' title='bbox 1708 3678 2179 3767; x_wconf 77' lang='lat' dir='ltr'>possidendum</span> <span class='ocrx_word' id='word_1_341' title='bbox 2206 3677 2302 3766; x_wconf 75' lang='lat'>(2.</span> <span class='ocrx_word' id='word_1_342' title='bbox 2352 3683 2582 3748; x_wconf 74' lang='lat' dir='ltr'>Parae.</span> <span class='ocrx_word' id='word_1_343' title='bbox 2635 3680 2719 3768; x_wconf 84' lang='lat' dir='ltr'>v).</span> <span class='ocrx_word' id='word_1_344' title='bbox 2763 3682 2919 3773; x_wconf 74' lang='lat' dir='ltr'>Gum-</span> 
     </span>
     <span class='ocr_line' id='line_1_40' title="bbox 425 3766 2915 3857; baseline -0.005 -19"><span class='ocrx_word' id='word_1_345' title='bbox 425 3791 559 3855; x_wconf 92' lang='lat' dir='ltr'>que</span> <span class='ocrx_word' id='word_1_346' title='bbox 602 3768 889 3857; x_wconf 85' lang='lat' dir='ltr'>psallere</span> <span class='ocrx_word' id='word_1_347' title='bbox 929 3766 1364 3836; x_wconf 81' lang='lat' dir='ltr'>devotissime</span> <span class='ocrx_word' id='word_1_348' title='bbox 1403 3766 1810 3855; x_wconf 88' lang='lat' dir='ltr'>coepissent,</span> <span class='ocrx_word' id='word_1_349' title='bbox 1867 3767 2242 3854; x_wconf 87' lang='lat' dir='ltr'>penetravit</span> <span class='ocrx_word' id='word_1_350' title='bbox 2287 3767 2588 3837; x_wconf 87' lang='lat' dir='ltr'>excelsae</span> <span class='ocrx_word' id='word_1_351' title='bbox 2638 3778 2915 3857; x_wconf 81' lang='lat' dir='ltr'>potentiae</span> 
     </span>
     <span class='ocr_line' id='line_1_41' title="bbox 425 3854 2913 3934; baseline -0.004 -7"><span class='ocrx_word' id='word_1_352' title='bbox 425 3880 628 3927; x_wconf 89' lang='lat' dir='ltr'>aures</span> <span class='ocrx_word' id='word_1_353' title='bbox 661 3856 945 3925; x_wconf 88' lang='lat' dir='ltr'>humilis</span> <span class='ocrx_word' id='word_1_354' title='bbox 992 3855 1207 3925; x_wconf 91' lang='lat' dir='ltr'>oratio</span> <span class='ocrx_word' id='word_1_355' title='bbox 1255 3854 1697 3934; x_wconf 60' lang='lat' dir='ltr'>confessor-iffi</span> <span class='ocrx_word' id='word_1_356' title='bbox 1752 3867 1816 3924; x_wconf 94' lang='lat' dir='ltr'>et</span> <span class='ocrx_word' id='word_1_357' title='bbox 1854 3876 2009 3924; x_wconf 91' lang='lat' dir='ltr'>ecce</span> <span class='ocrx_word' id='word_1_358' title='bbox 2042 3857 2605 3926; x_wconf 90' lang='lat' dir='ltr'>contenebratum</span> <span class='ocrx_word' id='word_1_359' title='bbox 2662 3867 2753 3924; x_wconf 89' lang='lat' dir='ltr'>est</span> <span class='ocrx_word' id='word_1_360' title='bbox 2798 3870 2913 3921; x_wconf 84' lang='lat' dir='ltr'>coe·</span> 
     </span>
     <span class='ocr_line' id='line_1_42' title="bbox 433 3942 2914 4033; baseline -0.002 -19"><span class='ocrx_word' id='word_1_361' title='bbox 433 3946 601 4026; x_wconf 88' lang='lat' dir='ltr'>lum,</span> <span class='ocrx_word' id='word_1_362' title='bbox 657 3969 736 4015; x_wconf 91' lang='lat' dir='ltr'>ac</span> <span class='ocrx_word' id='word_1_363' title='bbox 770 3944 1074 4013; x_wconf 89' lang='lat' dir='ltr'>nubibus</span> <span class='ocrx_word' id='word_1_364' title='bbox 1122 3944 1507 4025; x_wconf 89' lang='lat' dir='ltr'>obtectum;</span> <span class='ocrx_word' id='word_1_365' title='bbox 1544 3956 1608 4013; x_wconf 92' lang='lat' dir='ltr'>et</span> <span class='ocrx_word' id='word_1_366' title='bbox 1672 3943 2075 4033; x_wconf 89' lang='lat' dir='ltr'>priusquam</span> <span class='ocrx_word' id='word_1_367' title='bbox 2131 3957 2392 4031; x_wconf 89' lang='lat' dir='ltr'>portam</span> <span class='ocrx_word' id='word_1_368' title='bbox 2444 3945 2637 4014; x_wconf 89' lang='lat' dir='ltr'>urbis</span> <span class='ocrx_word' id='word_1_369' title='bbox 2680 3942 2914 4028; x_wconf 80' lang='lat' dir='ltr'>attinge-</span> 
     </span>
     <span class='ocr_line' id='line_1_43' title="bbox 428 4032 2911 4123; baseline -0.001 -21"><span class='ocrx_word' id='word_1_370' title='bbox 428 4046 599 4116; x_wconf 91' lang='lat' dir='ltr'>rent,</span> <span class='ocrx_word' id='word_1_371' title='bbox 653 4033 1007 4103; x_wconf 89' lang='lat' dir='ltr'>descendit</span> <span class='ocrx_word' id='word_1_372' title='bbox 1056 4032 1285 4123; x_wconf 89' lang='lat' dir='ltr'>pluvia</span> <span class='ocrx_word' id='word_1_373' title='bbox 1321 4033 1685 4102; x_wconf 89' lang='lat' dir='ltr'>vehemens</span> <span class='ocrx_word' id='word_1_374' title='bbox 1724 4053 1934 4121; x_wconf 90' lang='lat' dir='ltr'>super</span> <span class='ocrx_word' id='word_1_375' title='bbox 1984 4032 2376 4102; x_wconf 86' lang='lat' dir='ltr'>universam</span> <span class='ocrx_word' id='word_1_376' title='bbox 2427 4045 2697 4113; x_wconf 88' lang='lat' dir='ltr'>terram,</span> <span class='ocrx_word' id='word_1_377' title='bbox 2746 4032 2821 4100; x_wconf 89' lang='lat' dir='ltr'>ita</span> <span class='ocrx_word' id='word_1_378' title='bbox 2858 4036 2911 4093; x_wconf 75' lang='lat' dir='ltr'>ul</span> 
     </span>
     <span class='ocr_line' id='line_1_44' title="bbox 431 4118 2908 4209; baseline -0.005 -17"><span class='ocrx_word' id='word_1_379' title='bbox 431 4146 672 4192; x_wconf 90' lang='lat' dir='ltr'>omnes</span> <span class='ocrx_word' id='word_1_380' title='bbox 722 4122 1158 4202; x_wconf 87' lang='lat' dir='ltr'>mirarentur,</span> <span class='ocrx_word' id='word_1_381' title='bbox 1212 4144 1292 4191; x_wconf 91' lang='lat' dir='ltr'>ac</span> <span class='ocrx_word' id='word_1_382' title='bbox 1342 4121 1670 4205; x_wconf 89' lang='lat' dir='ltr'>dicerent,</span> <span class='ocrx_word' id='word_1_383' title='bbox 1723 4122 1807 4190; x_wconf 89' lang='lat' dir='ltr'>ad</span> <span class='ocrx_word' id='word_1_384' title='bbox 1864 4141 2097 4209; x_wconf 87' lang='lat' dir='ltr'>preces</span> <span class='ocrx_word' id='word_1_385' title='bbox 2145 4119 2326 4190; x_wconf 90' lang='lat' dir='ltr'>beati</span> <span class='ocrx_word' id='word_1_386' title='bbox 2391 4122 2528 4191; x_wconf 89' lang='lat' dir='ltr'>Viri</span> <span class='ocrx_word' id='word_1_387' title='bbox 2583 4123 2703 4192; x_wconf 90' lang='lat' dir='ltr'>hoc</span> <span class='ocrx_word' id='word_1_388' title='bbox 2744 4118 2908 4189; x_wconf 74' lang='lat' dir='ltr'>fuisse</span> 
     </span>
     <span class='ocr_line' id='line_1_45' title="bbox 434 4209 884 4300; baseline 0 -22"><span class='ocrx_word' id='word_1_389' title='bbox 434 4209 786 4300; x_wconf 83' lang='lat' dir='ltr'>largitum.</span> <span class='ocrx_word' id='word_1_390' title='bbox 880 4248 884 4252; x_wconf 94' lang='lat'>·</span> 
     </span>
    </p>

    <p class='ocr_par' dir='ltr' id='par_1_5' title="bbox 516 4297 2901 4389">
     <span class='ocr_line' id='line_1_46' title="bbox 516 4297 2901 4389; baseline -0.001 -20"><span class='ocrx_word' id='word_1_391' title='bbox 516 4302 553 4383; x_wconf 66' lang='grc' dir='ltr'>ἓ</span> <span class='ocrx_word' id='word_1_392' title='bbox 602 4304 693 4369; x_wconf 75' lang='grc'>6.</span> <span class='ocrx_word' id='word_1_393' title='bbox 740 4298 977 4366; x_wconf 90' lang='lat' dir='ltr'>Senuit</span> <span class='ocrx_word' id='word_1_394' title='bbox 1022 4312 1251 4368; x_wconf 91' lang='lat' dir='ltr'>autem</span> <span class='ocrx_word' id='word_1_395' title='bbox 1304 4298 1632 4369; x_wconf 90' lang='lat' dir='ltr'>Sacerdos</span> <span class='ocrx_word' id='word_1_396' title='bbox 1675 4299 1814 4381; x_wconf 88' lang='lat' dir='ltr'>Dei,</span> <span class='ocrx_word' id='word_1_397' title='bbox 1846 4309 1910 4367; x_wconf 90' lang='lat' dir='ltr'>et</span> <span class='ocrx_word' id='word_1_398' title='bbox 1957 4297 2301 4367; x_wconf 87' lang='lat' dir='ltr'>intantum</span> <span class='ocrx_word' id='word_1_399' title='bbox 2354 4311 2568 4371; x_wconf 85' lang='lat' dir='ltr'>aetate</span> <span class='ocrx_word' id='word_1_400' title='bbox 2615 4304 2901 4389; x_wconf 71' lang='lat' dir='ltr'>provectus</span> 
     </span>
    </p>
   </div>
   <div class='ocr_carea' id='block_1_3' title="bbox 485 4421 1461 4473">
    <p class='ocr_par' dir='ltr' id='par_1_6' title="bbox 485 4421 1461 4473">
     <span class='ocr_line' id='line_1_47' title="bbox 485 4421 1461 4473; baseline 0.007 -13"><span class='ocrx_word' id='word_1_401' title='bbox 485 4423 510 4448; x_wconf 76' lang='lat'>’⁸¹</span> <span class='ocrx_word' id='word_1_402' title='bbox 540 4421 690 4461; x_wconf 79' lang='lat' dir='ltr'>Hodie</span> <span class='ocrx_word' id='word_1_403' title='bbox 718 4422 859 4471; x_wconf 78' lang='lat' dir='ltr'>vulgo</span> <span class='ocrx_word' id='word_1_404' title='bbox 888 4422 1154 4473; x_wconf 65' lang='lat' dir='ltr'>appellatur</span> <span class='ocrx_word' id='word_1_405' title='bbox 1182 4427 1461 4467; x_wconf 77' lang='lat' dir='ltr'>Combronde.</span> 
     </span>
    </p>
   </div>
   <div class='ocr_carea' id='block_1_4' title="bbox 2959 251 2965 1095">
    <p class='ocr_par' dir='ltr' id='par_1_7' title="bbox 2959 251 2965 1095">
     <span class='ocr_line' id='line_1_48' title="bbox 2959 251 2965 1095; baseline 0 0"><span class='ocrx_word' id='word_1_406' title='bbox 2959 251 2965 1095; x_wconf 95' lang='lat' dir='ltr'> </span> 
     </span>
    </p>
   </div>
  </div>
 </body>
</html>
