2993 4837
86 4021 103 4138 ῑ

86 4201 133 4398 g.

222 283 333 357 tot.
372 288 404 351 t
1110 309 1310 360 sssano
1352 311 1431 357 ns
1476 309 1756 358 olamans
1801 308 2059 358 sancus
2679 293 2761 357 ⁴5

216 390 417 469 mium
484 393 719 483 petit
758 448 781 474 ‚
856 407 947 465 et
1000 394 1342 465 benefacit
1388 394 1842 464 laedentibus.
1881 400 2012 466 Nec
2061 393 2336 483 plenam
2402 395 2597 466 ‘actet
2643 395 2851 466 victo-

180 479 354 562 flhm,
396 482 841 570 quisquis
886 484 1051 554 huc
1098 482 1402 554 fortassis
1435 482 1765 563 ascendit,
1803 505 1962 553 cum
2013 483 2100 553 sit
2137 483 2329 553 omni
2404 486 2846 585 acl-ymarum

160 560 345 672 'bute
371 570 1021 662 plangendum,
1075 571 1257 660 quod
1303 572 1568 642 tamdiu
1601 571 1743 641 luto
1773 584 1840 641 et
1879 570 2073 641 lateri
2103 575 2235 643 sub
2280 572 2659 644 Pharaonis
2707 594 2850 643 ser-

208 680 518 731 *terimus
560 674 1038 748 potestate:
1091 674 1157 731 et
1200 660 1353 732 ideo
1397 662 1596 731 Beati
1638 662 1761 752 qui
1807 664 2061 751 luqent.
2116 665 2372 731 Luctus
2419 673 2650 732 autem
2691 684 2850 731 san-

211 760 445 820 ctorum
503 771 689 821 nou
755 763 896 821 est.
946 750 1042 820 de
1088 749 1550 819 diminutione
1582 770 1838 829 rerum,
1893 748 1978 819 de
2009 770 2375 838 corporum
2411 750 2840 832 infirmitate,

213 837 702 909 deferor-,itate
762 838 1241 910 sublimioris
1287 838 1683 928 potestatis:
1738 835 1977 926 lugent
2021 837 2206 907 enim
2244 851 2520 928 peccata
2552 839 2654 908 vel
2689 861 2849 930 pro-

216 928 368 1030 pria,
414 927 543 997 vel
601 928 922 1006 aliena,
982 929 1260 998 ruinam
1311 926 1584 1006 mundi,
1631 926 2117 997 detrimentum
2155 926 2337 1008 fidei,
2375 942 2846 1018 contemptum

213 1017 539 1108 justitiae,
584 1015 1608 1102 abundantiaminiquitatiS,
1659 1013 2058 1085 dilationem
2096 1016 2339 1106 Regni.
2376 1022 2509 1088 Nec
2540 1018 2653 1087 hic
2685 1040 2846 1088 con·

226 1105 760 1176 summationis
818 1104 1181 1175 terminus
1227 1104 1714 1205 imponendus,
1754 1126 1915 1174 cum
1964 1102 2265 1194 perfecta
2304 1104 2422 1192 jus
2459 1106 2471 1118 ‘
2507 1107 2572 1175 ia
2606 1107 2696 1176 sit
2743 1106 2852 1175 di-

226 1193 432 1285 ligere
480 1194 980 1286 proximum,
1036 1194 1216 1264 sicut
1255 1214 1588 1283 seipsum,
1646 1204 1712 1262 et
1756 1193 1906 1282 ejus
1953 1214 2274 1264 excessus
2321 1193 2420 1264 lib
2499 1218 2537 1264 a
2585 1195 2848 1287 discre-

236 1284 452 1366 tione,
507 1294 589 1353 et
642 1282 989 1353 discreta
1049 1281 1485 1372 redarguere,
1526 1281 1856 1352 libertate.
1918 1282 2049 1365 Qui
2097 1281 2282 1350 enim
2335 1304 2457 1371 pro
2509 1305 2841 1374 persona,

240 1394 445 1460 quam
498 1371 761 1462 gerit,
815 1392 969 1440 non
1022 1370 1276 1441 resistit
1322 1372 1790 1461 peccantibus,
1842 1369 1928 1441 de
1975 1393 2102 1442 suo
2149 1392 2225 1441 se
2262 1372 2524 1441 noverit
2571 1371 2847 1442 silentio

244 1483 390 1532 esse
436 1459 1006 1531 damnandum.
1060 1461 1289 1530 Esurit
1333 1481 1408 1528 er
1456 1480 1499 1529 o
1546 1472 1611 1529 et
1675 1460 1819 1530 sitit
1867 1460 2211 1549 justitiam
2248 1513 2265 1533 .
2338 1459 2461 1547 qui
2522 1460 2683 1531 vitia
2731 1460 2849 1530 de-

253 1550 484 1632 struit,
536 1549 923 1631 construit
970 1548 1280 1629 virtuteS,
1327 1569 1402 1618 so
1458 1549 1602 1619 rius
1649 1548 1806 1628 sibi,
1834 1549 2068 1638 justus
2118 1547 2452 1638 proximo,
2492 1550 2651 1639 pius
2683 1553 2844 1619 Deo.

248 1639 471 1727 cujus
519 1638 869 1708 animam
906 1637 1048 1707 urit
1073 1635 1260 1707 zelus
1290 1636 1543 1723 domus
1585 1637 1697 1705 Dei
1733 1661 1748 1704 :
1799 1637 1920 1724 qui
1967 1650 2196 1707 cantat
2234 1658 2394 1706 cum
2427 1639 2664 1727 justo:
2719 1644 2844 1707 Ta·

250 1729 519 1798 baem-e
566 1750 683 1797 me
720 1729 910 1815 fecit
958 1729 1148 1796 zelus
1196 1737 1373 1806 tum,
1425 1727 1590 1816 quia
1621 1728 1813 1795 obliti
1854 1737 2009 1795 sunt
2038 1728 2240 1795 verba
2268 1736 2389 1796 tua
2425 1728 2690 1797 inimici
2715 1729 2852 1796 mei

284 1821 391 1886 Ps.
452 1821 654 1899 4⁴8).

247 1818 280 1905 (
343 1907 385 1992 ξ
428 1910 526 1986 4.
584 1903 727 1975 Sed
764 1903 938 1990 quia
974 1902 1355 1973 secundum
1393 1923 1624 1972 vocem
1665 1902 1990 1981 Oratoris,
2034 1902 2440 1991 plerumque
2488 1925 2843 1975 summum

249 1992 399 2080 jus,
437 2014 741 2064 summa
780 1991 1051 2061 malitia
1084 2005 1204 2070 est,
1239 2006 1305 2060 et
1344 1990 1856 2060 inconsiderata
1870 1990 2141 2081 justitia
2177 1993 2656 2083 praecipitium
2694 2015 2845 2082 par·

260 2082 458 2163 mrit,
513 2081 684 2151 ideo
736 2080 1110 2168 sequitur:
1160 2082 1358 2149 Beati
1398 2080 1878 2149 misericordes.
1933 2079 2396 2149 Misericordia
2430 2094 2530 2152 est
2578 2082 2845 2169 specio-

276 2171 1153 2243 mhumanaenaturae
1182 2180 1691 2249 ornamentum,
1728 2168 1930 2257 cujus
1958 2189 2201 2256 expers
2237 2168 2413 2237 male
2451 2169 2839 2259 degenerat,

284 2256 742 2330 ethominem
797 2256 1155 2327 diffitetur.
1207 2262 1321 2327 Est
1375 2270 1603 2328 autem
1656 2278 1811 2326 vera
1854 2256 2347 2337 misericordia,
2387 2279 2546 2326 cum
2598 2278 2845 2346 super-

292 2344 622 2417 exaltatur
669 2346 1160 2417 misericordia
1197 2345 1488 2437 judici0,
1527 2368 1686 2415 cum
1722 2345 1821 2415 vel
1856 2344 2170 2436 largitate
2210 2345 2633 2415 substantiae
2664 2400 2679 2427 ,
2735 2346 2838 2416 vel

296 2434 485 2505 hona
522 2437 883 2508 voluntate
915 2491 930 2517 ,
993 2436 1094 2505 vel
1141 2435 1455 2507 doctrina
1516 2435 1748 2515 verbi,
1810 2434 1911 2504 vel
1960 2433 2269 2525 exemplo
2312 2435 2494 2515 sacti,
2550 2436 2843 2526 proximi

292 2544 551 2613 carpus
590 2539 655 2595 et
700 2525 1018 2596 animam
1074 2524 1476 2594 refovemus.
1518 2528 1683 2594 Cum
1720 2537 1948 2593 autem
1989 2524 2135 2612 jam
2167 2546 2211 2592 ¹a
2248 2524 2555 2594 claritate
2596 2525 2664 2593 in
2705 2525 2846 2594 cla-

282 2613 573 2681 ritatem
615 2613 713 2683 sic
773 2614 1211 2703 coeperimus
1275 2612 1678 2691 ambulare,
1730 2636 1769 2682 a
1817 2611 2124 2682 claritate
2189 2613 2418 2682 cordis
2480 2615 2693 2683 nostri
2756 2614 2840 2684 ad

278 2699 825 2778 clarificandum
881 2724 1000 2772 cor
1048 2701 1363 2790 proximi,
1418 2700 1806 2770 mundandi
1856 2722 2104 2771 sumus
2151 2701 2237 2777 ab
2275 2702 2467 2771 omni
2517 2703 2843 2790 inquina-

280 2801 539 2858 mento
584 2791 810 2860 carnis
859 2801 925 2859 et
971 2791 1281 2891 spiritus,
1320 2790 1406 2859 ab
1444 2790 1634 2858 omni
1670 2790 1880 2879 hujus
1912 2789 2154 2859 mundi
2194 2790 2317 2860 ads
2371 2790 2639 2860 ersione
2672 2813 2843 2879 pure

288 2899 665 2966 presseque
711 2879 1075 2969 tergendi,
1129 2879 1307 2950 sicut
1354 2878 1844 2969 subjungitur:
1896 2880 2095 2948 Beati
2126 2901 2286 2948 mun
2405 2882 2620 2949 corde.
2675 2880 2844 2961 Quis

295 2964 705 3064 gloriabitur
760 2979 1033 3038 castum
1091 2989 1162 3038 se
1210 2967 1461 3037 habere
1508 2969 1673 3036 cor‘?
1720 2972 2010 3036 Pravum
2061 2980 2162 3037 est
2199 2989 2316 3037 cor
2370 2967 2675 3038 hominis
2705 3021 2721 3048 ‚
2775 2981 2844 3038 et

290 3057 771 3128 mscmtabile.
826 3057 997 3138 Quis
1044 3069 1408 3147 cognoscet
1455 3055 1686 3126 illud?
1736 3054 2019 3125 Difficile
2067 3067 2170 3125 cst
2222 3054 2393 3127 illud
2455 3056 2837 3140 mundare,

281 3163 452 3212 cum
495 3145 562 3214 in
612 3145 769 3216 suis
823 3145 1081 3216 abditis
1127 3146 1555 3225 delitescens,
1615 3145 2021 3215 irruentium
2071 3145 2356 3235 recipiat
2401 3146 2683 3236 agmina
2730 3168 2840 3215 co·

282 3231 735 3320 gitationum,
794 3232 1181 3335 plurimum
1227 3235 1431 3304 etiam
1484 3233 1938 3303 renitentibus
1986 3232 2209 3315 nobis,
2248 3234 2366 3303 sed
2403 3255 2839 3322 nequaquam

284 3319 516 3389 obniti
562 3323 976 3393 valentibus.
1034 3322 1156 3392 Ille
1210 3322 1421 3412 igitur
1478 3322 1815 3391 mundum
1867 3343 1986 3392 cor
2033 3322 2259 3404 habet,
2302 3325 2421 3409 qui
2479 3324 2845 3410 utriusque

283 3406 606 3507 bominis
656 3413 961 3482 motibus
1010 3411 1379 3502 mitigatis,
1432 3411 1787 3501 passiones
1852 3432 1990 3480 non
2041 3410 2244 3482 modo
2301 3411 2665 3502 reprimit,
2721 3410 2841 3481 sed

282 3512 593 3586 tgnorat,
632 3498 934 3569 naturali
981 3521 1195 3569 cursu
1227 3500 1564 3570 bonorum
1615 3521 1899 3590 operum
1934 3500 2428 3582 communitus,
2467 3498 2846 3571 crucifixus

290 3587 591 3667 mundo:
641 3601 709 3659 et
751 3589 864 3658 cui
916 3587 1292 3659 crucifixus
1337 3600 1437 3658 est
1487 3589 1814 3659 mundus.
1868 3588 2074 3659 Pauci
2122 3602 2391 3671 autem,
2460 3588 2719 3675 quibus
2767 3610 2840 3659 se

288 3671 628 3745 infuderit
678 3690 906 3747 tantae
966 3678 1227 3768 gratiae
1277 3677 1654 3768 plenitudo.
1708 3678 2142 3764 Quicumque
2188 3689 2413 3747 autem
2472 3676 2578 3746 illi
2626 3688 2839 3758 sunt,

282 3760 441 3849 jam
491 3776 651 3834 sunt
697 3787 913 3866 prope
945 3765 1247 3856 palmam
1281 3773 1362 3838 su
1414 3788 1621 3836 ernae
1653 3766 2049 3846 vocationi3‚
2104 3766 2184 3840 si,
2214 3787 2401 3857 pace,
2439 3788 2576 3853 qua
2611 3764 2844 3836 refecti

298 3864 503 3933 sunt,
558 3855 924 3942 pacificare
972 3856 1293 3925 studeant
1391 3854 1751 3924 issidentes
1785 3909 1800 3934 ‚
1850 3866 1918 3924 et
1963 3854 2191 3924 dicere
2247 3876 2405 3924 cum
2459 3855 2837 3945 Propheta:

299 3941 471 4037 pum
505 3943 609 4012 lnzs
638 3947 762 4034 qui
790 3945 1074 4014 oderunt
1153 3965 1360 4023 acem,
1401 3966 1588 4013 eram
1614 3945 1935 4034 pacificus
1963 3943 2100 4032 (Ps.
2161 3945 2336 4032 1⁴9).
2384 3943 2650 4014 Idcirco
2682 3946 2846 4015 sub-

292 4028 625 4101 mfertur:
668 4034 873 4103 Beati
961 3967 1224 4121 acis-{st
1277 4052 1410 4102 non
1462 4031 1685 4101 solum
1742 4031 1986 4121 pacati,
2026 4032 2144 4101 sed
2182 4032 2472 4121 pacifici,
2515 4033 2844 4103 facientes

389 4141 563 4203 cem,
616 4143 875 4192 concor
931 4120 1036 4189 iae
1081 4120 1344 4190 semina
1376 4121 1817 4217 seminaptes.
1859 4119 1982 4190 Sed
2022 4120 2185 4207 quia
2221 4121 2499 4210 saepius
2528 4122 2629 4191 vel
2665 4120 2843 4190 adu-

192 4215 221 4292 “,
362 4209 543 4280 tione
571 4211 992 4300 potentium,
1034 4208 1131 4277 vel
1180 4231 1414 4280 amore
1463 4208 1973 4299 temporalium,
2017 4208 2359 4298 justitiam
2400 4223 2521 4279 aut
2551 4208 2843 4277 dimitti-

206 4317 229 4358 ι
292 4313 468 4380 mus,
502 4314 624 4370 aut
658 4322 800 4370 non
840 4296 1279 4368 defendimus
1310 4298 1698 4380 dimissam,
1736 4298 2107 4368 ad’metam
2141 4318 2390 4367 cursus
2424 4294 2844 4387 porrigenda

204 4371 237 4456 ἰ
280 4400 376 4462 est
428 4389 754 4473 dextera,
832 4401 913 4458 ut
970 4408 1092 4477 pro
1129 4387 1399 4476 justitia
1447 4409 1582 4459 non
1635 4385 1864 4458 solum
1913 4398 2169 4468 nostra,
2223 4386 2338 4456 sed
2394 4399 2460 4455 et
2503 4381 2788 4452 alterius
2819 4435 2837 4463 ,

214 4487 233 4516 Ι
2027 4506 2033 4510 .

212 4611 243 4646 ι·

202 4655 245 4730 ii
