2993 4837
504 259 630 322 340
1046 273 1124 319 nn
1173 274 1226 321 s.
1282 273 1717 320 wirttnnonno
1766 275 1862 320 ΕΡ.
1916 271 2326 319 musonium
2680 252 2834 317 Not.
2877 255 2907 315 7

416 359 917 428 studiosissime
948 358 1049 425 vir
1082 358 1195 426 Dei
1245 380 1364 446 per
1404 357 1551 428 loca
1585 357 1860 448 singula
1897 355 2373 437 discurrendO,
2413 368 2714 445 optatum
2741 377 2914 424 evan·

416 446 753 536 gelizandi
802 468 977 533 opus
1001 448 1435 527 exercuisset,
1470 461 1535 515 et
1582 449 1848 516 semina
1897 447 2092 525 vitae,
2129 467 2471 535 supernae
2519 444 2765 534 gratiae
2792 465 2914 512 rore

416 535 788 625 irrigante,
862 536 1063 625 longe
1136 536 1399 622 lateque
1448 536 1517 603 in
1569 536 1754 624 agris
1827 534 2201 604 multorum
2265 533 2581 602 cordium
2654 533 2732 601 ad
2792 534 2915 621 ejus

418 624 990 729 prajicationem
1046 623 1541 712 pullulassent,
1593 624 2037 713 congaudens
2095 622 2487 710 praedictus
2545 626 2912 690 Francorum

418 717 559 781 Dux
607 713 756 798 ejus
788 713 1258 782 sanctissimae
1306 714 1671 792 devotioni,
1727 726 1792 781 et
1842 713 2026 781 verbi
2077 712 2191 779 Dei
2238 711 2665 781 clarissimae
2716 709 2909 779 multi-

423 800 799 889 plicationi,
857 802 1135 890 majoris
1187 804 1528 891 profectus
1574 802 1957 881 occasione,
2018 799 2341 889 prudenti
2402 800 2742 889 cogitabat
2784 821 2913 867 con·

414 889 568 958 silio
615 911 770 960 eum
824 894 1105 958 Romam
1144 891 1438 977 mittere,
1477 902 1555 958 ut
1601 913 1640 959 a
1677 891 1958 959 Domino
2005 888 2388 978 Apostolico
2439 890 2674 977 Sergio
2699 890 2752 969 ⁴,
2800 890 2914 956 viro

415 979 871 1058 sanctissimo,
927 991 1087 1046 tunc
1138 980 1486 1068 temporis,
1536 980 1601 1046 in
1655 980 1911 1048 summi
1961 977 2323 1047 sacerdotii
2388 977 2715 1046 honorem
2763 975 2914 1045 ordi·
2963 1008 2964 1013 1

418 1080 742 1135 naretur:
795 1079 1134 1154 quatenus
1183 1067 1564 1156 Apostolica
1613 1068 2086 1138 benedictione
2136 1079 2200 1134 et
2238 1067 2556 1154 Jussione
2614 1077 2914 1153 suscepta,
2963 1066 2964 1073 ’

418 1156 657 1245 majori
698 1155 783 1224 ab
831 1177 911 1223 eo
961 1157 1215 1225 missus
1264 1155 1518 1225 fiducia
1570 1156 1948 1237 roboratuS,
1994 1156 2062 1223 in
2115 1177 2288 1245 opus
2337 1154 2685 1242 Evangelii
2735 1175 2918 1222 rever·

415 1256 688 1323 teretur,
747 1244 929 1312 ‘uxta
959 1244 1420 1330 Apostolicum
1465 1244 1680 1313 illud:
1727 1245 2055 1328 Quomodo
2082 1245 2594 1334 praedicabunt,
2641 1244 2766 1311 nisi
2795 1244 2916 1310 mit-

415 1334 692 1401 tantur?
721 1265 935 1421 (lRom.
972 1332 1062 1420 x).
1115 1332 1305 1414 Quod
1355 1355 1515 1402 curn
1567 1335 1709 1402 viro
1740 1335 1852 1402 Dei
1903 1333 2313 1423 persuadere
2363 1346 2674 1412 tentaret,
2727 1331 2914 1399 renuit

415 1421 739 1508 primum,
797 1443 920 1489 nec
952 1442 1023 1489 se
1058 1435 1281 1490 tantae
1310 1422 1736 1491 auctoritatis
1783 1422 2042 1491 honore
2070 1421 2360 1511 dignum
2399 1443 2550 1489 esse
2597 1419 2913 1490 referebat.

411 1510 979 1596 Enumeratisque
1025 1509 1445 1599 Apostolicae
1498 1512 1870 1581 sanctionis
1937 1511 2349 1600 praeceptis,
2404 1509 2610 1599 longe
2660 1531 2726 1579 se
2776 1508 2916 1577 inse·

414 1597 657 1666 riorem
715 1598 873 1667 huic
923 1598 1247 1669 virtutum
1300 1598 1608 1689 catalogo
1651 1600 2017 1677 asserebat,
2072 1621 2276 1685 quem
2335 1600 2659 1689 egregius
2710 1596 2918 1667 mundi

416 1687 862 1774 praedicator,
904 1686 1121 1756 filium
1174 1709 1376 1758 suum
1429 1688 1855 1758 Timotheum
1922 1688 2271 1766 erudienS,
2326 1702 2639 1777 oportere
2679 1687 2912 1775 Episco-

414 1797 574 1862 pum
630 1775 878 1845 habere
924 1777 1214 1846 censuit.
1271 1783 1411 1846 Dux
1461 1798 1615 1846 vero
1662 1791 1900 1847 contra
1950 1777 2264 1867 religiose
2309 1776 2553 1857 suasit,
2607 1775 2784 1863 quod
2839 1774 2912 1843 vir

416 1864 528 1931 Dei
579 1864 962 1933 verecunde
1013 1866 1303 1955 negavit.

497 1954 533 2038 ξ
579 1957 655 2024 ’1.
710 1953 1006 2021 Tandem
1059 1955 1371 2023 omnium
1424 1954 1876 2023 unanimitate
1918 1955 2162 2035 victuS,
2198 1966 2263 2023 et
2306 1952 2520 2041 (quod
2568 1955 2788 2041 maJus
2817 1951 2912 2037 est)

420 2042 528 2109 Dei
577 2041 1089 2131 dispensatione
1135 2056 1449 2123 coactus,
1504 2044 1898 2122 consensit,
1951 2044 2171 2133 magis
2222 2042 2452 2111 volens
2491 2041 2911 2131 plurimorum

413 2130 768 2199 humiliter
814 2131 1091 2200 obedire
1145 2131 1478 2209 consili0,
1546 2153 1752 2217 quam
1823 2154 2021 2201 suam
2097 2132 2528 2219 pertinaciter
2596 2130 2914 2199 defendere

413 2218 850 2288 voluntatem.
906 2225 982 2288 Et
1030 2220 1127 2289 sic
1176 2242 1333 2289 cum
1386 2220 1764 2288 honorifica
1818 2220 2152 2307 legatione
2199 2235 2262 2287 et
2313 2220 2721 2289 muneribus
2752 2274 2766 2299 ,
2822 2239 2914 2286 au·

412 2308 700 2377 ctoritati
730 2308 1150 2396 Apostolicae
1176 2307 1563 2397 condignis,
1599 2314 1880 2377 Romam
1911 2309 2211 2378 directus
2233 2322 2354 2377 est.
2392 2308 2517 2377 Sed
2545 2308 2656 2376 die
2685 2320 2908 2394 quarta.

412 2399 813 2485 priusquam
871 2396 984 2467 illo
1035 2398 1311 2478 veniret,
1370 2397 1810 2468 beatissimus
1857 2396 2309 2487 ApostolicuS,
2367 2396 2688 2487 Angelica
2741 2398 2800 2466 in
2838 2415 2913 2464 so·

414 2487 593 2554 mnis
645 2488 1083 2574 responsione
1132 2487 1529 2556 admonitus
1575 2499 1725 2568 est,
1792 2501 1866 2556 ut
1913 2509 2070 2556 cum
2125 2487 2320 2556 illum
2374 2509 2652 2555 summo
2700 2487 2910 2555 honore

410 2574 808 2662 susciperet,
862 2588 926 2643 et
971 2575 1152 2662 quod
1208 2575 1581 2644 multarum
1633 2576 2024 2645 animarum
2076 2589 2252 2646 esset
2303 2574 2729 2644 illuminator
2764 2573 2911 2642 sutu-

415 2684 552 2740 rus,
610 2686 647 2730 a
702 2668 965 2749 Deoque
1003 2664 1283 2745 electuS,
1330 2678 1393 2733 et
1439 2664 1521 2733 ad
1571 2664 1699 2732 hoc
1750 2666 2067 2745 venisset,
2108 2677 2182 2733 ut
2216 2663 2471 2734 summi
2510 2665 2598 2732 ab
2627 2686 2704 2732 eo
2734 2683 2912 2731 sacer-

411 2748 578 2848 dotii
620 2750 945 2820 honorem
1000 2754 1412 2842 susciperet,
1461 2752 1774 2840 nihilque
1820 2753 1881 2821 ei
1925 2752 2320 2842 negandum
2371 2774 2562 2832 esse,
2621 2746 2908 2839 quicquid

414 2849 708 2926 petisset.
764 2845 907 2922 Qua
942 2840 1160 2911 factus
1209 2841 1636 2931 Apostolicus
1684 2841 2152 2910 admonitione
2191 2854 2442 2919 certus,
2484 2863 2647 2910 cum
2703 2857 2909 2926 magno

458 2926 664 2996 audio
711 2943 776 3000 et
809 2950 1082 3003 summo
1114 2953 1271 2999 eum
1317 2930 1620 3018 suscepit
1663 2930 1964 3010 honore;
2016 2942 2080 2998 et
2128 2943 2201 2999 ut
2252 2931 2319 2997 in
2370 2951 2449 2998 eo
2484 2929 2646 2998 fidei
2682 2925 2911 3024 agnovit

437 3036 736 3085 ervorem
773 3072 787 3096 ,
856 3017 1207 3108 religionis
1256 3018 1726 3099 devotionem,
1793 3019 2169 3109 sapientiae
2227 3018 2775 3107 plenitudinem,
2833 3014 2912 3082 die

409 3107 817 3194 competenti
862 3107 1116 3197 populo
1172 3107 1598 3188 adveniente,
1657 3108 2006 3176 advocatis
2054 3107 2563 3177 venerabilibus
2606 3107 2691 3176 ad
2742 3105 2912 3196 sociess

410 3205 614 3261 tatem
673 3195 1035 3264 ministerii
1096 3196 1568 3265 sacerdotibus
1601 3251 1616 3276 ,
1679 3194 1954 3286 publice
2004 3197 2069 3264 in
2131 3195 2420 3265 ecclesia
2460 3196 2531 3230 *⁴*
2579 3194 2912 3265 beatissinu

410 3283 583 3350 Petri
622 3283 957 3372 principis
1003 3284 1477 3372 Apostolorum
1531 3306 1690 3353 cum
1746 3306 1994 3374 magna
2043 3284 2376 3374 dignitate
2437 3307 2627 3354 more
2676 3290 2908 3375 Aposto-

411 3369 538 3439 lico
586 3392 745 3440 eum
787 3372 1129 3442 ordinavit
1162 3374 1793 3463 Archiepiscopum,
1847 3396 1926 3442 ac
1975 3374 2290 3442 ordinato
2343 3395 2592 3443 nomen
2633 3374 2910 3462 imposuit

410 3462 723 3536 Clemens,
783 3463 1341 3549 vestimentisque
1376 3463 1524 3532 suis
1558 3462 2099 3531 sacerdotalibus
2141 3461 2368 3531 induit
2400 3483 2589 3534 eum,
2628 3475 2692 3531 et
2724 3469 2909 3530 sancto

408 3549 603 3632 quasi
657 3550 1212 3639 superhumerali
1259 3556 1502 3629 Aaron,
1548 3549 1757 3640 pallio
1791 3549 2148 3640 dignitatis
2181 3562 2246 3619 et
2282 3549 2674 3620 indumenti
2706 3545 2910 3642 confit·-

408 3637 614 3705 mavit
686 3638 951 3730 gloria:
1005 3652 1070 3708 et
1115 3639 1444 3726 quicquid
1501 3638 1713 3708 voluit
1781 3640 1880 3708 vel
1960 3640 2189 3728 petiit,
2246 3652 2366 3707 aut
2428 3640 2497 3708 in
2561 3638 2906 3729 patrociniis

406 3740 796 3795 sanctorum
829 3780 846 3805 ,
905 3742 1023 3797 aut
1074 3729 1139 3796 in
1187 3728 1389 3797 rebus
1430 3727 1962 3807 Ecclesiasticis,
2017 3750 2178 3796 cum
2234 3741 2370 3797 tota
2423 3729 2672 3797 mentis
2710 3727 2906 3795 alacri·

409 3826 538 3881 tate
592 3814 869 3885 tradidit
917 3815 1041 3896 illi,
1109 3816 1596 3903 firmatumque
1648 3817 2141 3894 benedictione,
2198 3815 2399 3885 donis
2450 3816 2734 3886 ditatum
2779 3829 2901 3881 cum
2957 3871 2958 3876 ,

407 3902 828 3973 salutaribus
870 3902 1250 3995 praec'eptis
1288 3906 1533 3975 iterum
1584 3927 1741 3975 eum
1781 3906 1849 3973 in
1891 3926 2067 3994 opus
2101 3904 2449 3994 Evangelii
2486 3906 2766 3975 remisit.
2957 3927 2958 3932 ¹

460 4066 482 4084 ’¹
514 4067 555 4104 S.
580 4066 766 4116 Sergius
787 4067 933 4116 hujus
952 4068 1157 4108 nominis
1179 4067 1200 4106 1
1216 4067 1440 4118 (687-701).
1464 4065 1662 4108 Nationo
1687 4068 1847 4116 syrus.
1865 4069 2083 4107 Panormi
2105 4065 2153 4107 in
2173 4065 2336 4107 Sicilia
2358 4072 2555 4107 exortus
2574 4069 2656 4107 est.
2688 4059 2897 4121 ooncititffm

405 4128 451 4174 m·
480 4118 642 4163 Trullo.
672 4121 797 4167 quod
825 4121 1125 4160 Justtntanus
1155 4118 1412 4169 imperator
1441 4121 1541 4160 fleri
1571 4123 1799 4168 jusserat.
1828 4122 2081 4167 damnavit.
2113 4122 2389 4169 rejecitque.
2416 4120 2592 4168 aliam,
2612 4123 2660 4159 ut
2679 4118 2898 4158 Annum&

402 4169 792 4212 Bibliotheca-ius
819 4174 1005 4222 θοι-ὡκ,
1036 4179 1135 4213 anto
1165 4176 1292 4220 niort,
1320 4187 1451 4225 quam
1480 4173 1720 4214 novitatum
1741 4173 1973 4214 erroribus
1991 4173 2249 4214 consentire.
2270 4175 2314 4214 1⁸
2339 4177 2507 4214 statuit
2528 4179 2580 4214 nt
2598 4175 2645 4214 in
2663 4170 2798 4214 Misss,
2815 4171 2898 4205 ‘em‘

404 4232 514 4269 pore
535 4225 870 4265 confractionis
889 4227 1117 4267 Dominlci
1140 4228 1372 4275 corporis.
1393 4237 1418 4266 a
1438 4229 1573 4268 clero
1597 4233 1644 4267 et
1668 4238 1694 4267 ι
1715 4229 1889 4276 populo
1908 4229 2242 4266 decantaretur
2266 4231 2416 4276 Annus
2438 4229 2530 4273 Dm',
2549 4229 2633 4268 cte.

456 4276 510 4300 *Ρ*
540 4277 599 4315 Ut
628 4287 652 4315 e
684 4279 890 4324 probatis
920 4280 1144 4319 Historiis
1176 4282 1482 4326 desumimus.
1502 4282 1545 4321 S.
1568 4282 1898 4320 willibrordus
1919 4282 1967 4320 tn
1987 4277 2189 4320 eeclesia
2207 4282 2248 4321 S.
2277 4278 2492 4325 ceciliae.
2516 4280 2588 4321 die
2612 4282 2704 4328 ipsa
2720 4284 2796 4324 qus
2813 4273 2893 4328 haef

405 4327 574 4365 sancta
603 4329 653 4368 V.
682 4333 729 4368 ct
760 4331 818 4369 M.
849 4333 1038 4380 colitur,
1065 4334 1244 4373 Fristac
1274 4332 1524 4381 episcopus
1554 4337 1860 4374 consecratus
1889 4338 1985 4377 esu
2015 4344 2137 4373 anuo
2159 4344 2286 4378 vex-0,
2306 4337 2359 4373 ut
2380 4335 2546 4382 ipsos.
2566 4326 2894 4373 wmibrordusm

406 4379 640 4428 Mar-tyrol.
661 4381 888 4431 Emer-nae.
910 4386 1164 4429 adnotavit.
1188 4387 1264 4425 693
1284 4385 1418 4434 (vide
1438 4389 1505 4426 De
1531 4389 1685 4433 Rossl.
1705 4389 1828 4426 Rom.
1852 4388 2035 4432 Subeer„
2059 4388 2152 4427 vol.
2177 4389 2216 4434 2,
2237 4396 2343 4436 pag.
2371 4387 2485 4438 ΧΠ).
