2993 4837
35 332 180 399 NOV.
229 334 267 398 8
672 347 750 397 ne
797 351 850 397 s.
907 350 1256 397 Gom-:ramo
1306 351 1403 395 ΕΡ.
1458 348 1847 397 AMBIANENSI
2320 334 2445 398 367

37 448 185 503 tanto
232 434 613 507 studiosius
664 434 728 503 in
768 455 973 524 opera
1034 434 1545 504 misericordiae
1598 435 2087 514 incumbebat,
2143 449 2400 522 quanto
2448 435 2534 504 iis

34 523 281 593 celerius
319 545 468 592 eam
509 544 585 591 se
619 523 1141 613 impetraturum
1178 524 1431 592 certius
1464 522 1872 592 confidebat.
1913 529 2097 593 Inter
2129 525 2262 592 alia
2296 524 2529 614 igitur,

33 632 176 697 quae
210 612 538 692 ecclesiis,
599 612 1057 700 pauperibus,
1113 612 1377 692 viduis,
1435 611 1766 712 orphanis
1817 612 2145 703 elargitus
2184 626 2284 682 est
2360 634 2537 699 quae

29 722 153 769 cum
201 702 331 769 sint
366 701 756 781 innumera,
812 701 897 769 iis
944 699 1572 770 commemorandis
1625 701 1938 769 lectorem
1995 702 2214 771 taedio
2267 724 2301 769 a
2358 722 2536 770 icere

29 788 367 946 nolumus?5
427 789 844 859 monasterio
895 794 958 857 S.
1015 789 1323 870 Quintini
1361 789 1704 878 martyriS,
1747 791 1814 857 in
1851 811 1986 877 quo
2023 790 2401 860 monachus
2437 790 2535 859 vi·

26 892 199 958 xerat,
240 900 312 947 ca
349 878 522 948 icem
584 901 872 948 aureum
923 876 1131 956 dedit,
1194 878 1493 964 itemque
1531 899 1647 968 per
1708 877 1924 948 multa
1972 878 2105 948 alia
2155 891 2217 949 et
2265 879 2477 948 altare
2513 934 2528 959 ‚

6 967 193 1053 'atque
236 968 434 1037 etiam
487 988 669 1053 quae
707 966 1004 1035 facerent
1051 966 1134 1035 ad
1173 966 1547 1035 luminaria
1597 966 1828 1056 templi
1883 966 2194 1049 fovenda,
2248 981 2313 1037 et
2352 968 2536 1037 unde

25 1074 87 1123 eo
126 1055 223 1123 die
255 1111 269 1135 ,
313 1078 450 1143 quo
516 1056 919 1126 decessisset
964 1075 1000 1124 e
1049 1056 1223 1135 vita,
1282 1076 1447 1145 cura
1498 1056 1906 1125 thesaurarii
1971 1057 2169 1126 ci-bus
2218 1070 2283 1126 et
2336 1071 2535 1146 potus

27 1141 311 1213 fratribus
345 1145 411 1213 in
452 1144 833 1224 refectorio,
890 1144 1188 1229 itemque
1241 1145 1660 1233 pauperibus
1696 1144 2067 1214 liberaliter
2110 1145 2534 1215 ministrare-

6 1242 135 1301 tur.
165 1233 342 1315 Quod
375 1232 665 1319 quidem
705 1233 1039 1319 hodieque
1080 1232 1221 1301 illic
1257 1232 1354 1301 lit.
1400 1238 1729 1302 Fecerunt
1778 1233 1905 1303 hoc
1953 1235 2155 1303 etiam
2194 1234 2309 1302 alii
2346 1256 2534 1303 com-

11 1319 223 1411 'plures
266 1322 511 1401 sancti,
568 1334 645 1390 ut
677 1322 880 1390 etiam
931 1321 1491 1391 commemoratio
1526 1321 1849 1392 decessus
1896 1324 2132 1391 eorum
2181 1345 2310 1392 non
2348 1335 2536 1391 vacet

31 1429 62 1476 a
101 1411 589 1480 misericordiae
645 1410 888 1480 officiis
936 1423 1000 1478 et
1048 1410 1396 1499 operibus,
1452 1410 1798 1483 Profectus
1863 1411 2231 1498 aliquando
2289 1424 2389 1481 est
2445 1412 2531 1481 ad

29 1496 323 1567 Joannem
375 1500 800 1569 Morinorum
853 1500 1265 1589 Episcopum
1303 1553 1317 1580 ‚
1374 1511 1448 1566 ut
1495 1521 1653 1568 cum
1702 1521 1781 1569 eo
1831 1500 2164 1588 spiritalia
2220 1502 2534 1570 misceret

15 1586 365 1677 colloquia,
418 1600 486 1658 et
548 1587 636 1657 de
691 1599 869 1656 statu
921 1592 1298 1677 praesentis
1348 1587 1684 1657 Ecclesiae
1730 1589 2088 1658 conferret.
2145 1594 2300 1658 Erat
2346 1591 2530 1658 enim

21 1674 360 1766 ‘Episcopus
409 1677 528 1745 ille
594 1698 882 1766 magnae
946 1676 1413 1754 auctoritatis,
1471 1676 1672 1762 cujus
1730 1678 1933 1746 etiam
2010 1701 2221 1768 supra
2280 1679 2533 1746 mentio

29 1760 222 1833 habita
267 1764 385 1835 e'st.
444 1770 756 1851 Cumque
806 1764 1022 1834 multa
1072 1787 1298 1833 coram
1338 1764 1665 1833 fratribus
1703 1765 1907 1834 locuti
1943 1780 2191 1848 essent,
2230 1773 2533 1836 Joannes

33 1852 362 1943 Episcopus
411 1855 594 1922 flens
668 1853 987 1942 largiter:
1060 1877 1094 1920 «
1144 1854 1191 1921 Ο
1241 1852 1600 1922 Godefride
1650 1855 1977 1954 Episcope
2008 1909 2022 1935 ‚
2078 1856 2347 1943 inquit,
2410 1878 2532 1943 pro

31 1943 279 2027 peccatis
329 1943 500 2012 meis
550 1942 719 2011 offer
771 1942 1054 2011 Domino
1105 1942 1551 2021 sacrificium,
1609 1963 1731 2010 nec
1766 1942 1970 2022 desis,
2023 1945 2225 2012 modo
2268 1944 2331 2011 id
2384 1944 2533 2013 fieri

33 2029 227 2115 possit,
277 2031 591 2100 curando
624 2030 848 2099 funeri
885 2052 1056 2099 meo.
1093 2054 1128 2096 »
1177 2035 1252 2099 At
1301 2044 1537 2100 contra
1588 2030 1993 2101 Godefridus
2036 2032 2412 2122 Episcopus
2447 2032 2529 2100 ad

35 2116 201 2273 ffides
234 2121 376 2206 ejus
411 2142 483 2189 se
526 2119 919 2198 advolvenS,
951 2141 1107 2187 cum
1156 2118 1371 2188 multo
1411 2119 1671 2209 gemitu
1706 2119 1800 2187 ait
1833 2142 1846 2186 :
1888 2142 1924 2185 «
1952 2125 2090 2209 Ego
2118 2142 2295 2200 vero,
2346 2133 2535 2210 pater

107 2207 394 2288 atissime,
434 2209 625 2297 prior
658 2208 819 2277 hinc
850 2206 1271 2295 migraturus
1304 2229 1482 2287 sum,
1532 2207 1887 2294 laetusque
1914 2220 2068 2276 ante
2103 2221 2163 2278 te
2189 2209 2535 2279 humanae

42 2293 395 2366 conditionis
434 2297 749 2366 debitum
805 2296 1210 2385 persolvam.
1266 2301 1364 2364 Tu
1415 2296 1629 2386 igitur
1692 2297 1900 2375 mihi,
1948 2318 2227 2382 quaem,
2287 2319 2534 2387 negare

41 2380 166 2462 noli,
195 2386 364 2471 quod
416 2408 455 2455 a
495 2407 606 2453 me
643 2384 918 2475 petiisti.
959 2406 993 2451 »
1031 2390 1120 2454 Ea
1162 2384 1338 2454 beati
1388 2385 1514 2453 viri
1567 2385 1767 2455 verba
1817 2385 2143 2456 omnibus
2194 2386 2534 2477 lacrymas

23 2477 396 2560 ‚nxpressere,
436 2475 625 2562 quod
672 2475 925 2542 scirent
962 2496 1083 2542 nec
1135 2473 1491 2542 verbulum
1537 2476 1624 2543 ab
1674 2477 1824 2564 ejus
1872 2497 1986 2544 ore
2038 2489 2285 2544 temere
2332 2476 2534 2564 proti·

25 2556 184 2630 uisci.
231 2568 303 2632 Et
349 2576 422 2631 ut
475 2562 920 2652 perspicuum
974 2561 1141 2632 foret
1190 2584 1323 2631 non
1378 2584 1587 2631 vanos
1634 2563 1848 2632 fuisse
1903 2564 2026 2632 hos
2074 2565 2224 2654 ejus
2274 2586 2533 2633 sermo-

24 2621 147 2730 hes,
173 2651 556 2736 quindecim
589 2651 793 2719 annis
818 2663 972 2719 ante
1001 2657 1334 2720 Joannem
1361 2652 1771 2741 Episcopum
1801 2653 2083 2723 excessit
2109 2677 2144 2722 e
2173 2654 2325 2722 vita.
2352 2658 2532 2723 Haec

25 2715 131 2820 {nos
153 2738 472 2809 habemus
503 2741 591 2809 ab
620 2761 736 2808 ore
774 2739 1108 2808 Heriberti
1149 2753 1213 2808 et
1253 2738 1552 2821 Vulterii‚
1592 2741 1740 2830 ejus
1774 2742 2066 2811 civitatis
2100 2742 2531 2812 Archidiaco·

35 2841 257 2906 norum,
295 2830 411 2916 qui
465 2829 554 2898 iis
595 2827 984 2897 interfuere.

27 2939 34 2952 ·
102 2914 132 2999 ξ
169 2922 310 2988 52.
354 2923 630 2988 Rursus
670 2930 895 2987 autem
947 2916 1278 2986 adversus
1317 2939 1473 2986 eum
1515 2915 1999 2987 malevolorum
2038 2931 2101 2988 et
2141 2919 2532 2989 invidorum

34 3003 285 3073 convicia
332 3019 396 3077 et
440 3006 834 3086 maledicta,
877 3019 1321 3092 versutaeque
1372 3006 1915 3076 machinationes
1964 3007 2261 3087 extitere,
2320 3009 2407 3077 ita
2456 3020 2532 3078 ut

37 3098 185 3159 tutus
222 3095 276 3162 ei
319 3096 385 3165 in
440 3094 558 3164 illa
614 3095 889 3185 regione
942 3094 1175 3163 nullus
1223 3107 1397 3163 esset
1449 3093 1726 3163 relictus
1777 3093 1988 3162 locus,
2045 3100 2309 3164 Rursus
2371 3118 2533 3186 ergo

35 3177 352 3252 meditatur
413 3184 701 3274 sugam,
765 3205 1008 3254 rursus
1060 3183 1352 3251 latebras
1403 3182 1736 3270 inquirit:
1792 3204 2032 3251 rursus
2086 3184 2281 3271 juvat
2344 3185 2534 3253 adire

33 3280 256 3338 montes
301 3272 741 3352 Carthusiae3
799 3272 857 3340 is
903 3272 1085 3340 enim
1143 3270 1331 3340 locus
1379 3273 1528 3359 ejus
1593 3273 1825 3340 animo
1878 3272 2169 3339 maxime
2229 3271 2527 3340 sedebat.

19 3351 164 3424 ‘Nam
209 3359 286 3428 de
331 3362 632 3448 quodam
685 3361 1081 3430 Carthusiae
1143 3359 1347 3429 fratre
1399 3360 1823 3448 praeclarum
1886 3358 2214 3445 quiddam
2267 3372 2331 3427 et
2392 3382 2533 3428 me-

31 3446 319 3518 morabile
370 3451 618 3520 referre
648 3450 930 3529 solebat,
971 3447 1150 3537 quod
1189 3461 1323 3517 toto
1362 3449 1652 3517 triennio
1701 3470 2057 3534 nunquam
2095 3469 2534 3535 quacumque

19 3547 270 3614 pressus
317 3540 740 3620 necessitate,
793 3560 1003 3607 manu
1037 3537 1327 3607 verenda
1362 3539 1693 3627 attingere
1742 3537 2071 3606 voluerit:
2130 3536 2298 3606 adeo
2329 3537 2534 3605 casti-

37 3620 159 3690 tatis
216 3624 336 3696 fuit
391 3629 687 3698 eximius
749 3626 994 3696 cultor.
1057 3631 1134 3695 Et
1189 3648 1267 3696 eo
1332 3647 1492 3696 sane
1560 3625 2078 3715 quamprimum
2152 3624 2536 3694 advolasset

33 3705 416 3795 Godefridus,
472 3717 607 3785 nisi
647 3716 819 3785 vitae
854 3717 1015 3784 finis
1038 3716 1183 3804 jam
1241 3715 1787 3804 propinquasset.
1843 3714 2020 3784 Adeo
2068 3715 2249 3783 enim
2298 3713 2533 3783 multis

15 3803 148 3880 2erat
181 3806 548 3893 angoribus
595 3805 945 3874 confectus
1005 3817 1069 3873 et
1115 3803 1403 3873 obrutus
1433 3859 1448 3886 ‚
1501 3817 1575 3872 ut
1635 3803 1811 3871 vitae
1865 3825 2139 3889 quoque
2187 3802 2527 3872 taederet:

13 3881 172 3974 godeo
208 3913 409 3982 supra
463 3894 638 3963 vires
671 3892 1102 3983 affligebatur
1149 3905 1212 3962 et
1260 3892 1834 3971 discruciabatur‚
1879 3904 1967 3961 ‘ut
2005 3892 2243 3961 crebro
2279 3891 2537 3979 rogarit

13 3969 381 4073 ῑῦᾳφίῃυτη,
424 4003 506 4050 ne
542 3983 770 4071 ipsum
809 3983 1058 4052 sineret
1093 3981 1161 4049 in
1196 4003 1273 4050 ea
1317 3982 1591 4071 regione
1627 3980 1825 4049 mori.
1866 3981 2054 4062 Quod
2092 3982 2295 4049 etiam
2345 4001 2536 4067 prae-

8 4069 173 4148 ἰεῑιιιῑ
199 4069 251 4135 ei
297 4071 648 4140 DominuS.
703 4075 927 4139 Petere
976 4082 1119 4139 tum
1175 4070 1459 4150 volebat,
1518 4069 1746 4138 nescio
1794 4090 1931 4155 qua
1965 4092 2197 4149 causa,
2245 4067 2537 4137 Rhemo-

6 4159 159 4219 'rum
206 4157 463 4238 urbem,
508 4159 865 4228 locuturus
899 4182 1056 4228 cum
1101 4158 1466 4248 Radulpho
1514 4158 2066 4246 Archiepiscopo,
2113 4157 2234 4244 qui
2284 4156 2535 4226 Viridis

4 4207 370 4368 ffcognomen
422 4247 744 4317 obtinuit.
798 4253 1105 4317 Praeerat
1154 4261 1379 4315 autem
1455 4261 1597 4316 tum
1665 4247 2076 4316 monasterio
2138 4258 2533 4314 sanctorum

6 4374 11 4465 1
48 4321 287 4418 Crispini
335 4349 398 4405 et
446 4336 882 4426 Crispiniani,
936 4336 1114 4423 quod
1170 4336 1353 4424 apud
1408 4336 1806 4406 Suessiones
1839 4347 1961 4416 est,
1998 4333 2139 4404 Odo
2172 4333 2393 4403 Abbas
2429 4356 2535 4403 ve·

4 4418 343 4563 {nerabiliffi
396 4425 610 4494 totius
661 4423 1006 4514 religionis
1065 4440 1129 4495 et
1181 4425 1553 4495 honestatis
1620 4424 2033 4514 praecipuus
2088 4422 2354 4505 cultor,
2414 4422 2534 4511 qui
