2993 4837
84 293 237 361 Nor.
289 295 327 358 8
737 311 815 356 m:
862 311 916 355 s.
974 309 1324 355 coni-:raino
1372 310 1466 355 ΕΡ.
1525 307 1912 356 ΑΜΒιΑΝΕΝςι
2379 293 2505 357 347

9 471 10 474 ,
149 400 181 483 ξ
222 401 369 469 19.
421 396 671 465 Eodem
712 407 1011 483 tempore
1033 392 1422 463 Richardus
1458 393 1839 462 Cardinalis
1873 408 1936 463 et
1967 394 2387 483 Apostolicae
2414 393 2595 463 sedis

9 513 12 554 ;
80 483 337 575 legatuS,
392 484 581 574 apud
634 489 997 552 Trecenses
1043 483 1077 515 ⁴²
1124 482 1652 551 celeberrimum
1690 482 1934 553 habuit
1982 496 2393 552 conventum
2442 483 2595 573 Epi-

9 599 10 602 *
79 596 441 663 scoporum,
481 572 845 653 Abbatum,
883 584 948 641 et
996 570 1254 641 Galliae
1303 592 1688 661 procerum.
1731 576 1821 641 Eo
1865 572 2074 663 igitur
2122 595 2194 641 se
2225 572 2591 641 Ambiano-

80 685 206 733 rum
255 662 460 754 legati
511 661 895 739 conferunt,
938 673 1332 750 proponunt
1379 682 1451 731 se
1502 673 1768 748 pastore
1821 665 2118 740 orbatos,
2173 661 2597 730 unanimiter

14 766 27 837 2
76 775 109 819 a
147 752 323 822 Clero
368 765 435 819 et
499 750 753 840 populo
815 749 1105 818 electum
1170 762 1488 817 asserunt
1547 748 2027 831 Godefridum‚
2097 755 2278 840 Rege
2324 770 2596 836 quoque

16 850 25 923 ζ
79 842 483 911 assentiente.
523 845 692 907 Tum
729 860 882 907 vero
929 859 1169 908 omnes
1216 838 1333 923 qui
1378 838 1444 906 in
1495 859 1574 907 eo
1605 836 1944 908 conventu
1986 838 2426 908 Godefridum
2481 859 2598 907 no-

81 943 307 1005 verant,
342 930 687 999 Christum
726 948 1161 1015 summopere
1189 926 1712 995 collaudarunt:
1750 926 1864 996 sed
1911 926 2023 996 ille
2057 928 2325 996 interim
2359 926 2592 1016 fugam

80 1018 540 1087 meditabatur.
578 1021 655 1084 At
704 1038 857 1085 vero
901 1015 1339 1104 interceptuS‚
1373 1015 1662 1102 jubente
1712 1015 2049 1084 Cardinali
2102 1029 2165 1085 et
2207 1016 2583 1105 EpiscopiS,

78 1107 133 1174 in
182 1108 475 1176 medium
514 1126 753 1173 eorum
804 1103 1196 1184 adducitur,
1230 1105 1499 1173 cunctis
1533 1102 2079 1173 acclamantibus
2113 1104 2400 1193 dignum
2435 1126 2590 1173 eum

80 1195 198 1263 sore
242 1195 582 1265 Ecclesiae
617 1193 1038 1272 ministrum,
1079 1206 1436 1261 strenuum
1480 1193 2050 1282 dispensatorem:
2089 1193 2361 1263 beatum
2416 1192 2590 1262 sutu-

84 1306 210 1353 rum
270 1283 651 1374 populum,
704 1282 820 1368 qui
874 1280 1073 1349 talem
1127 1281 1213 1350 sit
1268 1295 1606 1370 pastorem
1660 1282 2043 1353 habiturus.
2101 1282 2304 1371 Ajunt
2358 1304 2596 1350 omnes

82 1386 239 1453 tunc,
277 1380 356 1443 Te
396 1378 607 1441 Deum
645 1371 1027 1450 laudamus,
1069 1382 1406 1438 cantasse.
1454 1370 1614 1438 [nde
1638 1393 1791 1440 vero
1826 1394 2062 1440 servus
2091 1371 2201 1440 Dei
2241 1393 2595 1459 regressus

82 1474 165 1531 est
220 1463 696 1551 Novigentum‚
757 1471 1237 1548 expectaturus
1292 1458 1431 1526 illic
1488 1461 2023 1530 consecrationis
2082 1482 2244 1530 suae
2298 1460 2597 1528 admini-

80 1562 267 1620 strum
316 1552 744 1619 Rhemorum
778 1548 847 1583 ’μ’
895 1547 1500 1636 Archiepiscopum
1555 1552 1961 1617 Manassem.
2027 1554 2315 1638 Magnus
2367 1562 2594 1617 autem

80 1638 244 1708 dolor
287 1639 590 1709 obtinuit
622 1656 886 1717 OmneS‚
926 1637 1046 1722 qui
1081 1636 1209 1705 hac
1264 1636 1622 1705 occasione
1671 1660 1742 1706 se
1793 1637 2183 1727 propediem
2243 1638 2398 1725 ejus
2446 1660 2598 1727 gra-

82 1728 315 1797 tissima
358 1726 746 1816 praesentia
794 1726 1132 1795 carituros
1172 1725 1577 1795 sentiebant.

152 1818 183 1904 ξ
227 1822 389 1889 2⁰.
443 1821 814 1902 Postquam
852 1819 1195 1883 Manasses
1237 1813 1656 1882 Rhemorum
1696 1814 2264 1903 Arcliiepiscopus
2313 1815 2595 1884 domuin

86 1905 271 1981 rediit.
310 1926 630 1995 proceres
676 1903 992 1972 Ambiani
1031 1902 1481 1992 Novigentum
1538 1902 1839 1978 veniunt,
1900 1903 2336 1972 Godefriduin
2395 1926 2591 1993 pera-

84 2007 313 2062 manter
358 1994 664 2064 Rhemos
702 1992 1111 2080 perducunt.
1166 1997 1453 2082 Magnus
1503 2013 1579 2058 co
1632 1994 1836 2059 totlus
1890 1993 2185 2081 regionis
2232 1992 2598 2081 Episcopo-

89 2103 208 2151 rurn
258 2083 326 2151 sit
368 2103 780 2160 concursus,
836 2081 904 2148 in
942 2080 1196 2167 quibus
1254 2092 1450 2148 erant
1495 2080 1697 2149 etiam
1753 2079 2155 2148 Lambertus
2207 2080 2598 2149 Atrebaten-

93 2168 168 2238 sis
194 2171 286 2205 Μ
314 2185 378 2241 et
405 2171 588 2239 Joan
604 2191 721 2238 nes
748 2168 1155 2238 Morinensis
1186 2168 1325 2204 ’Μ’
1352 2169 1720 2245 Antistites,
1754 2169 2090 2257 sapientia
2113 2182 2176 2237 et
2209 2168 2597 2238 eruditione

91 2257 381 2349 insignes,
441 2258 772 2348 religione
819 2270 883 2327 et
917 2258 1271 2326 sanctitate
1319 2256 1642 2336 celebres,
1692 2279 1985 2345 sponsae
2013 2257 2258 2326 Christi
2300 2257 2497 2326 bases
2535 2271 2598 2326 et

87 2344 592 2426 firmamentum,
626 2347 822 2415 beato
868 2345 1232 2415 Godesrido
1284 2369 1442 2436 prae
1492 2348 1776 2416 caeteris
1810 2345 2089 2415 addicti.
2145 2350 2409 2429 Quanta
2451 2345 2595 2416 illic

83 2437 266 2506 animi
301 2452 364 2508 et
413 2437 726 2526 corporis
773 2436 1185 2516 humilitate,
1228 2448 1486 2522 quanta
1534 2434 1992 2524 lacrymarum
2051 2437 2109 2504 vi
2160 2450 2600 2506 consecratus

86 2524 155 2592 sit
195 2528 287 2596 vir
316 2527 457 2608 Dei,
505 2524 718 2594 nullis
752 2524 976 2594 verbis
1023 2524 1349 2613 explicari
1383 2538 1622 2613 potest.
1662 2527 2178 2604 Noveratenim,
2224 2525 2345 2594 etsi
2399 2548 2600 2614 gran-

84 2611 171 2683 dis
212 2617 294 2685 sit
334 2617 575 2695 honor,
634 2627 858 2683 tamen
892 2614 1094 2682 etiam
1133 2613 1393 2702 grande
1440 2635 1590 2682 esse
1624 2615 1770 2700 ejus
1822 2614 2091 2704 pondus
2135 2614 2440 2683 honoriS.
2478 2619 2596 2683 Po-

89 2713 267 2773 tentes
308 2726 633 2790 namque,
674 2716 750 2772 ut
799 2703 1150 2792 Scriptura
1213 2701 1329 2782 ait,
1380 2715 1685 2790 potenter
1735 2715 2063 2771 tormenta
2122 2704 2485 2792 patientur,
2539 2718 2604 2772 et

86 2787 448 2862 fortioribus
496 2792 735 2862 fortior
781 2791 988 2860 instat
1027 2790 1380 2869 cruciati0,
1436 2791 1571 2860 nisi
1624 2791 2003 2861 ministerio
2044 2815 2169 2861 suo
2214 2807 2391 2861 recte
2444 2815 2598 2882 per-

83 2875 451 2969 fungantur.
509 2886 813 2967 Cumque
861 2901 942 2948 ex
991 2901 1179 2948 more
1239 2879 1585 2969 Evangelii
1643 2879 1853 2949 codex
1925 2882 2074 2968 ejtis
2123 2882 2325 2970 capiti
2384 2882 2601 2971 impo-

88 2983 347 3052 neretur,
402 2983 470 3037 et
509 2968 988 3056 explicaretur,
1028 2969 1257 3037 statim
1301 2968 1601 3040 occurrit
1640 2967 1831 3037 locus
1865 2968 2012 3037 ille:
2067 2972 2418 3039 Elisabeth
2483 2974 2602 3039 im-

90 3058 302 3151 pletum
342 3069 440 3129 est
481 3068 739 3156 tem-pres
767 3058 1105 3146 pariendi,
1136 3067 1198 3125 et
1220 3059 1483 3148 peperi-'l
1514 3060 1741 3155 filium
1770 3063 1949 3140 (Luc.
1991 3057 2064 3144 1).
2096 3063 2234 3126 Non
2276 3059 2599 3128 mediocri

94 3142 150 3209 ιι]
200 3149 517 3217 omnibus
564 3145 1007 3215 admirationi
1056 3144 1206 3213 fuit.
1271 3150 1352 3214 Ut
1416 3167 1600 3214 enim
1656 3146 1953 3216 loannes
2001 3147 2320 3235 Baptista,
2394 3147 2482 3215 ita
2541 3163 2604 3215 et
2656 3143 2666 3155 “

90 3231 466 3305 Godesridus
519 3248 801 3303 matrem
864 3234 1105 3303 habuit
1166 3233 1665 3313 Elizabetbam,
1736 3234 1969 3303 decem
2036 3235 2239 3304 annis
2304 3235 2599 3303 sterilem

85 3332 260 3409 atque
293 3336 784 3394 senescentem.
830 3324 1098 3392 Paravit
1146 3322 1261 3390 ille
1298 3323 1471 3391 viam
1529 3323 1836 3403 Domino,
1896 3324 2153 3411 paravit
2195 3335 2258 3390 et
2299 3324 2603 3391 Godeiri-

88 3407 219 3480 dus.
272 3412 674 3483 Laudabant
722 3412 1200 3511 itaqueaDeum
1245 3410 1574 3492 universi,
1606 3412 1726 3497 qui
1760 3412 1955 3497 quasi
1998 3424 2404 3502 argumento
2440 3433 2598 3497 quo-

88 3497 223 3568 dam
294 3502 597 3572 indicare
671 3499 1038 3581 voluisset,
1108 3500 1311 3567 vitam
1365 3500 1540 3568 servi
1594 3500 1697 3568 sui
1742 3501 1871 3570 sibi
1944 3514 2231 3590 gratam,
2316 3500 2433 3586 qui
2491 3523 2606 3587 per

85 3589 335 3671 ostium,
387 3603 449 3659 et
481 3612 615 3660 non
659 3589 942 3658 aliunde
977 3589 1267 3669 intrans,
1310 3610 1544 3656 verum
1581 3601 1645 3658 et
1681 3590 2003 3659 idoneum
2052 3612 2122 3658 se
2173 3588 2318 3657 suis
2359 3589 2603 3658 ovibus

88 3673 265 3746 dictis
312 3693 374 3748 et
397 3680 595 3748 sactis
646 3693 983 3767 pastorem
1035 3689 1212 3746 esset
1259 3677 1717 3746 exhibiturus.

158 3766 189 3850 ἓ
236 3772 377 3840 21.
428 3772 798 3847 Hactenus,
832 3788 1009 3853 quae
1052 3765 1293 3835 beatus
1325 3765 1732 3836 Godefridus
1776 3766 2004 3836 adhuc
2033 3766 2415 3835 monachus
2441 3767 2598 3854 egit,

86 3855 350 3941 carptim
385 3856 895 3934 annotavimus,
954 3853 1126 3922 nihil
1155 3853 1638 3932 admiscentes,
1672 3856 1802 3924 nisi
1845 3877 2021 3941 quae
2051 3854 2181 3923 fide
2231 3854 2599 3957 dignorum

90 3938 418 4012 hominum
459 3943 783 4012 relatione
817 3942 1291 4032 cognovimus.
1333 3947 1406 4011 In
1460 3943 1715 4029 quibus
1765 3965 1848 4012 ne
1886 3966 2023 4030 qua
2072 3956 2246 4012 esset
2298 3942 2450 4010 lalsi
2489 3965 2604 4011 su-

91 4029 303 4114 spicio,
360 4031 660 4119 simplici
713 4032 941 4120 potius
990 4031 1317 4112 oratione,
1371 4054 1577 4117 quarn
1631 4046 1903 4122 compta
1958 4044 2020 4100 et
2076 4031 2449 4120 phalerata,
2504 4033 2602 4099 uti

93 4115 437 4191 voluimus.
493 4125 716 4207 Neque
754 4121 937 4189 enim
975 4120 1193 4189 sancti
1228 4118 1544 4189 homines
1594 4133 1726 4189 tam
1789 4133 1952 4189 sunt
1999 4134 2292 4210 angusta
2328 4119 2594 4199 virtute,

137 4312 158 4334 ²*
186 4312 301 4354 Gall.
329 4317 503 4367 Troyu,
1314 4317 1368 4342 ’Μ
1402 4314 1520 4355 Gall.
1552 4316 1742 4356 Flu-ime.

136 4365 206 4388 ’¹‘
234 4369 456 4408 Atrebates
481 4371 557 4408 vel
577 4371 860 4414 Nemetarum.
877 4378 1007 4410 nuno
1027 4369 1181 4409 Arma
1202 4367 1391 4410 dieitur.

142 4418 237 4445 ⁹⁸¹⁴*
266 4423 541 4461 Morinorum
560 4424 667 4463 urbs
686 4430 863 4473 praeci}
873 4434 936 4464 un·
957 4430 1075 4470 erut,
1096 4434 1141 4472 qi
1162 4432 1215 4462 υ
1235 4432 1359 4462 nnnc
1383 4429 1593 4468 vocatur,
1613 4424 1906 4463 Tam-omnam.
