2993 4837
531 310 658 373 4⁴8
1171 325 1248 370 na
1294 325 1350 371 s.
1403 323 1679 371 maurino
1726 326 1823 370 ar.
1878 324 2232 372 ruaommffl
2626 304 2781 373 NOV.
2814 306 2879 373 ll
2957 333 2959 360 ÷

443 409 724 479 domum
759 430 1044 497 corpora
1079 430 1284 498 aegra
1332 408 1879 499 procumberent,
1919 409 2190 479 Martini
2242 430 2362 499 per
2409 409 2652 479 litteras
2692 409 2771 479 im

443 498 615 567 ravit
659 496 1017 566 auxilium.
1071 501 1216 579 Quo
1265 510 1566 586 tempore
1615 498 1715 567 vir
1760 498 2000 569 beatus
2039 520 2180 567 rem
2232 519 2382 567 esse
2417 496 2713 589 promisit
2807 508 2832 560 .²
2899 523 2912 550 ι

444 584 640 654 cilem
716 585 1110 675 impetrari:
1166 607 1323 654 nam
1399 585 1649 674 spiritu
1721 587 2096 667 sentiebat,
2150 586 2434 656 domum
2486 585 2666 655 illam

446 674 730 743 numine
780 673 1159 743 verberari:
1230 685 1454 743 tamen
1499 695 1630 743 non
1686 674 1877 764 prius
1925 674 2202 754 destitit,
2261 687 2517 765 septem
2574 687 2733 745 totos
2762 672 2920 749 dm.

445 762 858 849 totidemque
891 776 1116 832 noctes
1154 761 1413 831 orando
1442 773 1507 830 et
1526 762 1908 852 jejunando
1939 764 2375 844 continuans,
2408 784 2612 850 quam
2645 762 2730 843 id,
2765 793 2774 819 ·
2807 793 2851 823 ν·
2874 741 2920 816 -3-

442 851 859 920 exorandum
910 864 1274 951 receperat,
1312 850 1404 918 im
1460 862 1726 920 etraret.
1769 857 1914 922 Mox
1962 852 2044 920 ad
2095 873 2251 921 eum
2304 849 2910 941 Lycontiu5‚di··÷·;¹

443 951 757 1029 expertus
798 939 1149 1019 beneficia,
1204 960 1403 1039 pervo
1436 939 1594 1019 avit,
1652 941 1991 1009 nuncians
2037 939 2270 1019 simul,
2324 954 2388 1009 et
2426 961 2636 1030 agens
2670 939 2909 1029 gratias,

444 1027 720 1097 domum
772 1050 968 1097 suam
1032 1049 1220 1096 omni
1286 1026 1588 1116 periculo
1654 1027 2035 1097 liberatam.
2091 1033 2373 1098 Centum
2432 1029 2635 1097 etiam
2682 1026 2907 1119 argenti

444 1115 656 1185 libras
700 1115 989 1197 obtulit,
1047 1138 1219 1203 quas
1280 1115 1380 1183 vir
1436 1115 1675 1186 beatus
1733 1138 1857 1186 nec
1918 1118 2222 1205 respuit,
2277 1140 2401 1187 nec
2461 1139 2620 1186 acce
2671 1116 2764 1197 it;
2854 1125 2928 1178 ·-νὲ

445 1204 846 1304 priusquam
900 1204 1168 1294 pondus
1214 1202 1388 1272 illud
1438 1204 1833 1274 monasterii
1868 1204 2075 1273 limen
2110 1205 2493 1295 attingeret,
2536 1227 2607 1274 re
2661 1200 2922 1291 περ’·-

446 1292 512 1361 id
544 1293 828 1392 captivis
860 1292 1183 1362 continuo
1213 1291 1584 1380 deputavit.
1628 1297 1705 1362 Et
1736 1314 1894 1362 cum
1930 1294 1992 1362 ei
2024 1307 2506 1384 suggereretur
2535 1316 2572 1362 a
2608 1292 2813 1363 fratr'
2841 1313 2922 1370 ν--··-,

439 1394 515 1450 ut
559 1381 820 1467 aliquid
868 1402 947 1450 ex
991 1402 1070 1449 eo
1120 1381 1184 1449 in
1237 1402 1390 1448 sum
1451 1394 1556 1451 tus
1606 1382 1995 1451 monasterii
2054 1395 2445 1463 reservaret,
2499 1382 2815 1453 omnibus
2858 1384 2873 1397 “

441 1483 733 1557 angusto
776 1491 925 1540 esse
964 1469 1240 1549 victum,
1280 1489 1397 1538 mu
1433 1469 1518 1537 tis
1556 1468 1789 1539 deesse
1843 1471 2189 1539 vestitum:
2243 1494 2279 1536 «
2331 1475 2486 1551 Nos,
2537 1471 2780 1558 inquit,
2842 1483 2892 1530 2*-

441 1556 648 1628 clesia
691 1572 753 1627 et
804 1569 1055 1647 pascat,
1102 1571 1165 1626 et
1199 1557 1455 1638 vestiat,
1510 1557 1886 1628 dummodo
1936 1558 2107 1628 nihil
2171 1559 2420 1628 nostris
2474 1559 2726 1631 usibus
2757 1581 2920 1647 (ιν-τ·

443 1645 613 1717 sisse
649 1646 1001 1716 videamur
1038 1669 1073 1713 »
1112 1696 1246 1714 .....

847 1971 892 1998 ⁴.
1058 1879 1159 1943 DE
1209 1878 1606 1943 TRANSITU
1659 1878 1936 1945 SANCTl
1986 1880 2327 1945 MARTINI

550 2040 629 2088 Ex
663 2039 980 2098 EPISTOLA,
1017 2039 1191 2095 QUAE
1225 2037 1548 2086 SULPICIUS
1579 2036 1853 2086 SCRIPSIT
1891 2040 1972 2086 An
2009 2037 2338 2088 BASSULAu
2370 2037 2629 2089 SOCRUH
2664 2042 2847 2090 suu.

524 2182 559 2266 ἕ
606 2185 681 2253 1.
737 2177 1123 2280 Sulpicius:
1172 2178 1501 2247 Martinus
1551 2177 1758 2267 igitur
1805 2176 2061 2246 obitum
2100 2200 2305 2247 suum
2356 2178 2559 2269 longe
2590 2193 2752 2251 ante
2796 2213 2809 2242 ν

437 2268 673 2349 scivit,
735 2267 1037 2355 dixitque
1075 2265 1423 2346 fratribuS,
1477 2264 1994 2335 dissolutionem
2059 2266 2164 2335 sui
2223 2269 2530 2356 corporis
2578 2269 2928 2356 immin-2,

436 2362 696 2426 Interea
743 2378 949 2426 causa
982 2355 1218 2436 extitit,
1254 2375 1391 2442 qua
1425 2353 1910 2424 condatensem
1951 2353 1986 2388 ⁸*
2018 2352 2382 2425 dioecesim
2429 2357 2761 2428 visitaret.

435 2445 699 2514 clericis
756 2445 930 2513 inter
983 2466 1054 2513 se
1093 2443 1427 2513 Ecclesiae
1485 2442 1673 2512 illius
1726 2442 2326 2526 discordantibuS,
2379 2467 2617 2534 pacem
2683 2471 2773 2518 cu
2824 2449 2839 2460 '

439 2533 824 2613 reformare,
883 2533 1037 2601 licet
1086 2532 1288 2604 linem
1348 2530 1616 2600 dierum
1662 2553 1943 2602 suorum
1993 2553 2127 2600 non
2185 2532 2573 2622 ignoraret,
2628 2558 2755 2624 pro
2804 2537 2922 2607 ci*

440 2634 659 2691 tamen
701 2621 787 2690 ob
823 2620 1207 2691 istiusmodi
1240 2641 1517 2688 causam
1556 2641 1686 2688 non
1724 2620 2079 2700 recusavit,
2129 2621 2376 2691 bonam
2422 2622 2601 2690 hanc
2636 2625 2849 2696 virtut
2904 2674 2910 2683 ·

434 2731 714 2779 suarum
747 2708 1403 2778 consummationem
1434 2708 1853 2787 existimanS,
1889 2706 1945 2776 si
1984 2731 2216 2797 pacem
2255 2709 2595 2781 Ecclesiae
2629 2714 2874 2784 reddit

436 2797 844 2884 reliquisset.
896 2802 990 2866 Ita
1037 2797 1376 2887 profectus
1408 2818 1566 2866 cum
1602 2819 1726 2866 suo
1776 2795 1915 2876 illo,
1956 2809 2030 2865 ut
2061 2818 2353 2888 semper,
2407 2798 2900 2886 frequentissiu

432 2884 930 2976 discipulorum
966 2885 1538 2971 sanctissimoque
1569 2886 1916 2965 comitatu,
1960 2908 2227 2976 mergos
2257 2887 2325 2955 in
2362 2887 2657 2958 ssumine
2690 2888 2931 2979 consp''

432 2986 626 3044 catur
674 2973 963 3063 piscium
1017 2974 1334 3063 praedam
1379 2973 1596 3060 sequi,
1635 2984 1698 3041 et
1738 2995 2048 3062 rapacem
2100 2973 2474 3063 ingluviem
2509 2978 2829 3053 assiduis
2858 3003 2897 3050 u

431 3084 588 3150 gere
636 3062 962 3152 captivis:
1019 3085 1054 3128 «
1092 3066 1352 3142 Forma,
1392 3061 1636 3149 inquit,
1678 3062 1842 3131 haec
1883 3061 2296 3131 daemonum
2335 3078 2480 3144 est;
2536 3065 2914 3138 insidianti]

429 3151 745 3232 incautiS,
788 3150 1069 3240 capiunt
1119 3151 1516 3230 nescienteS‚
1570 3164 1802 3238 captos
1854 3149 2201 3231 devorant,
2253 3156 2784 3242 exsaturarique
2834 3173 2949 3226 noa

425 3252 687 3328 queunt
732 3239 1088 3309 devoratis,
1127 3262 1161 3305 »
1212 3244 1506 3329 Imperat
1553 3238 1800 3308 deinde
1836 3239 2089 3328 potenti
2141 3239 2384 3309 virtute
2433 3241 2841 3328 verborum,
2898 3272 2926 3303 ν

424 3351 607 3409 eum,
651 3328 763 3398 cui
796 3328 1234 3408 innatabant,
1289 3327 1628 3416 gurgitem
1680 3326 2160 3414 relinquentes,
2215 3329 2442 3398 aridas
2479 3344 2801 3418 peterent
2846 3333 2943 3401 de-

425 3429 771 3504 sertasque
800 3417 1148 3506 regiones:
1188 3437 1264 3483 eo
1307 3415 1634 3484 nimirum
1671 3416 1852 3485 circa
1886 3438 2041 3485 aves
2082 3416 2234 3485 illas
2266 3439 2434 3487 usus
2467 3419 2802 3509 imperio,
2834 3441 2947 3509 quo

425 3505 790 3576 daemones
843 3503 1078 3594 fugare
1131 3516 1594 3573 consueverat.
1648 3509 1748 3573 Ita
1845 3526 1998 3594 rege
2044 3502 2222 3574 facto
2255 3560 2270 3585 ,
2324 3506 2560 3576 omnes
2610 3509 2682 3576 in
2732 3529 2937 3582 unum

424 3594 582 3664 illac
617 3593 923 3664 volucres
969 3605 1455 3749 congregatae,
1513 3592 1743 3686 relicto
1843 3593 2099 3671 umine,
2148 3607 2411 3663 montes
2454 3594 2815 3684 silvasque
2859 3618 2945 3688 pe·

426 3684 697 3764 tierunt‚
731 3704 862 3750 non
893 3682 1039 3750 sine
1065 3704 1101 3749 a
1159 3681 1515 3750 miratione
1545 3681 1939 3762 multorum,
1965 3682 2086 3768 qui
2113 3693 2369 3751 tantam
2407 3683 2474 3752 in
2506 3688 2813 3760 Martino
2842 3689 2943 3754 vir·

426 3783 634 3842 tutem
675 3771 1008 3851 viderunt,
1048 3782 1125 3838 ut
1161 3770 1364 3839 etiam
1400 3770 1641 3838 avibus
1682 3770 2073 3859 imperaret.

508 3863 544 3948 ξ
589 3864 670 3930 8.
723 3857 1138 3945 Aliquandiu
1184 3880 1344 3947 ergo
1394 3859 1459 3926 in
1515 3859 1659 3928 vico
1718 3858 1835 3927 illo
1888 3858 1985 3927 vel
2053 3858 2122 3927 in
2185 3859 2532 3942 Ecclesia,
2600 3863 2689 3931 ad
2755 3881 2937 3952 quam

421 3950 653 4029 iverat,
707 3959 1168 4017 commoratus
1198 4001 1213 4026 ,
1270 3968 1431 4035 pace
1481 3943 1656 4015 inter
1701 3947 1985 4017 clericos
2031 3948 2338 4017 restituta
2370 4004 2385 4029 ,
2438 3972 2594 4018 cum
2664 3952 2813 4040 jam
2858 3970 2939 4020 re-

471 4037 609 4106 redi
656 4036 742 4105 ad
793 4035 1281 4106 monasterium
1334 4035 1680 4126 cogitaret,
1739 4035 1999 4105 viribus
2046 4036 2352 4125 corporis
2401 4039 2625 4126 coepit
2686 4049 2935 4133 repente

418 4061 719 4195 destitui.
774 4123 1300 4211 convocatisque
1348 4123 1757 4211 discipulis,
1818 4124 2072 4193 indicat
2118 4147 2191 4193 se
2247 4124 2389 4212 jam
2460 4126 2737 4198 resolvi.
2795 4133 2932 4197 Tum

420 4235 575 4281 vero
625 4235 889 4282 moeror
948 4224 1013 4282 et
1079 4212 1306 4282 luctus
1353 4212 1663 4282 omnium
1698 4267 1716 4292 ,
1785 4234 1908 4282 vox
1969 4235 2109 4282 una
2160 4212 2688 4304 plangentium:
2762 4220 2936 4284 «Car

423 4320 585 4377 nos,
642 4312 829 4385 pater
860 4355 875 4379 ,
930 4301 1243 4370 deseris?
1290 4314 1408 4370 aut
1459 4301 1573 4371 cui
1638 4324 1759 4371 nos
1808 4299 2143 4372 desolatos
2195 4302 2575 4390 relinquis?
2624 4304 2931 4377 Invadent

472 4424 498 4449 ⁸²
528 4418 646 4463 Gau.
664 4424 817 4471 Concu.
836 4434 945 4467 suae
971 4427 1195 4467 dioecesis
1215 4427 1442 4476 paroecia.
