2993 4837
529 324 654 384 682
1264 339 1341 384 na
1390 339 1445 385 s.
1499 337 1817 386 ameneio
1864 339 2156 385 marvan
2637 320 2780 384 NOY.
2816 322 2870 384 215
2931 339 2932 356 ¹

437 423 697 492 devolvi
749 424 836 492 ab
884 424 1033 512 ejus
1080 422 1281 491 collo:
1333 423 1558 492 afferri
1610 436 1836 493 autem
1891 423 2243 513 flagellum
2297 424 2430 492 acri
2474 422 2582 491 alli
2631 436 2800 501 atum,
2837 437 2880 489 et
2931 485 2932 490 ,

436 534 591 582 eum
641 511 903 581 tamdiu
942 512 1320 602 flagellari,
1376 511 1599 581 ‘donec
1646 513 1794 601 ejus
1844 513 2132 602 sanguis
2180 511 2406 581 solum
2467 513 2599 599 imp
2626 524 2765 580 eret.
2801 510 2884 578 Ille
2931 557 2932 580 2

434 612 661 669 autem
718 600 917 688 plane
956 601 1262 680 adamas
1323 601 1612 688 perstitit
1647 623 1717 675 se
1765 602 2027 670 fortiter
2061 623 2332 691 gerensi,
2370 615 2434 669 et
2465 600 2716 669 dicens:
2743 623 2770 664 a
2798 606 2886 688 Ago

436 689 554 757 tibi
606 690 884 778 gratias,
934 690 1239 770 Domine,
1284 690 1471 776 quod
1525 711 1630 758 me
1687 712 1805 779 pro
1859 705 1972 759 tuo
2009 691 2291 759 nomine
2337 690 2652 779 dignatus
2694 688 2771 757 sis
2809 689 2892 754 ssa·

438 780 581 866 gris
638 778 857 847 caedi.
914 801 949 842 »

520 870 555 952 ξ
604 872 733 938 n.
781 871 946 935 Cum
998 880 1224 935 autem
1276 868 1708 956 cognovisset
1765 872 2144 957 Imperator
2189 888 2349 935 eum
2401 889 2547 935 esse
2596 866 2771 955 plane
2807 865 2894 931 im·

437 955 755 1024 mobilem
791 1010 805 1034 ,
868 967 933 1024 et
984 955 1380 1044 persuaderi
1439 977 1573 1023 non
1630 977 1829 1044 posse
1860 1011 1874 1032 ,
1931 970 2006 1024 ut
2051 979 2091 1024 a
2139 978 2264 1023 sua
2314 956 2755 1025 dimoveretur
2792 975 2895 1022 sen·

435 1044 666 1125 tentia,
706 1059 1074 1113 convocato
1123 1044 1417 1112 concilio
1462 1045 1909 1133 (properabat
1940 1046 2122 1112 enim
2171 1046 2267 1113 ire
2317 1044 2654 1129 Romam),
2695 1042 2821 1110 tulit
2855 1043 2897 1106 in

431 1156 590 1200 eum
644 1134 1078 1211 sententiam,
1144 1133 1427 1201 dicens:
1483 1156 1520 1198 «
1575 1134 2032 1213 Mercurium,
2090 1135 2210 1219 qui
2259 1133 2427 1203 deos
2478 1131 2825 1206 nibilifecit,
2861 1140 2897 1196 et

433 1221 900 1290 venerandum
935 1221 1282 1291 decretum
1322 1232 1592 1290 nostrae
1641 1223 2200 1292 mansuetudinis
2235 1221 2436 1290 nihili
2477 1222 2744 1311 putavit,
2765 1219 2897 1306 jubet

438 1310 545 1397 pia
608 1324 837 1379 nostra
888 1311 1183 1397 potentia
1248 1311 1411 1379 duci
1461 1312 1529 1378 in
1600 1311 1944 1400 regionem
1999 1310 2510 1400 Cappadocum,
2556 1325 2618 1378 et
2661 1312 2714 1378 ei
2757 1321 2894 1392 caput

435 1400 777 1486 amputari
828 1399 911 1466 ad
949 1399 1338 1487 exemplum
1396 1399 1795 1468 multorum.
1853 1405 2017 1468 Nam
2054 1400 2498 1487 ,quicumque
2554 1399 2780 1468 resistit
2817 1401 2896 1462 lm·

442 1489 755 1587 peratori,
815 1499 961 1576 post
1014 1487 1229 1557 multa
1280 1500 1612 1557 tormenta
1647 1487 2053 1577 subjicietur
2083 1488 2293 1577 gladii
2329 1489 2694 1578 supplicio.
2733 1509 2764 1550 »
2791 1489 2892 1551 Cum

439 1589 667 1662 itaque
721 1599 877 1645 eum
931 1578 1357 1664 accepissent
1422 1578 1464 1645 ii
1517 1577 1774 1664 quibus
1828 1577 2049 1646 fuerat
2119 1577 2565 1656 mandatum,
2635 1576 2894 1644 duxerunt

436 1665 719 1742 animal,
761 1677 824 1733 et
874 1678 1221 1754 portantes
1260 1688 1445 1744 eum,
1486 1667 1578 1733 im
1638 1680 1970 1734 osuerunt
2021 1665 2325 1735 vinctum
2374 1666 2695 1752 utrinque
2725 1660 2895 1757 valide:

436 1767 579 1822 erat
626 1754 810 1822 enim
862 1776 1115 1843 corpus
1166 1756 1481 1842 Martyris
1532 1778 1566 1822 a
1629 1754 1908 1822 modum
1943 1755 2388 1824 dissolutum.
2427 1759 2506 1823 Et
2535 1754 2836 1823 venientes
2859 1770 2894 1813 in

436 1842 915 1922 diversorium,
956 1865 1113 1911 eum
1168 1844 1422 1911 sensim
1460 1843 1904 1931 deponentes,
1946 1844 2291 1913 faciebant
2330 1845 2699 1930 quiescere.
2732 1841 2898 1921 Sicque

436 1953 593 1999 cum
634 1933 871 2020 paucis
902 1930 1148 1999 diebus
1186 1932 1467 2021 longum
1514 1934 1640 2001 iter
1671 1932 2150 2012 confecissent,
2188 1945 2526 2001 venerunt
2560 1939 2896 2001 Caesaream.

437 2019 526 2088 Ad
572 2043 728 2088 eum
781 2033 1008 2088 autem
1042 2020 1378 2088 accedens
1414 2023 1771 2094 Dominus,
1827 2022 2041 2090 dixit:
2099 2045 2131 2085 «
2189 2023 2506 2102 Mercuri,
2544 2019 2896 2088 adesdum&

438 2110 737 2199 quiesce.
793 2115 1079 2177 Cursum
1134 2111 1659 2180 consummasti.
1733 2109 1936 2178 fidem
2006 2111 2313 2188 servasti,
2379 2112 2615 2199 accipe
2659 2123 2896 2202 coronam

443 2212 595 2265 tuae
626 2199 1127 2266 decertationis.
1171 2199 1627 2267 Constitutum
1661 2200 1844 2266 enim
1875 2210 1997 2278 est,
2031 2214 2106 2267 ut
2141 2212 2215 2267 tu
2249 2198 2361 2267 hic
2389 2215 2894 2267 consummertw

443 2291 694 2374 Martyr
743 2301 967 2354 autem
1024 2289 1395 2355 Servatoris
1441 2288 1697 2355 visione
1745 2287 2251 2368 corroboratus,
2292 2287 2462 2355 dicit
2513 2289 2598 2356 iis
2627 2287 2732 2373 qui
2769 2289 2898 2350 erant

440 2398 595 2443 cum
640 2378 809 2465 ipso:
856 2401 879 2437 a
938 2377 1159 2444 Facite
1191 2375 1371 2463 quod
1428 2376 1619 2445 vobis
1659 2375 1786 2445 suit
1835 2377 2272 2465 imperatum,
2333 2376 2506 2445 nihil
2558 2383 2894 2445 cunctantes.

448 2467 775 2533 Dominus
836 2478 1089 2545 autem,
1144 2465 1260 2550 qui
1317 2479 1506 2533 vocat
1553 2488 1793 2534 omnes
1845 2466 1925 2534 ad
1983 2466 2498 2552 poenitentiam,
2546 2488 2659 2534 vos
2709 2476 2898 2548 quoque

443 2557 567 2621 sua
619 2554 839 2642 gratia
886 2554 1310 2643 dignabitur.
1367 2559 1530 2622 Nam
1584 2576 1739 2622 cum
1804 2555 1892 2622 sit
1943 2554 2132 2622 dives
2165 2610 2179 2633 ,
2233 2555 2493 2622 affatim
2547 2555 2742 2622 donat
2783 2552 2896 2616 bona

443 2664 565 2709 sua
618 2645 699 2710 iis
759 2644 874 2728 qui
928 2642 1286 2711 accedunt.
1346 2664 1380 2706 »
1418 2648 1595 2710 Haec
1641 2664 1798 2711 cum
1853 2642 2155 2721 dixisset,
2210 2657 2420 2731 caput
2468 2643 2598 2712 fuit
2641 2643 2695 2709 ei
2731 2653 2898 2728 ampti-

442 2745 682 2807 tatum,
716 2744 1374 2817 consummatusque
1424 2732 1554 2799 suit
1597 2732 1660 2799 in
1697 2731 2128 2801 confessione
2178 2734 2553 2801 Servatoris
2574 2728 2774 2800 nostri
2809 2728 2892 2813 Det

532 2822 566 2903 ξ
615 2825 762 2892 12.
812 2825 1085 2887 Factum
1138 2833 1237 2889 est
1285 2832 1540 2898 autem,
1577 2820 1758 2906 quod
1807 2834 2072 2909 praeter
2119 2822 2517 2910 opinionem
2552 2834 2669 2897 est,
2701 2816 2791 2885 Dei
2823 2830 2896 2877 mt-

444 2907 753 2975 raculum
794 2910 1050 2976 mensis
1086 2909 1483 2978 Novembris
1536 2910 2135 2997 vigesimoquinto.
2180 2916 2331 2978 Post
2359 2912 2513 3000 ejus
2545 2917 2896 2977 consumma·

445 2996 693 3063 tionem
760 2996 1012 3066 sactum
1066 3009 1167 3065 cst
1215 3020 1468 3085 corpus
1527 2998 1842 3085 Martyris
1914 2998 2150 3067 album
2231 3000 2409 3067 sicut
2463 2998 2617 3073 nix,
2666 2993 2893 3080 emittetis

443 3107 718 3153 suavem
772 3086 1049 3154 odorem
1118 3100 1630 3173 unguentorum
1683 3100 1748 3154 et
1796 3086 2209 3169 suffituum3
2278 3101 2343 3156 et
2393 3099 2661 3177 propter
2709 3084 2811 3149 hoc
2843 3094 2894 3141 εῖ-

445 3195 658 3273 gnum
717 3174 912 3243 multi
966 3174 1123 3242 sacti
1174 3188 1337 3245 sunt
1396 3175 1789 3243 Christiani.
1845 3180 2322 3265 Deposuerunt
2379 3189 2601 3245 autem
2664 3179 2894 3258 sanctum

448 3285 511 3330 in
554 3263 698 3331 loco
735 3265 1015 3354 insigni,
1053 3264 1171 3331 ubi
1210 3262 1384 3331 fiunt
1418 3264 1675 3332 multae
1709 3265 2099 3333 curationes
2142 3265 2222 3333 ad
2269 3264 2557 3354 gloriam
2594 3261 2698 3329 Dei
2727 3264 2892 3326 Patris-

435 3366 507 3419 et
558 3353 819 3421 Domini
876 3354 1088 3422 nostri
1137 3350 1304 3421 Je‘su
1345 3353 1617 3432 Christi,
1675 3353 1882 3422 simul
1934 3376 2092 3422 cum
2155 3357 2403 3424 Sancto
2454 3353 2696 3442 Spiritu
2737 3348 2793 3414 in
2831 3360 2892 3405 se·

446 3440 600 3509 cula
654 3441 1071 3519 seculorum,
1127 3447 1333 3509 Amen
1385 3441 1440 3506 ¹⁵.

498 3614 521 3637 ⁸¹
554 3614 598 3653 S.
630 3614 907 3655 Mercurius.
938 3611 1004 3651 ait
1032 3614 1262 3652 Bai-onius
1294 3614 1339 3652 in
1360 3615 1616 3657 Ameaffo'buoe,
1635 3615 1849 3662 sequenti
1872 3615 2048 3659 seculo,
2067 3624 2160 3662 quo
2189 3615 2520 3653 ostenderetur
2547 3612 2712 3652 sanctos
2737 3602 2892 3661 Um&

442 3666 491 3705 in
521 3667 665 3705 coelis
698 3668 870 3711 vivero,
901 3670 947 3705 ot
978 3668 1023 3705 in
1063 3667 1423 3705 necessitatibus
1458 3677 1539 3706 cos
1574 3667 1902 3706 invocantibus
1933 3672 2120 3715 praesto
2140 3678 2258 3712 esse,
2278 3678 2362 3716 pro
2385 3665 2636 3706 Christiana
2655 3647 2890 3706 religffiffl'fl‘

441 3721 1174 3813 sgssg¹gqssjigssffitgsssst'll¹¹imum
1209 3730 1440 3768 pugnasse
1470 3723 1689 3770 repertun
1712 3725 1797 3760 ast.
1823 3739 1874 3749 —-
1895 3722 1937 3760 S.
1958 3721 2182 3762 Mercurii
2203 3723 2394 3767 festum,
2413 3721 2534 3769 apud
2552 3721 2739 3758 Graecos·
2752 3710 2890 3748 ⁰1¹⁸&
