2993 4837
582 259 665 320 68
1128 271 1204 316 ne
1254 271 1306 316 s.
1363 269 1722 317 onmium
1774 270 1941 316 vinc.
1997 270 2070 316 m
2119 271 2306 316 mar.
2645 251 2794 315 Nov.
2831 254 2892 315 25

454 372 513 427 te
563 370 777 426 untur
828 353 1188 445 probabili.
1237 353 1343 422 Sic
1392 354 1575 422 enim
1611 367 1676 423 et
1683 355 2002 510 cpatriam
2056 353 2461 443 sapientiam
2492 373 2707 420 omnes
2733 351 2899 421 admi—

455 382 813 522 raffiuntun
861 457 925 513 et
961 465 1083 512 nos
1133 455 1424 512 vestram
1477 442 1674 512 dicen
1733 444 1753 511 i
1801 442 2193 512 facultatem
2242 455 2307 511 et
2352 456 2560 510 artem
2595 441 2902 520 laudantes,

449 547 512 603 et
545 545 892 621 acceptam
933 532 1284 611 habenteS‚
1343 553 1457 600 vos
1511 532 1782 620 magnis
1829 531 2032 601 donis
2081 531 2690 600 remunerabimus,
2724 553 2754 594 s
2787 533 2906 597 Cum

448 645 566 690 eae
614 643 776 712 ergo
819 621 1081 690 litterae
1132 620 1319 689 brevi
1369 641 1488 708 per
1537 631 1749 688 totum
1803 643 2010 689 suum
2073 621 2529 709 pervasissent
2573 619 2907 707 imperium.

447 723 916 780 convenerunt
961 709 1045 778 ad
1098 709 1326 797 ipsum
1379 708 1574 777 electi
1628 730 1916 780 numero
1964 708 2472 798 quinquaginta
2518 720 2910 791 oratores,qui

446 812 641 867 erant
667 821 858 867 acres
887 797 971 866 ad
1011 796 1527 876 inveniendum,
1567 809 1631 865 et
1665 797 1960 866 multum
2000 796 2315 865 valebant
2355 798 2422 864 in
2460 796 2755 864 dicendo.
2787 800 2915 876 Quos

447 911 603 956 cum
659 887 962 977 proxime
1010 885 1350 956 sistendos
1412 899 1723 954 curasset
1782 886 2182 964 MaxentiuS,
2251 898 2328 954 ut
2367 884 2805 953 familiaritate
2841 906 2915 950 eos.

452 976 670 1066 magis
701 987 975 1045 acueret
1006 987 1071 1043 et
1107 974 1455 1043 incitaret:
1513 997 1549 1040 <‹
1579 979 1788 1056 Quae,
1845 974 2091 1059 inquit,
2130 997 2170 1042 a
2222 974 2423 1042 nobis
2471 972 2556 1042 ad
2599 995 2706 1042 vos
2738 972 2918 1040 missa»²

447 1078 610 1134 sunt
656 1065 939 1143 litterae,
978 1063 1463 1153 significarunt
1509 1085 1790 1132 causam
1843 1063 2044 1133 vestri
2088 1062 2223 1131 huc
2271 1063 2633 1131 adventus.
2666 1067 2781 1128 Vos
2805 1081 2916 1146 ergo

448 1153 686 1242 pulcre
736 1175 851 1224 vos
899 1154 1086 1242 ipsos
1138 1152 1388 1240 paretis
1436 1163 1501 1219 et
1550 1151 1931 1221 instruatis.
1971 1157 2198 1238 Neque
2249 1151 2435 1238 quod
2476 1150 2563 1219 sit
2608 1150 2914 1218 adversaria

450 1242 770 1320 foemina,
826 1241 1110 1330 segnius
1141 1253 1261 1309 aut
1295 1238 1474 1328 negli
1531 1240 1756 1309 entius
1793 1240 2080 1309 veniatis
2109 1241 2191 1309 ad
2229 1254 2581 1309 certamen
2618 1264 2632 1318 ς
2668 1237 2768 1306 sed
2808 1253 2916 1304 tam-

446 1353 653 1418 quam
687 1342 922 1399 contra
954 1329 1409 1398 fortissimum
1442 1350 1478 1395 a
1537 1328 1940 1407 versarium,
1981 1350 2311 1418 generoso
2337 1343 2402 1398 et
2437 1328 2702 1396 excelso
2729 1327 2911 1393 animo.

444 1431 691 1488 etcum
728 1418 917 1487 omni
951 1430 1289 1508 apparatu
1332 1417 1400 1484 in
1442 1438 1591 1486 eam
1633 1418 2030 1508 insurgatis.
2069 1423 2235 1486 Nam
2266 1418 2325 1486 si
2358 1417 2661 1486 viceritis
2689 1415 2911 1502 quidem,

447 1529 577 1576 non
634 1506 1035 1575 videbimini
1081 1506 1318 1575 multis
1366 1526 1651 1593 parvum
1712 1507 2496 1595 erexisse-trophaeum.
2562 1506 2674 1574 Sin
2720 1517 2912 1573 autem.

443 1594 625 1682 quod
677 1595 898 1675 absit,
956 1617 1072 1665 vos
1122 1594 1301 1663 vinci
1349 1594 1732 1683 contigerit,
1791 1617 1896 1662 ma
1956 1617 2120 1663 num
2174 1594 2480 1663 dedecus
2542 1595 2724 1663 vobis
2766 1591 2916 1660 conci»

446 1683 725 1762 liabitiS,
780 1695 843 1752 et
894 1683 1290 1752 ridebimini
1324 1683 1409 1752 ab
1441 1683 1792 1752 omnibus,
1844 1689 1888 1751 Α
1944 1683 2314 1782 spicientes
2362 1683 2556 1752 enim
2607 1682 2688 1750 ad
2729 1700 2911 1752 sexum,

444 1772 625 1858 quod
679 1773 767 1841 sit
815 1771 1085 1851 mulier,
1143 1793 1291 1840 eam
1343 1793 1490 1840 esse
1538 1771 1932 1840 existimant
1980 1794 2048 1840 in
2102 1771 2400 1841 dicendo
2437 1771 2848 1845 imbecillam,
2882 1783 2914 1832 a

445 1861 595 1949 ejus
644 1860 1072 1948 eloquentiae
1116 1860 1343 1930 nullas
1390 1882 1539 1929 esse
1588 1860 1764 1931 vires
1812 1860 2273 1941 arbitrantur,
2327 1882 2629 1946 eamque
2667 1857 2816 1926 nihil
2852 1876 2914 1943 ge·

445 1970 766 2019 nerosum
810 1972 888 2018 ac
924 1948 1091 2018 so'rte
1128 1970 1323 2038 posse
1363 1962 1483 2018 aut
1516 1948 1759 2028 facere,
1798 1962 1918 2018 aut
1958 1948 2206 2018 dicere.
2264 1954 2404 2038 Ego
2456 1963 2710 2027 autem,
2752 1943 2914 2028 utqui

443 2038 596 2125 ejus
645 2051 1036 2107 accuratam
1098 2038 1386 2107 habeam
1438 2037 1926 2126 experientiam
1960 2093 1974 2116 ,
2036 2038 2283 2126 opinor
2329 2039 2420 2107 ab
2471 2060 2553 2106 ea
2618 2033 2913 2108 secundum

444 2125 753 2196 futurum
808 2127 1180 2206 Platonem,
1219 2127 1339 2213 qui
1380 2125 1538 2195 tulit
1573 2127 1833 2215 primas
1884 2138 2108 2215 partes
2157 2126 2569 2216 sapientiae.
2611 2131 2836 2210 Vosque
2858 2120 2912 2186 sic

441 2215 641 2284 velim
680 2237 827 2285 esse
870 2227 1161 2300 paratoS‚
1211 2214 1494 2304 perinde
1528 2238 1606 2284 ac
1639 2216 1695 2285 si
1728 2216 2058 2283 adversus
2094 2214 2288 2283 illurn
2334 2216 2577 2304 ipsum
2614 2214 2821 2283 essetis
2843 2209 2914 2274 de·

442 2304 790 2374 certaturi.
844 2308 958 2373 Est
996 2304 1177 2372 enim
1226 2303 1495 2381 meliuS,
1545 2326 1796 2392 magna
1835 2315 2301 2391 exspectantes
2339 2305 2656 2372 invenire
2688 2302 2910 2370 minora.

441 2415 649 2481 quam
697 2415 898 2482 parva
939 2404 1312 2482 sperantes,
1355 2392 1659 2462 incidere
1697 2393 1760 2461 in
1801 2391 2097 2462 fortiora.
2138 2415 2173 2458 »

528 2486 564 2568 ξ
612 2485 691 2552 S.
745 2481 837 2550 Ad
891 2482 1057 2550 haec
1106 2482 1273 2550 dixit
1318 2504 1507 2552 unus
1555 2504 1632 2550 ex
1676 2481 2086 2560 oratoribuS,
2128 2481 2246 2567 qui
2286 2496 2436 2552 erat
2475 2482 2760 2550 eximius
2798 2477 2913 2544 inter

440 2592 679 2639 omnes
727 2570 1076 2657 quierant
1121 2592 1278 2639 cum
1317 2570 1524 2670 ipsis:
1580 2594 1616 2635 «
1669 2576 2211 2640 Consentaneum
2277 2583 2428 2650 est,
2487 2594 2528 2639 o
2578 2575 2906 2661 Imperator.

442 2659 607 2728 haec
644 2659 733 2727 ita
784 2680 855 2726 se
906 2659 1178 2731 habere.
1230 2672 1295 2728 et
1345 2658 1562 2728 intelli
1614 2672 1837 2728 entem
1888 2681 2036 2727 esse
2087 2658 2479 2739 mulierem,
2534 2671 2602 2727 et
2655 2656 2811 2725 acuti
2847 2671 2907 2718 ιι]-

440 2749 645 2835 genii.
704 2746 829 2815 Sed
866 2769 997 2816 non
1054 2747 1319 2817 videtur
1370 2747 1541 2816 mihi
1602 2770 1739 2825 ore,
1793 2760 1869 2816 ut
1917 2747 2252 2816 sustineat
2300 2748 2541 2827 venire
2590 2748 2656 2814 in
2703 2763 2906 2827 conspe·

438 2851 620 2904 ctum
666 2836 979 2915 oratoriS,
1041 2836 1293 2905 nedum
1345 2847 1420 2904 ut
1451 2858 1611 2904 cum
1661 2858 1739 2904 eo
1774 2837 1956 2904 ineat
1993 2847 2335 2905 certamen
2376 2833 2851 2925 disputationis,
2873 2842 2908 2890 θ’.

440 2936 560 2991 aut
592 2923 853 3009 aliquid
894 2939 1249 3013 proponat,
1304 2938 1422 2993 aut
1453 2938 1778 3013 opponat.
1818 2923 1993 3007 Quid
2046 2935 2146 2992 est
2192 2925 2378 2992 enim
2434 2924 2687 2993 mulier
2734 2920 2801 2989 ad
2842 2938 2907 2983 ar·

443 3026 571 3081 tem
619 3011 1345 3083 rhetoricam?Veniat
1393 3025 1618 3082 tamen
1657 3013 1908 3092 solum,
1953 3026 2011 3082 te
2040 3013 2352 3100 jubente,
2407 3026 2476 3081 et
2526 3011 2770 3080 videbis
2794 3026 2906 3096 quar

438 3101 764 3190 deinceps
811 3115 1355 3189 consequuntur.
1394 3125 1429 3167 »
1480 3106 1644 3171 Cum
1697 3125 1858 3191 ergo
1904 3114 2240 3170 oratorem
2276 3100 2447 3170 adeo
2495 3099 2812 3170 tumidum
2851 3116 2906 3155 v·-

437 3190 647 3258 disset
697 3191 1096 3271 Maxentius,
1143 3190 1224 3259 ad
1292 3190 1707 3279 voluptatem
1758 3204 1822 3258 et
1873 3189 2197 3259 laetitiam
2249 3190 2482 3259 statim
2537 3189 2663 3258 suit
2701 3202 2906 3254 conver·

439 3302 580 3359 sue,
628 3301 915 3366 sperans
976 3278 1229 3350 stultus
1296 3279 1607 3368 linguam
1660 3278 1827 3347 adeo
1897 3279 2466 3367 intemperantem
2528 3292 2593 3347 et
2654 3273 2904 3344 audacem

442 3389 924 3456 persuasuram
981 3367 1260 3456 linguae
1312 3367 1700 3436 moderatae
1747 3380 1810 3436 et
1873 3367 2113 3456 plenae
2161 3367 2524 3456 sapientia.
2582 3366 2762 3433 Jubet
2800 3380 2905 3435 erga·

437 3472 593 3526 ante
642 3480 712 3525 se
762 3457 909 3526 sisti
961 3462 1349 3545 Martyrem.
1405 3456 1696 3524 Collecta
1743 3478 2016 3542 quoque
2073 3454 2292 3524 fuerat
2360 3456 2680 3541 irequens
2741 3446 2904 3517 multi-

441 3544 624 3622 tudo,
665 3567 1085 3614 concurrens
1133 3545 1215 3614 ad
1270 3543 1741 3633 spectaculum
1780 3544 2200 3623 certaminis,
2255 3558 2331 3613 ut
2380 3545 2662 3620 scirent,
2696 3548 2900 3635 eruisti

441 3647 627 3732 parte
675 3646 882 3703 staret
947 3634 1249 3703 victoria.
1316 3632 1632 3703 Nondum
1687 3646 2135 3723 pervenerant
2180 3632 2264 3702 ad
2316 3632 2692 3702 custodiam
2749 3627 2784 3692 ii
2824 3640 2898 3706 qm

426 3722 605 3808 jussi
652 3720 1100 3793 fuerantearn
1166 3722 1532 3803 adducere,
1586 3744 1744 3790 cum
1805 3722 2101 3811 Angelus
2153 3723 2420 3789 Domini
2481 3722 2543 3789 ei
2590 3728 2895 3809 apparens}

443 3835 467 3873 ‹
516 3810 662 3879 Noli
701 3812 961 3891 timere,
1000 3812 1118 3889 ait,
1164 3811 1275 3879 Dei
1312 3810 1562 3910 puella.
1606 3815 1776 3879 Ecce
1806 3811 1989 3879 enim
2081 3822 2297 3879 raeter
2339 3824 2526 3879 tuam
2572 3806 2894 3895 sapientiam

439 3900 559 3968 tibi
608 3898 886 3968 dabitur
917 3924 957 3968 a
1006 3904 1138 3968 Deo
1186 3900 1548 3989 sapientia,
1584 3911 1649 3967 et
1700 3899 2034 3987 persuade
2090 3900 2145 3968 is
2201 3898 2694 3987 quinquaginta
2739 3902 2892 3982 oraem-

438 3988 652 4057 ribus.
703 3993 930 4074 Neque
990 3988 1215 4058 solum
1273 3987 1739 4076 persuadebiS,
1795 3986 1911 4057 sed
1966 4000 2031 4056 et
2088 3987 2102 4055 i
2163 4010 2294 4066 soS,
2363 4001 2429 4055 et
2496 3978 2889 4078 muliosahos

433 4077 552 4160 qui
601 4089 764 4145 sunt
795 4098 953 4145 cum
1009 4077 1133 4156 eiS,
1172 4075 1255 4145 ad
1310 4082 1521 4145 Deum
1562 4076 1889 4146 adduces.
1935 4076 2093 4144 Dein
2148 4097 2184 4143 e
2232 4088 2307 4144 tu
2367 4095 2630 4161 quoque
2670 4088 2782 4164 eris
2822 4082 2884 4126 ff·

434 4164 672 4230 dimlta
703 4167 954 4233 corona
997 4165 1329 4253 martyrii.
1372 4190 1405 4231 »
1445 4170 1622 4233 Haec
1670 4164 1785 4233 ille
1831 4163 2112 4251 quidem
2149 4185 2308 4234 cum
2350 4164 2642 4240 dixisset,
2674 4158 2821 4225 abiit·

523 4253 558 4333 ξ
607 4255 700 4318 9.
757 4258 921 4319 Cum
974 4275 1120 4320 eam
1174 4268 1400 4321 autem
1465 4253 1893 4342 accepissent
1942 4253 1987 4321 ii
2038 4252 2156 4339 qui
2229 4253 2424 4323 missi
2491 4253 2756 4321 fuerant.
2795 4233 2876 4305 ad·

436 4336 697 4404 ducunt
748 4340 827 4404 ad
889 4340 1182 4407 tribunal
1226 4342 1687 4430 Imperatoris.
1744 4346 1818 4410 Et
1871 4342 2095 4410 statim
2160 4342 2479 4430 egregius
2526 4339 2628 4406 ille
2674 4342 2870 4401 orator-
