2993 4837
106 312 255 377 λὈϊ.
308 312 346 373 2
922 330 993 373 os
1042 328 1369 373 prosumus
1419 328 1761 375 nerui-scus
2435 315 2519 377 49

101 412 476 483 subsidiaria
503 434 714 502 opera
743 425 992 492 carent,
1025 435 1146 481 nec
1171 412 1543 499 quicquam
1580 413 1647 480 in
1679 412 1917 481 Missas
1955 413 2237 503 piasque
2272 418 2604 503 erogatio·

101 524 200 571 nes
244 502 628 588 relinquere
668 514 981 590 possunt,
1026 500 1109 569 ad
1156 501 1341 569 hunc
1394 501 1675 570 modum
1731 502 2052 588 loquitur.
2110 502 2280 584 Quid
2332 503 2600 571 tandem

101 592 203 660 iste
231 590 360 659 ait?
396 597 489 658 An
538 592 703 677 quia
754 590 881 678 ipsi
914 589 1162 680 opibus
1189 589 1682 669 destituuntur,
1727 607 2125 677 exterasque
2161 591 2471 681 regiones
2508 594 2572 660 in

100 678 321 759 colunt,
350 679 681 765 nulloque
710 679 855 747 loco
888 701 963 747 ac
1002 700 1289 747 numero
1328 692 1718 758 censentur,
1762 701 1881 748 nec
1916 679 2167 747 habent
2197 682 2311 766 qui
2354 680 2606 750 laboris

104 768 289 837 socios
334 791 479 837 sese
524 768 663 836 illis
711 767 1111 858 adjungant,
1171 780 1522 857 propterea
1571 767 1861 837 salutem
1925 791 2055 837 non
2104 774 2611 855 assequentur?

105 856 400 944 iniquitas
448 878 614 947 ergo
646 858 711 925 in
755 862 959 925 Deum
995 855 1212 935 cadet,
1255 856 1591 942 siquidem
1640 856 1913 925 habenti
1962 858 2251 927 daturus
2300 872 2421 939 est,
2473 880 2602 925 non

100 959 293 1014 autem
343 945 621 1015 babenti
673 945 843 1015 nihil
894 945 1198 1014 tribuet?
1246 945 1568 1034 Apagesis
1604 944 1811 1023 istud,
1859 945 2177 1032 quisquis
2207 968 2286 1015 ex
2323 947 2470 1035 ipso
2503 970 2597 1014 es.

99 1033 305 1102 iustus
334 1036 518 1104 enirn
569 1047 670 1103 est
720 1039 894 1103 Deus
933 1057 1012 1102 ac
1058 1033 1411 1115 Dominus,
1469 1034 1704 1113 immo,
1761 1047 1836 1102 ut
1877 1035 2103 1103 verius
2160 1035 2444 1120 loquar,
2489 1037 2606 1124 ju-

100 1122 253 1190 stitia
295 1123 461 1212 ipsa,
493 1136 557 1191 et
585 1123 941 1213 sapientia,
974 1137 1039 1193 et
1063 1123 1356 1201 bonitaS,
1392 1135 1456 1190 et
1491 1123 1785 1210 potentia
1821 1144 1997 1202 vera,
2036 1146 2112 1191 ac
2143 1146 2262 1212 per
2289 1146 2358 1194 se
2384 1126 2607 1194 consi-

103 1222 277 1279 stens.
306 1212 638 1293 Quocirca
673 1233 795 1302 pro
829 1235 948 1280 sua
983 1211 1276 1301 justitia,
1313 1211 1622 1300 pauperi,
1658 1234 1735 1279 ac
1774 1233 1999 1279 rerum
2034 1214 2344 1281 omnium
2381 1213 2608 1302 inopia

106 1296 427 1381 laboranti,
468 1301 707 1390 copias
737 1300 1207 1390 amplissimas
1245 1298 1759 1390 rependetrpro
1800 1322 1921 1369 sua
1957 1301 2289 1389 sapientia
2326 1300 2387 1368 id
2427 1316 2602 1390 aget,

106 1399 265 1457 ntea
300 1410 472 1475 quae
522 1390 653 1479 ipsi
712 1389 984 1463 desunt,
1041 1387 1540 1478 permutatione
1590 1388 2089 1478 suppleantur;
2146 1412 2268 1478 pro
2317 1412 2440 1459 sua
2493 1412 2576 1479 po

107 1477 279 1546 tentia
328 1477 388 1545 id
438 1478 624 1565 quod
682 1479 1041 1548 robustum
1093 1489 1194 1545 est
1234 1476 1522 1566 franget,
1552 1490 1641 1545 ·et
1679 1477 1858 1563 quod
1914 1478 2266 1547 infirmum
2313 1489 2412 1547 est
2459 1501 2609 1547 cor-

105 1564 451 1646 roborabit;
512 1589 633 1657 pro
676 1590 797 1636 sua
856 1567 1152 1636 bonitate
1205 1564 1269 1633 id
1316 1564 1500 1653 quod
1554 1567 1874 1636 manibus
1924 1567 2068 1637 suis
2117 1566 2400 1646 effinxit,
2445 1589 2609 1635 con-

106 1654 412 1724 servabit:
498 1656 630 1726 nisi
710 1655 868 1742 quis
946 1655 1305 1744 perspicue
1370 1654 1762 1744 deploratae
1827 1654 2285 1742 improbitatis
2350 1654 2552 1724 fuerit
2591 1713 2605 1733 ,

108 1756 458 1829 rectamque
511 1744 716 1813 fidem
770 1743 1299 1833 contempserit,
1357 1743 1423 1811 in
1473 1764 1688 1829 eaque
1749 1765 1956 1812 causa
2017 1744 2151 1825 sit,
2210 1758 2282 1812 ut
2333 1745 2612 1813 sinistra

108 1829 296 1987 ipsigs
358 1833 516 1902 lanx
582 1833 903 1901 deorsum
962 1855 1119 1921 prae
1181 1833 1509 1921 gravitate
1579 1832 1899 1920 majorem
1973 1833 2035 1899 in
2106 1833 2383 1902 modum
2454 1855 2610 1924 pro-

110 1940 217 2007 pen
263 1934 385 1990 eat.
1145 1975 1158 1988 .

179 2010 210 2095 ξ
250 2014 385 2080 ¹².
439 2015 732 2078 Narrant
781 2008 962 2076 enirn
1010 2008 1132 2076 viri
1174 2007 1452 2095 quidam
1498 2008 1831 2077 divinitus
1864 2008 2208 2088 illustrati,
2249 2010 2606 2079 hominum

120 2100 367 2167 annones
415 2099 484 2166 in
539 2111 839 2166 extremo
891 2097 1062 2165 vitae
1100 2097 1371 2184 spiritu,
1417 2119 1549 2165 non
1591 2119 1788 2165 secus
1821 2112 2022 2185 atque
2054 2098 2118 2165 in
2173 2099 2428 2167 trutina
2467 2120 2615 2187 per-

128 2185 303 2271 madi.
353 2192 439 2256 Ac
482 2187 825 2274 siquidem
870 2185 1099 2254 dextra
1153 2185 1307 2254 lanx
1344 2208 1556 2275 supra
1591 2186 1869 2254 alteram
1908 2186 2250 2265 efferatur,
2299 2208 2429 2255 non
2468 2208 2615 2256 esse

131 2266 558 2355 dubitandum,
598 2276 764 2362 quin
809 2275 1125 2360 quisquis
1162 2274 1271 2343 ille
1306 2274 1415 2354 sit,
1467 2276 1642 2343 inter
1675 2274 1943 2343 dextros
1984 2274 2271 2365 Angelos
2307 2275 2607 2343 animam

128 2359 352 2434 exhalet.
405 2366 473 2435 Si
526 2378 757 2433 autem
851 2364 995 2433 aria
1032 2364 1388 2450 utriusque
1439 2362 1659 2433 lancis
1712 2378 2052 2440 momenta
2103 2364 2261 2443 sint,
2319 2363 2428 2431 Dei
2481 2362 2616 2433 cle-

124 2453 391 2522 mentiam
450 2387 911 2544 proculdubio
963 2453 1308 2522 victoriam
1362 2452 1691 2524 obtinere.
1733 2454 1935 2534 Quin,
1977 2465 2050 2521 ut
2083 2475 2121 2521 a
2162 2452 2616 2522 sanctissimis

124 2537 252 2608 viris
292 2543 636 2631 proditum
689 2555 827 2621 est,
879 2542 1148 2610 etiamsi
1202 2543 1451 2610 trutina
1514 2541 1826 2610 nonnihil
1879 2541 1959 2609 ad
2015 2541 2271 2610 laevam
2338 2555 2609 2630 vergat,

122 2637 237 2718 tum
280 2643 491 2700 tamen
547 2631 653 2699 Dei
698 2652 970 2716 quoque
1008 2628 1471 2698 misericordia
1517 2629 1790 2719 supplet
1826 2629 1889 2697 id
1926 2629 2104 2716 quod
2160 2629 2611 2699 desideratur.

120 2716 304 2788 nabes
342 2721 468 2788 ‘am
527 2733 665 2787 tres
704 2719 973 2787 divinas
1028 2719 1289 2787 Domini
1343 2719 1763 2799 sententias,
1829 2741 2119 2806 quarum
2169 2719 2389 2809 prima
2429 2719 2618 2806 justa

124 2816 235 2894 est,
279 2821 479 2877 atera
545 2807 842 2897 benigna
904 2822 1104 2893 atque
1168 2806 1617 2893 humanitatis
1670 2806 1919 2908 plena,
1990 2809 2179 2877 tertia
2246 2807 2615 2877 bonitatem

130 2911 340 2964 minem
377 2896 671 2966 excedit.
714 2898 1035 2983 Sequitur
1065 2910 1328 2982 quarta,
1360 2918 1535 2982 quae
1570 2896 1845 2982 quidem
1888 2909 2025 2966 tum
2062 2896 2355 2985 denique
2389 2896 2615 2966 locum

132 2976 301 3065 habet,
352 3007 518 3056 cum
577 2986 925 3075 improbae
965 2996 1030 3051 et
1077 2985 1455 3073 flagitiosae
1502 2985 1802 3056 actiones
1854 2985 2143 3054 nimium
2200 2984 2621 3076 praeponde-

128 3084 261 3141 rant.
306 3075 541 3154 Eheu,
596 3079 902 3142 Fratres:
962 3095 1116 3141 nam
1173 3076 1336 3142 haec
1383 3095 1654 3161 quoque
1697 3074 2082 3157 justissima
2135 3091 2257 3154 est,
2324 3089 2392 3142 ut
2442 3095 2621 3160 quae

122 3153 417 3234 damnatis
472 3186 605 3232 non
662 3163 788 3230 nisi
847 3162 1019 3231 'usta
1072 3163 1500 3260 pronunciet.
1559 3167 1633 3234 At
1666 3161 1834 3231 illud
1882 3162 2161 3249 quidam
2204 3185 2622 3230 commemo·

120 3245 352 3330 rabunt,
412 3251 595 3339 quod
655 3251 740 3319 ab
785 3185 899 3319 ilio
938 3251 1125 3320 orbis
1176 3251 1474 3320 universi
1527 3250 1787 3319 lumine
1838 3250 2028 3318 beato
2077 3251 2324 3318 Basilio
2358 3252 2617 3319 dictum

117 3350 231 3404 est:
261 3344 472 3409 Nolite
503 3363 757 3419 errare,
809 3344 980 3408 Deus
1011 3359 1151 3408 non*
1172 3340 1520 3408 irridetur.
1562 3341 1866 3410 Cadaver
1895 3339 1986 3407 ad
2018 3342 2232 3408 altare
2266 3363 2392 3407 non
2425 3340 2620 3408 adni-

117 3423 292 3495 betur.
338 3431 569 3500 Vivum
619 3431 816 3508 enim,
863 3428 1084 3515 inquit
1131 3426 1266 3507 ille,
1310 3428 1715 3518 sacrificium
1765 3439 1951 3496 tuum
1994 3429 2175 3518 offer.
2226 3430 2419 3516 Reyis
2455 3450 2624 3515 pur-

113 3526 355 3600 puratos
404 3541 496 3586 ex·
526 3541 792 3586 mensae
826 3527 978 3585 tune
1024 3519 1332 3608 reliquiis
1380 3520 1575 3606 epulo
1608 3518 1908 3606 accipere
1945 3540 2073 3585 non
2108 3527 2314 3606 potes.
2367 3517 2626 3584 Etenim

118 3604 218 3689 qui
254 3628 337 3673 eae
383 3629 478 3688 e0,
522 3607 699 3697 quod
727 3605 1084 3683 redundat,
1141 3606 1350 3695 offert,
1390 3615 1461 3674 ut
1504 3606 1706 3696 hujus
1745 3628 1987 3674 munus
2016 3616 2212 3696 qrato
2247 3605 2469 3673 animo
2519 3628 2626 3673 ac-

117 3691 401 3790 cipiacur,
450 3697 609 3784 fieri
636 3697 899 3764 omnino
936 3695 1189 3785 nequit.
1248 3699 1338 3762 Tu
1370 3717 1524 3762 vero
1557 3717 1659 3772 ea,
1699 3717 1870 3785 quae
1899 3705 2042 3784 post
2082 3704 2385 3762 emactum
2425 3695 2626 3761 totius

119 3790 267 3848 vitae
296 3786 708 3853 curriculum
740 3785 864 3851 tibi
887 3785 1385 3872 superfuerunt,
1421 3787 1505 3863 ei,
1537 3785 1746 3873 quite
1774 3784 2101 3873 beneficiis
2128 3784 2370 3873 affecit,
2398 3783 2629 3872 offerre

118 3888 225 3965 non
253 3872 565 3942 dubitas?
598 3872 686 3941 Ad
728 3871 854 3939 boc
899 3893 1020 3941 nos
1054 3871 1142 3939 ita
1186 3870 1718 3960 respondemus:
1775 3871 2122 3940 Praeclare
2176 3894 2469 3960 magnus
2511 3876 2632 3939 Ba-

121 3954 291 4025 silius
336 3974 399 4029 et
446 3960 753 4048 loquitur
799 3973 864 4028 et
925 3959 1140 4030 docet.
1216 3965 1459 4028 Verum
1513 3960 1594 4027 ad
1670 3982 1843 4046 quos
1900 3961 2271 4029 orationem
2329 3960 2625 4040 habeas,

123 4045 594 4118 animadvertas
631 4049 854 4117 velim.
894 4050 1229 4118 Nimirum
1275 4050 1355 4117 ad
1395 4071 1658 4124 avaros,
1705 4047 1785 4116 ad
1825 4062 2149 4138 raptores,
2198 4049 2279 4117 ad
2318 4050 2635 4118 homines

125 4131 195 4199 ab
233 4139 413 4205 omni
465 4136 915 4207 humanitatis
965 4137 1231 4206 foedere
1281 4161 1357 4206 ac
1422 4137 1886 4205 misericordia
1939 4137 2248 4206 alienos:
2301 4137 2636 4224 quemad-

130 4222 376 4294 modum
413 4227 559 4316 ipse
596 4240 905 4307 testatur,
941 4250 1097 4296 cum
1152 4228 1281 4294 ait:
1336 4226 1437 4294 Ad
1469 4249 1581 4294 cor
1611 4247 1896 4293 sacreum
1940 4228 2188 4314 loquor.
2247 4232 2322 4294 Et
2361 4247 2629 4296 rursus:

134 4307 431 4384 Quamdiu
472 4318 537 4384 in
570 4319 716 4385 vita
748 4327 1047 4384 versatus
1095 4340 1183 4388 es.
1237 4315 1694 4403 voluptatibus
1728 4335 1807 4381 ac
1841 4313 2100 4380 deliciis
2140 4316 2519 4404 indulgen&
2560 4335 2640 4382 ac

135 4397 277 4468 lux-u
313 4404 638 4494 diffluens,
675 4427 1007 4496 pauperes
1031 4429 1112 4472 ne
1145 4402 1736 4492 contuerz'quidem
1768 4403 2159 4468 sustinebas.
2197 4407 2382 4470 Nunc
2413 4414 2642 4471 autem

260 4525 488 4581 surius
516 4555 543 4568 -
582 4523 756 4584 Vitae
785 4521 891 4583 SS.
920 4553 944 4569 ·
975 4521 1109 4584 Vol.
1146 4519 1243 4580 Xl.
2453 4517 2490 4575 4
