2993 4837
90 274 249 339 NOV.
301 274 371 337 2¹
881 292 957 338 na
1007 294 1061 339 s.
1116 286 1486 341 commemo
1535 293 1775 339 sanna
2389 275 2517 338 629

89 374 470 465 properavit,
513 375 631 444 ubi
682 374 1244 464 Ragamundum,
1301 377 1421 464 qui
1471 377 1534 447 ei
1575 389 1807 446 custos
1845 388 1909 446 et
1955 377 2288 446 deductor
2374 398 2448 445 er
2479 379 2606 448 iter

83 465 415 534 adhibitus
443 478 609 545 erat,
646 463 1043 553 appellans:
1091 488 1127 531 «
1167 470 1525 546 Mement0‚
1574 466 1818 552 inquit,
1864 488 1903 535 o
1948 472 2305 556 Ragamun
2360 487 2420 546 e,
2456 466 2604 535 Clo-

86 553 338 631 tarium‚
394 573 595 639 quem
658 573 841 620 nunc
891 554 1355 633 contemnitiS,
1415 554 1589 622 intra
1641 555 2015 624 triennium
2078 576 2193 623 vos
2241 554 2603 625 dominum

82 641 436 711 habituros.
479 664 515 707 »
563 646 639 709 At
690 640 844 710 ille:
899 665 935 708 «
985 647 1141 723 Cur,
1183 643 1429 730 inquit,
1475 641 1754 711 domine
1807 645 1922 725 mi,
1966 643 2126 712 talia
2181 642 2532 729 loqueris?
2565 666 2603 710 »

81 735 160 830 Et·
188 731 285 799 vir
340 729 496 799 Dei:
551 752 587 795 «
639 734 946 811 Prorsus,
1010 731 1128 812 ait,
1189 731 1451 802 videbis
1499 752 1677 818 quae
1724 731 1891 811 dixi,
1934 732 1992 800 si
2045 744 2207 800 tunc
2257 745 2603 820 superstes

80 841 223 889 eris.
282 844 306 879 ι

151 909 185 994 5
229 910 367 980 14.
424 912 758 996 Egressus
805 906 965 977 inde
1026 908 1112 977 ab
1162 907 1674 988 Autissiodoro,
1733 906 1914 978 videt
1976 908 2290 996 juvenem
2348 931 2387 977 a
2444 908 2601 978 dae·

81 1016 260 1064 mone
295 1008 716 1096 correptum,
755 995 1112 1066 celerrime
1159 1018 1239 1066 ex
1272 996 1561 1066 adverso
1609 997 1695 1066 ad
1745 1019 1818 1066 se
1865 1018 2249 1078 accurrere,
2293 998 2413 1083 qui
2452 998 2600 1087 jam

84 1084 299 1185 viginti
335 1083 661 1153 milliaria
710 1086 866 1156 totis
915 1085 1178 1156 viribus
1230 1086 1573 1156 currendo
1624 1086 2028 1156 confecerat.
2084 1090 2174 1155 Eo
2216 1086 2382 1167 viso,
2441 1087 2604 1165 sub-

83 1173 259 1254 stitit,
312 1173 533 1242 donec
584 1173 788 1244 homo
843 1173 1201 1245 daemonis
1262 1187 1406 1245 arte
1469 1175 1828 1246 infestatus
1884 1174 2276 1245 adveniret:
2345 1176 2467 1245 ubi
2513 1175 2599 1244 ad

86 1262 278 1331 virum
332 1263 447 1331 Dei
484 1262 688 1343 venit,
741 1284 970 1332 coram
1017 1263 1134 1333 illo
1163 1264 1446 1345 corruit,
1489 1286 1637 1334 sese
1671 1265 2090 1354 discerpens.
2147 1268 2316 1334 Eum
2371 1265 2599 1351 itaque

89 1351 490 1421 orationibus
559 1364 925 1432 curatum,
992 1353 1163 1441 patri
1226 1354 1549 1442 sospitem
1604 1353 1920 1422 reddidit.
1995 1353 2162 1422 Inde
2218 1353 2302 1422 ad
2373 1354 2603 1423 Niver-

88 1460 267 1509 nense
296 1440 330 1469 ⁸
359 1439 698 1529 oppidum
754 1441 954 1522 venit,
992 1442 1399 1510 custodibus
1430 1443 1994 1512 antecedentibus
2027 1456 2090 1511 et
2125 1442 2601 1529 subsequenti-

86 1528 214 1608 buS,
254 1541 325 1598 ut
373 1529 445 1597 in
500 1528 817 1618 Ligeri*
857 1529 1112 1619 scapha
1162 1543 1508 1621 exceptuS,
1566 1531 1632 1599 in
1686 1535 1913 1602 sinum
1970 1531 2443 1601 Britannicum
2497 1553 2601 1600 re-

83 1614 443 1687 duceretur.
501 1621 806 1703 Cumque
852 1638 931 1687 eo
968 1619 1334 1701 venissent,
1379 1631 1444 1688 et
1492 1619 1681 1688 tarde
1742 1621 1807 1688 in
1862 1620 2192 1709 scapham
2230 1619 2595 1700 insilirent,

81 1703 333 1789 quidam
384 1730 425 1775 e
473 1705 881 1776 custodibus
917 1722 1187 1796 arrepto
1240 1729 1449 1789 remo,
1486 1730 1706 1777 unum
1741 1730 2004 1789 eorum,
2056 1709 2176 1795 qui
2227 1714 2363 1777 Lua
2415 1708 2600 1778 dice-

84 1790 277 1875 batur,
332 1794 697 1884 percussit,
753 1796 975 1865 virum
1026 1796 1544 1866 sanctissimum
1587 1809 1650 1866 et
1699 1798 2014 1886 religioni
2056 1796 2593 1867 deditissimum.

82 1884 347 1953 Cernens
386 1895 619 1952 autem
655 1884 757 1952 vir
791 1885 900 1952 Dei
937 1906 1063 1954 sua
1087 1906 1317 1954 coram
1358 1906 1428 1954 se
1458 1887 1768 1956 membra
1804 1886 2035 1955 caedi:
2075 1908 2110 1951 «
2148 1891 2302 1967 Cur,
2346 1887 2592 1973 inquit,

84 1968 258 2040 homo
303 1970 648 2051 crudelis,
696 1974 986 2043 moerori
1037 1973 1236 2044 addis
1286 1978 1724 2044 moerorem?
1769 1979 1864 2043 An
1918 1996 2051 2043 non
2105 1974 2358 2044 sufficit
2409 1977 2600 2044 vobis

90 2057 157 2125 ad
189 2061 452 2129 ruinam
490 2060 874 2130 admissum
925 2061 1249 2132 facinus?
1289 2067 1420 2132 Cur
1466 2062 1644 2132 fessa
1687 2063 1934 2133 Christi
1976 2062 2283 2131 membra
2316 2064 2545 2133 caedis
2571 2068 2601 2130 Ῥ

92 2149 329 2218 Nove-ris
377 2149 510 2218 hoc
563 2150 712 2237 ipso
746 2149 895 2221 loco
942 2150 1176 2221 divina
1210 2165 1273 2221 te
1309 2150 1567 2221 ultione
1612 2151 2073 2240 plectendum,
2110 2172 2248 2237 quo
2281 2172 2497 2220 ausus
2527 2173 2602 2220 es

96 2231 480 2307 furibundus
529 2237 771 2307 Christi
825 2240 1212 2309 membrum
1246 2240 1552 2310 caedere.
1593 2264 1628 2307 »
1678 2240 1992 2310 Probavit
2034 2240 2158 2308 viri
2197 2240 2309 2308 Dei
2344 2261 2598 2309 sermo-

98 2341 219 2391 nem
262 2347 418 2395 mox
462 2326 831 2397 subsecuta
863 2328 1055 2398 ultio.
1113 2333 1192 2397 Ut
1238 2329 1419 2397 enim
1481 2329 1566 2397 ad
1608 2342 1875 2420 portum
1927 2328 2127 2399 illum
2179 2329 2599 2398 transiturus

95 2410 278 2510 rediit,
330 2414 670 2485 divinitus
711 2439 1105 2504 percussuS‚
1132 2417 1367 2487 eodem
1422 2417 1568 2488 loco
1610 2421 2017 2488 submersus
2050 2429 2174 2488 est.
2207 2422 2337 2486 Cur
2369 2434 2596 2488 autem

113 2515 280 2572 ustus
316 2504 538 2574 ludex
586 2524 734 2573 eam
771 2505 1102 2575 ultionem
1135 2506 1503 2588 distulerit,
1548 2507 1923 2598 ignoratur,
1965 2507 2096 2575 nisi
2147 2506 2478 2588 fortassis,
2516 2528 2600 2574 ne

122 2592 235 2659 eati
261 2593 382 2662 viri
409 2591 596 2661 oculi
624 2597 701 2662 ea
734 2594 1034 2664 vindicta
1065 2594 1598 2665 macularentur.
1618 2596 1785 2665 Inde
1809 2595 1893 2664 ad
1918 2594 2471 2665 Aurelianensem
2497 2596 2601 2631 *⁴*

84 2677 292 2749 urbem
332 2695 688 2750 venerunt.
749 2682 867 2751 Ubi
910 2705 1072 2753 cum
1122 2704 1203 2752 ex
1252 2684 1457 2772 Regis
1505 2683 1727 2755 edicto
1770 2687 1974 2754 etiam
2022 2685 2088 2752 in
2142 2685 2465 2754 ecclesias
2497 2686 2599 2754 in-

84 2767 250 2852 gredi
291 2791 424 2840 non
482 2771 1009 2857 permitteretur,
1063 2794 1221 2841 cum
1274 2772 1521 2861 grandi
1572 2794 1878 2843 moerore
1929 2772 2011 2841 ad
2070 2773 2291 2863 ripam
2343 2775 2599 2873 Ligeris

84 2853 191 2923 sub
243 2858 551 2928 tentoriis
609 2858 961 2951 paulisper
1009 2860 1288 2946 quievit.
1329 2866 1634 2948 Cumque
1685 2861 2069 2932 necessario
2100 2874 2386 2951 sumptu
2417 2861 2599 2930 mdi-

82 2958 309 3042 gerent,
354 2946 532 3015 duos
580 2946 648 3016 in
699 2951 941 3018 urbem
992 2947 1262 3028 direxit,
1303 2963 1379 3018 ut
1436 2970 1543 3019 res
1595 2950 2014 3020 necessarias
2060 2963 2491 3037 quaererent.
2544 2956 2590 3019 E

81 3034 307 3128 quibus
345 3056 534 3104 unus
578 3048 723 3105 erat
772 3037 1189 3114 Potentinus,
1228 3038 1346 3124 qui
1397 3036 1627 3106 adhuc
1680 3050 2031 3127 superest,
2096 3052 2160 3109 et
2240 3040 2306 3107 in
2369 3044 2600 3110 Armo-

82 3123 308 3191 ricanis
357 3123 528 3192 locis
578 3124 646 3192 in
698 3125 1129 3194 Constantiae
1176 3125 1372 3195 urbis
1429 3126 1854 3196 suburbanis
1895 3127 2391 3196 monachorum
2449 3149 2599 3196 coe-

82 3217 203 3276 tum
238 3211 534 3313 collegit.
582 3217 747 3282 Cum
810 3225 1041 3283 autem
1105 3228 1545 3305 peragrantes
1603 3215 1841 3285 urbem
1914 3213 2083 3284 nihil
2142 3215 2593 3315 accepissent.

79 3298 235 3378 quod
272 3305 476 3392 Regis
510 3301 746 3370 timore
771 3303 1083 3371 omnium
1119 3303 1337 3371 animi
1371 3303 1670 3392 perculsi
1703 3318 1951 3383 essent,
1981 3304 2112 3384 vid,
2140 3325 2278 3390 qua
2305 3304 2595 3393 ingressi

78 3399 269 3481 erant,
304 3392 557 3459 reversi
605 3402 791 3459 sunt.
845 3395 921 3459 In
976 3392 1125 3480 ipso
1170 3404 1396 3461 autem
1457 3392 1696 3460 itinere
1744 3391 2014 3461 obviam
2056 3393 2157 3461 eis
2206 3391 2388 3461 venit
2441 3414 2597 3461 mu-

80 3466 186 3540 lier
213 3476 576 3562 quaedam,
610 3482 780 3569 Syra
831 3480 1125 3550 natione.
1165 3484 1256 3549 Ea
1288 3491 1365 3550 ut
1399 3480 1564 3549 vidit
1599 3480 1775 3560 illos,
1808 3481 2153 3550 sciscitata
2177 3492 2279 3549 est
2309 3481 2595 3567 quinam

79 3577 300 3657 essent.
354 3566 464 3635 Illi
520 3567 937 3656 respondent
1007 3590 1078 3638 se
1153 3590 1260 3638 res
1318 3570 1741 3639 necessarias
1788 3570 2192 3655 quaesiisse,
2247 3589 2370 3638 nec
2418 3590 2592 3638 rece-

80 3666 239 3733 pisse
268 3655 669 3742 quicquam.
700 3661 869 3726 Tum
912 3655 1055 3726 illa:
1097 3679 1133 3722 α
1175 3657 1431 3738 Venite,
1475 3658 1721 3744 inquit,
1757 3656 2023 3728 domini
2059 3658 2216 3739 mei,
2261 3656 2343 3727 ad
2396 3657 2599 3727 aedes

50 3745 266 3821 meas,
299 3755 363 3811 et
412 3746 797 3814 necessaria
847 3745 1198 3816 vobiscum
1242 3748 1654 3836 absportate.
1692 3752 1856 3817 Nam
1891 3759 1956 3817 et
1988 3767 2114 3849 ego
2146 3745 2408 3816 advena
2441 3768 2592 3816 sum

79 3841 145 3892 ex
183 3826 555 3921 longinqua
602 3833 899 3903 Orientis
950 3834 1247 3924 regione.
1304 3858 1341 3902 »
1390 3825 1502 3904 Illi
1556 3835 2052 3925 gratulabundi
2105 3857 2256 3905 eam
2322 3856 2599 3925 praece—

81 3910 323 4016 dentem
375 3934 800 4009 sequu‘ntun
853 3936 919 3992 et
952 3935 1312 4013 postquam
1364 3924 1449 3994 ad
1500 3924 1785 3994 domum
1820 3926 1972 4013 ejus
2021 3936 2376 4004 venerunt,
2430 3923 2600 3993 sella

83 4019 271 4086 pos1ta
322 4010 778 4096 quieverunt,
831 4011 1049 4081 donec
1105 4011 1400 4082 adferret
1445 4035 1525 4082 ea
1574 4034 1681 4083 res
1736 4013 2182 4084 necessarias.
2245 4012 2598 4082 Assidebat

82 4103 293 4195 autem·
328 4099 427 4168 eis
476 4099 963 4200 maritusejus
994 4156 1009 4181 ‚
1060 4100 1205 4190 jam
1257 4101 1421 4172 olim
1481 4101 1870 4173 luminibus
1922 4105 2254 4181 orbatuS,
2315 4102 2399 4170 de
2459 4123 2598 4188 quo

87 4186 540 4268 perquirebant
569 4188 699 4269 illi,
740 4210 897 4275 quis
928 4201 1125 4260 esset.
1174 4190 1654 4280 Respondente
1695 4212 1798 4272 ea,
1843 4191 2065 4262 virum
2101 4212 2304 4259 suum
2341 4211 2489 4261 esse
2519 4211 2598 4258 ex

85 4266 293 4338 eadem
329 4288 525 4364 gente
576 4281 930 4366 Syrorum,
969 4299 1174 4364 quem
1229 4280 1374 4368 ipsa
1419 4278 1657 4349 multis
1696 4280 1898 4348 annis
1950 4279 2215 4349 lumine
2251 4280 2596 4370 privatum

132 4392 149 4414 ¹*
178 4394 344 4438 Neron.
836 4403 890 4431 Φ*
920 4404 1063 4444 loire.
1545 4406 1622 4432 ’³'
1658 4407 1858 4446 ornans.
