2993 4837
48 323 186 389 ΜΝ.
237 325 273 387 7
449 331 491 349 ”
558 344 637 388 na
687 344 739 389 s.
794 341 1196 390 amomacum
1242 341 1536 390 Ancurae.
1590 342 1959 389 COLONIENSI
2315 326 2442 390 31t9

49 426 140 494 hoc
179 424 457 494 favorem
495 425 762 495 domini
811 426 1193 496 Innocentii
1229 431 1448 516 Papae
1496 428 1934 514 conquirens,
1980 428 2335 496 communi
2367 448 2531 496 con-

47 536 208 583 sensu
253 514 315 582 in
364 514 970 616 ,archiepiscopum
1038 515 1294 585 electus
1340 528 1464 583 est.
1536 520 1611 584 In
1681 516 1832 606 ipsa
1879 515 1989 584 die
2040 514 2393 585 electionis
2444 518 2531 585 ob

46 601 505 701 praecedentem
576 602 1042 672 infirmitatem
1110 619 1242 672 tam
1296 603 1546 673 debilis
1605 604 1846 683 fuerat,
1901 616 1976 674 ut
2023 605 2132 673 vix
2180 618 2360 674 stare
2414 617 2534 674 aut

42 691 304 761 incedere
353 706 620 780 posset:
663 706 941 779 eratque
976 692 1280 792 signum,
1328 693 1512 779 quod
1562 693 1789 762 flebile
1821 693 2239 783 principium
2294 693 2535 762 melior

42 779 265 849 fortuna
310 794 735 867 sequeretur.
788 786 952 850 Nam
1004 802 1189 849 circa
1238 781 1659 870 principium
1695 782 2048 851 electionis
2092 782 2266 868 ejus,
2331 782 2536 851 totius

42 868 192 956 pacis
227 869 548 937 inimicus
595 869 936 950 diaboluS,
990 870 1107 956 qui
1158 868 1529 939 fervescere
1557 869 1717 941 facit
1753 871 1954 957 quasi
2000 868 2204 940 ollam
2251 869 2536 957 prosun-

41 956 172 1025 dum
217 958 438 1035 maris,
485 959 841 1029 suscitavit
890 958 952 1027 ei
1000 958 1428 1028 adversarios
1475 960 1869 1040 acerrimos,
1924 959 2183 1029 scilicet
2228 959 2536 1029 Theodo-

42 1045 219 1114 ricum
266 1046 586 1116 Comitem
623 1045 710 1115 de
743 1046 938 1116 Clevo
964 1045 1022 1126 ἵ
1062 1058 1128 1116 et
1172 1047 1593 1117 Walramum
1653 1052 1902 1117 Ducem
1953 1048 2038 1117 de
2087 1048 2436 1149 Lymburg
2465 1048 2536 1083 *²*

43 1146 90 1201 et
115 1134 404 1204 Comitem
440 1135 507 1203 in
545 1135 959 1226 Lutzelburg
987 1135 1093 1170 *⁴²*
1121 1157 1500 1222 eorumque
1545 1148 1870 1227 cognatos
1901 1151 1966 1207 et
1993 1137 2417 1219 auxiliariOS‚
2456 1149 2534 1207 ut

43 1220 268 1292 futurus
312 1224 766 1293 Machabaeus
820 1226 888 1292 in
941 1225 1040 1293 eis
1104 1225 1549 1314 experiretur.
1623 1231 1806 1308 Quos
1871 1226 1965 1295 ita
2014 1224 2407 1295 humiliavit
2465 1240 2531 1295 et

20 1313 334 1399 repressit,
394 1325 473 1381 ut
521 1312 802 1382 illorum
853 1312 1166 1401 exemplo
1212 1313 1456 1382 caeteri
1526 1314 1815 1383 Comites
1863 1336 1942 1383 ac
1992 1313 2258 1384 nobiles
2315 1327 2532 1384 terrae

20 1399 237 1481 territi,
276 1416 507 1470 contra
556 1401 787 1490 ipsum
839 1402 1089 1470 mutire
1138 1421 1271 1469 non
1324 1401 1678 1481 auderent,
1729 1416 2031 1473 verentes
2080 1403 2213 1473 sibi
2260 1404 2532 1473 evenire

48 1508 223 1574 posse,
258 1490 432 1575 quod
467 1491 756 1576 quidam
808 1491 940 1559 ait:
983 1496 1145 1560 Tum
1195 1501 1315 1559 tua
1362 1514 1469 1559 res
1515 1493 1771 1582 αρίιιιν,
1821 1496 2049 1583 paries
2095 1514 2247 1560 cum
2297 1495 2534 1582 promi·

46 1597 158 1644 mus
197 1579 396 1649 ardet.
439 1579 932 1650 Aedificaverat
961 1580 1147 1649 enim
1182 1579 1568 1649 Walramus
1602 1594 1902 1649 castrum
1928 1593 1992 1651 et
2039 1580 2268 1650 villam
2308 1581 2534 1650 soren-

49 1684 158 1733 sem
201 1667 261 1734 in
311 1673 571 1737 Ducatu
621 1668 1027 1749 Coloniensi,
1059 1690 1263 1755 quam
1317 1668 1645 1738 dominus
1696 1669 2154 1739 Archielectus
2193 1670 2532 1740 destruxit

30 1766 97 1820 et
130 1756 378 1825 exussit.
431 1757 533 1826 Ob
582 1778 790 1843 quam
841 1778 1121 1826 causam
1177 1770 1309 1827 tam
1352 1779 1595 1847 graves
1628 1771 1814 1827 ortae
1840 1774 2002 1828 sunt
2033 1759 2209 1827 inter
2253 1780 2369 1828 eos
2403 1759 2536 1827 ini·

50 1841 312 1925 micitiae,
362 1856 438 1914 ut
485 1844 818 1914 dominus
856 1845 1340 1927 Archielectus,
1371 1861 1436 1916 et
1462 1846 1669 1916 frater
1700 1848 1847 1933 ejus
1885 1851 2120 1916 Comes
2153 1845 2529 1936 AdolphuS‚

52 1928 357 2002 divortium
410 1932 559 2002 fieri
599 1933 846 2002 vellent
890 1934 1072 2004 inter
1117 1935 1485 2004 Henricum
1533 1935 1755 2004 filium
1811 1936 2014 2004 Ducis
2066 1934 2418 2016 Walrami,
2471 1950 2537 2005 et

52 2014 218 2088 filiam
263 2022 571 2108 ejusdem
613 2022 927 2112 Adolphi,
985 2024 1650 2115 consanguinitatem
1698 2023 2241 2113 praetendenteS‚
2295 2045 2380 2092 ne
2413 2028 2536 2093 Co·

58 2106 199 2176 mitia
240 2111 314 2178 ad
365 2112 740 2180 Henricum
792 2111 1023 2181 uxoris
1085 2113 1301 2201 gratia
1351 2111 1611 2180 devolvi
1665 2125 1913 2203 posset.
1969 2118 2109 2181 Non
2168 2111 2298 2181 fuit
2363 2111 2533 2182 adeo

59 2207 260 2281 potens,
309 2201 423 2286 qui
488 2201 556 2268 in
623 2204 882 2269 Ducatu
928 2199 1081 2287 ejus
1147 2199 1246 2268 vel
1298 2202 1748 2289 Episcopatu,
1804 2201 2067 2270 inimici
2121 2201 2227 2268 sui
2278 2213 2527 2270 terram

56 2297 261 2380 vastare
296 2289 577 2358 auderet
627 2309 748 2377 per
795 2286 1221 2357 incendium.
1270 2290 1377 2359 Sic
1412 2288 1747 2358 Comitum
1803 2289 1943 2360 sive
1989 2288 2282 2358 aliorum
2335 2289 2534 2358 nobi-

56 2367 182 2444 lium
224 2376 315 2446 vel
364 2390 719 2468 potentum
754 2377 1154 2448 insolentias
1203 2377 1549 2468 repressit,
1584 2390 1661 2448 ut
1697 2400 1867 2468 pene
1910 2377 2174 2448 nullius
2222 2390 2527 2447 castrum

54 2457 386 2547 destrueret,
446 2467 547 2536 vel
586 2478 832 2535 terram
869 2478 1195 2536 vastaret:
1251 2468 1471 2557 magis
1505 2468 1893 2554 prudentia,
1939 2489 2147 2555 quam
2192 2466 2528 2537 bellorum

52 2552 224 2638 copia,
258 2555 382 2625 sibi
430 2556 819 2646 subjugans
865 2557 1122 2636 omnia,
1180 2556 1269 2625 ita
1317 2571 1393 2624 ut
1439 2554 1523 2624 de
1571 2579 1649 2626 eo
1688 2557 1949 2627 dictum
2003 2556 2337 2636 videatur,

460 2691 701 2769 Quique
743 2690 933 2765 dolet,
978 2692 1210 2770 quoties
1251 2659 1493 2766 eogit'ur
1536 2705 1663 2751 esse
1706 2690 1899 2752 ferox.

30 2816 111 2881 ·In
150 2818 514 2892 civitatibus
549 2821 698 2893 suis
751 2822 1278 2911 principalibus,
1323 2821 1601 2892 Colonia
1649 2822 1910 2892 scilicet
1955 2837 2020 2892 et
2067 2823 2338 2894 Susatia
2366 2822 2530 2902 W,

54 2906 315 2991 majorem
357 2911 663 2981 exercuit
714 2924 1107 3000 potestatem
1148 2911 1290 2979 zelo
1317 2911 1644 2999 justitiae,
1697 2933 1904 2998 quam
1956 2911 2210 2999 aliquis
2259 2912 2534 3000 Episco-

56 3008 245 3076 porum
301 3012 452 3069 ante
499 3021 687 3070 eum.
744 2999 833 3069 Ad
898 2999 1129 3069 curias
1195 2998 1521 3070 Friderici
1569 3001 2033 3090 Imperatoria,
2088 3013 2251 3070 tunc
2301 3001 2527 3090 RegiS‚

60 3099 181 3180 curn
209 3098 370 3156 tanta
416 3089 639 3180 gloria
673 3100 737 3157 et
768 3089 1086 3178 expensis
1114 3088 1445 3169 ascendit,
1501 3103 1576 3158 ut
1613 3089 1896 3158 caeteris
1937 3089 2369 3178 principibus
2417 3112 2534 3159 su-

58 3185 231 3266 perior
269 3175 481 3265 gloria
528 3177 884 3246 ethonore
932 3177 1318 3247 haberetur.
1359 3182 1705 3260 Quantum
1756 3177 1977 3245 eidem
2016 3176 2357 3246 Friderico
2406 3176 2530 3245 ad-

55 3262 267 3342 stiterit,
314 3279 650 3352 quantum
701 3266 850 3355 ejus
902 3280 1125 3355 partes
1158 3279 1393 3335 contra
1443 3266 1775 3336 Othonem
1832 3265 2259 3355 promoverit,
2314 3286 2534 3351 usque

54 3339 210 3418 hodie
250 3359 610 3442 experitur.
651 3358 916 3423 Etcum
970 3356 1304 3424 maximas
1353 3355 1633 3425 haberet
1658 3376 2014 3442 expensaS,
2060 3366 2205 3422 tum
2259 3365 2535 3453 propter

24 3436 234 3508 ¹curias
280 3444 559 3531 regales,
615 3455 757 3512 tum
811 3455 1086 3533 propter
1117 3443 1549 3533 supradictos
1599 3442 1886 3524 nobiles,
1939 3462 2235 3529 quorum
2292 3453 2534 3510 umore

26 3530 266 3614 ,corpori
301 3554 419 3602 suo
466 3530 853 3602 custodiam
904 3531 1273 3602 adhibebat
1320 3533 1484 3602 satis
1535 3540 2065 3620 sumptuosam,
2099 3530 2186 3599 ab
2235 3528 2533 3600 Honorio

22 3759 33 3786 t

22 3791 33 3842 ἓ

22 3865 27 3892 l

54 3609 194 3700 Papa
234 3619 340 3704 qui
391 3620 792 3690 Innocentio
841 3621 1193 3705 successit,
1248 3633 1614 3708 antequam
1652 3618 1942 3708 pallium
1993 3620 2055 3689 ei
2104 3618 2270 3688 dare
2308 3616 2528 3699 vellet,

52 3699 265 3774 *solvere
308 3711 717 3799 cogebatur,
774 3730 950 3796 quae
996 3710 1146 3798 eJ'us
1216 3722 1677 3779 antecessores
1736 3708 2122 3799 AdolphuS,
2197 3712 2423 3776 Bruno
2470 3718 2536 3774 et

56 3786 475 3878 Theodoricus,
530 3798 985 3868 dissensionis
1020 3812 1320 3887 tempore
1367 3810 1946 3887 consumpserant
1996 3797 2062 3864 in
2115 3797 2332 3876 curia,
2370 3815 2533 3863 cum

58 3892 192 3948 sorte
233 3906 469 3956 usuras
537 3887 977 3987 gravissimas
1007 3940 1022 3966 ‚
1068 3908 1368 3974 quorum
1424 3909 1701 3958 summa
1737 3884 2242 3956 transcendisse
2282 3882 2538 3952 dicitur

22 3967 340 4056 ¹sexdecim
392 3975 604 4045 millia
657 3997 1069 4045 marcarum.

20 4081 23 4142 Σ
123 4056 263 4140 §5-
315 4062 649 4135 Friderico
706 4070 885 4155 Rege
944 4065 1031 4132 ab
1091 4063 1390 4133 Honorio
1441 4062 1618 4099 *⁸⁴⁸*
1667 4063 1733 4131 in
1805 4068 2290 4162 Imperatorem
2344 4080 2538 4128 coro-

20 4313 27 4406 ft

20 4409 25 4458 Ι

66 4156 202 4224 nate,
236 4171 382 4220 cum
434 4154 754 4224 intrasset
784 4173 1071 4242 regnum
1115 4152 1406 4232 Siciliae,
1464 4150 1701 4220 audita
1735 4151 2245 4240 Archtepiscopi
2292 4149 2424 4220 sibi
2467 4149 2534 4215 in

104 4337 121 4358 *
145 4341 255 4384 Nunc
283 4347 433 4389 Cavea.
752 4350 803 4372 ’θ
833 4350 964 4390 Nunc
995 4349 1247 4398 Limboury.
1574 4348 1656 4374 *¹⁸*
1686 4349 1822 4389 Nunc
1851 4345 2168 4393 Luaeemboury.

107 4390 189 4420 m*
208 4398 345 4441 Germ.
362 4404 490 4448 som,
508 4402 622 4444 urbs
643 4404 756 4443 otim
774 4402 1060 4448 haurientia,
1083 4403 1191 4441 dein
1214 4399 1487 4450 imperialis,
1508 4407 1634 4438 nunc
1653 4402 1905 4442 Boi-ussine
1924 4398 2022 4447 regi
2045 4398 2269 4446 subjecta.

106 4444 209 4476 ''⁸⁴¹'’
236 4453 409 4496 Tertius
426 4455 565 4506 hujus
579 4455 800 4499 neminie.
821 4458 887 4497 Ab
907 4467 1027 4497 anno
1050 4456 1154 4496 1198
1174 4464 1323 4504 usque
1346 4456 1403 4496 ad
1430 4453 1534 4494 1227
1554 4457 1785 4502 regnavit.
