2993 4837
63 322 210 388 Nov.
256 322 335 384 26
804 339 882 385 nn
930 342 987 386 s.
1043 339 1236 386 ramo
1286 340 1384 385 nv.
1438 338 1514 385 nr
1563 341 1751 385 uitur.
2337 326 2464 389 685

62 424 265 494 salutis
292 422 549 491 veniam
575 444 715 492 sem
731 445 847 510 per
863 425 951 492 ab
977 445 1056 491 eo
1074 423 1406 509 consequi
1429 427 1852 493 mereantur?
1881 424 2004 493 Hic
2032 437 2258 493 autem
2291 426 2549 506 ArriuS,

65 535 159 600 pro
180 534 305 598 quo
330 513 601 613 rogatis,
634 510 761 582 soli
812 517 942 581 Deo
972 525 1283 581 mortuus
1331 525 1454 592 est,
1481 525 1549 581 et
1586 534 1626 579 a
1659 511 1830 581 sacie
1858 512 2048 582 illius
2080 513 2190 582 hic
2223 515 2290 581 in
2322 513 2555 584 futuro

61 601 253 670 seculo
278 613 638 689 projectus.
694 600 884 670 Unde
931 614 1055 669 eta
1084 613 1519 671 sacrosancto
1567 601 1767 669 altari
1815 602 1990 690 ejuS,
2033 624 2168 671 non
2207 624 2380 684 mea,
2436 602 2557 672 sed

60 690 244 777 ipsius
274 689 634 778 estJudicii
670 690 1008 758 sententia
1043 702 1443 779 separatus;
1496 690 1825 776 quoniam
1860 710 1993 758 non
2016 691 2409 771 inhomine,
2437 691 2553 762 sed

60 779 108 845 in
138 779 400 847 Domino
430 779 725 878 graviter
776 779 1102 867 peccavit,
1135 780 1348 867 impie
1381 800 1595 867 agens
1626 779 1694 846 in
1739 778 2090 848 Trinitatis
2122 781 2555 868 mysterium,

56 869 151 935 ubi
183 868 533 936 Cherubim
581 879 647 935 et
697 868 1051 956 Seraphim
1093 889 1223 936 non
1263 867 1521 936 audent
1553 867 1913 955 respicere,
1966 867 2088 953 qui
2137 867 2561 939 incessanter

59 956 300 1025 vocibus
346 955 772 1045 proclamant
822 963 953 1026 Deo
1001 957 1304 1026 dicentes
1343 980 1357 1023 :
1411 959 1720 1036 Sanctus,
1772 958 2080 1035 SanceuS,
2117 959 2404 1026 Sanctus
2437 962 2558 1026 Do-

56 1048 241 1113 minus
286 1050 452 1114 Deus
497 1047 814 1115 Sabaoth.
871 1050 1037 1115 Cum
1087 1045 1293 1114 etiam
1342 1057 1406 1114 et
1456 1045 1739 1114 virtutes
1771 1044 2118 1114 coelorum
2162 1046 2392 1146 ipsum
2444 1067 2560 1115 ca-

59 1147 276 1215 nenteS,
327 1133 603 1203 dicunt:
658 1137 853 1204 Pleni
895 1145 1049 1203 sunt
1106 1136 1276 1204 coeli
1333 1145 1397 1203 ct
1456 1145 1641 1204 terra
1684 1135 1911 1224 qloria
1958 1144 2078 1201 tua
2112 1159 2134 1202 .·
2188 1133 2304 1203 ille
2346 1135 2561 1224 impia

58 1236 107 1290 et
144 1223 483 1292 execrabili
537 1237 760 1292 mente
808 1244 1022 1292 ausus
1052 1235 1155 1292 est
1201 1222 1671 1312 blasphemias
1721 1224 2046 1312 irrogare,
2093 1235 2159 1292 et
2187 1223 2560 1293 divisiones

59 1309 240 1378 facere
272 1313 441 1380 inter
473 1318 739 1382 Patrem
791 1325 853 1381 et
903 1311 1151 1381 Filium
1200 1324 1266 1381 et
1314 1312 1646 1401 Spiritum
1698 1325 2040 1382 sanctum.
2096 1312 2558 1394 Quemadmo-

61 1397 191 1468 dum
235 1422 389 1489 ergo
435 1401 728 1470 audeam
768 1400 868 1469 illi
902 1401 1166 1470 veniam
1204 1400 1393 1481 dare,
1432 1401 1545 1470 cui
1594 1401 1821 1469 omnis
1869 1413 2181 1470 creatura
2215 1401 2554 1482 irascitur,

62 1500 109 1554 et
152 1489 532 1558 maledicit?
580 1489 936 1573 Quomodo
987 1502 1206 1579 potest
1253 1490 1521 1557 veniam
1576 1490 1947 1576 promereri
1983 1511 2022 1557 a
2071 1512 2203 1570 me,
2258 1490 2561 1560 dilectis·

59 1577 186 1644 simi
229 1577 508 1649 fratres?
538 1600 573 1644 »
626 1583 802 1648 Haec
845 1600 999 1647 vero
1047 1578 1317 1647 dicente
1356 1578 1756 1648 beatissimo
1799 1583 2016 1660 Petro,
2075 1579 2199 1647 viri
2256 1580 2377 1665 qui
2443 1599 2563 1666 pro

62 1664 447 1755 indulgentia
494 1667 649 1755 ejus
698 1679 1020 1737 venerant
1067 1679 1315 1756 petere,
1371 1667 1808 1756 projecerunt
1858 1690 1930 1737 se
1976 1665 2059 1734 ad
2136 1667 2339 1755 pedes
2385 1669 2559 1756 ejus,

59 1766 108 1820 et
155 1755 337 1853 veluti
391 1757 564 1825 muti
615 1770 779 1825 sunt
826 1756 1070 1836 effecti,
1129 1778 1250 1825 nec
1298 1756 1674 1842 quicquam
1724 1755 1810 1824 de
1856 1778 1936 1825 eo
1978 1755 2073 1823 illi
2108 1755 2414 1845 amplius
2462 1756 2563 1825 lo-

61 1856 173 1909 cult
214 1858 388 1914 sunt.

126 1933 156 2017 ξ
196 1938 273 2004 ὅ.
325 1935 577 2004 videns
624 1945 849 2002 autem
902 1933 1343 2003 beatissimus
1393 1939 1630 2004 Petrus
1681 1935 1773 2002 ita
1803 1955 1918 2002 eos
1954 1955 2199 2020 pavore
2251 1933 2564 2022 perterri-

65 2035 179 2100 tos,
225 2024 675 2112 apprehendit
722 2023 897 2092 duos
945 2043 1024 2093 ex
1071 2022 1243 2111 ipsis
1293 2025 1597 2093 seniores
1647 2023 2083 2112 presbyteros
2132 2022 2464 2091 Achillam
2502 2033 2569 2090 et

65 2107 495 2191 Alexandrum,
552 2126 616 2180 et
663 2111 926 2181 ducens
966 2133 1083 2180 eos
1129 2133 1442 2181 seorsum
1494 2113 1562 2180 in
1619 2123 1807 2201 parte
1853 2111 2148 2181 carceris
2177 2165 2197 2191 ,
2252 2110 2372 2180 ubi
2421 2123 2565 2179 erat

69 2197 329 2268 reclusus
358 2255 372 2280 ,
427 2200 603 2269 dixit
647 2200 786 2268 eis:
842 2223 878 2265 «
908 2206 1045 2290 Ego
1085 2199 1365 2286 quidem
1402 2256 1415 2281 ,
1469 2202 1593 2270 etsi
1634 2202 1959 2289 ‚peccator
2007 2222 2160 2269 sum
2196 2255 2211 2280 ,
2258 2201 2400 2268 scio
2461 2221 2568 2267 me

74 2289 363 2357 vocatione
394 2288 672 2358 coelesti
719 2289 804 2357 ad
857 2289 1043 2357 hunc
1078 2310 1365 2378 agonem
1422 2290 1734 2377 martyrii
1780 2311 1930 2358 esse
1971 2302 2305 2358 vocatum.
2361 2288 2565 2356 Vobis

71 2386 291 2458 autem,
343 2379 463 2466 qui
518 2390 668 2467 post
724 2400 832 2447 me
879 2376 1094 2447 futuri
1160 2377 1325 2448 estis
1372 2378 1737 2448 columnae
1797 2379 1863 2446 in
1925 2391 2159 2448 sancta
2211 2377 2557 2456 Ecclesia,

66 2467 228 2550 cupio
262 2469 571 2537 confiteri
638 2468 1043 2555 mysterium
1096 2468 1207 2535 Dei
1246 2521 1261 2547 ,
1313 2467 1495 2553 quod
1552 2468 1722 2537 mihi
1774 2467 2145 2537 revelatum
2193 2480 2297 2536 est
2343 2490 2383 2535 a
2436 2472 2564 2536 Deo

65 2572 180 2620 meo
223 2556 284 2623 in
338 2558 462 2625 hac
520 2568 759 2634 nocte;
813 2561 1140 2642 quoniam
1195 2569 1344 2643 post
1396 2556 1602 2625 finem
1657 2557 1967 2647 martyrii
2042 2556 2175 2625 mei
2235 2568 2307 2625 tu
2363 2577 2564 2624 vene-

62 2640 259 2713 rabilis
305 2659 494 2734 pater
566 2644 825 2714 Achilla
893 2644 1247 2734 presbyter
1282 2700 1297 2724 ‚
1355 2645 1581 2714 throni
1635 2646 1767 2713 mei
1816 2644 2045 2715 sedem
2114 2647 2565 2734 Episcopatus

58 2749 515 2804 consecuturus
563 2755 672 2814 es;
729 2746 878 2821 post
921 2747 979 2802 te
1026 2755 1182 2803 vero
1233 2733 1344 2802 hic
1393 2733 1716 2803 amabilis
1765 2734 1963 2804 nobis
2011 2733 2386 2804 Alexander
2422 2754 2570 2823 pre-

61 2815 254 2905 sbyter
285 2824 430 2912 ipso
480 2822 864 2892 sacerdotio
903 2820 1374 2892 honorandus.
1428 2826 1571 2893 Hoc
1623 2824 1794 2891 mihi
1846 2846 1967 2912 pro
2001 2835 2244 2892 certoa
2285 2824 2567 2892 Domino

61 2910 437 2990 promissum
473 2924 601 2980 est.
655 2911 951 2997 Ideoque
1004 2933 1084 2978 ne
1136 2933 1243 2980 me
1284 2910 1508 2980 velitis
1555 2913 1919 2982 aestimare
1951 2911 2567 2981 immisericordem

57 3013 196 3075 esse,
237 3012 350 3068 aut
397 3012 644 3101 contra·
686 2999 1164 3100 delinquentes
1212 2998 1586 3100 crudelem.
1642 3003 1816 3083 Quia
1865 3002 2092 3071 omnis
2132 3002 2390 3070 offensa
2442 3001 2569 3070 hu-

60 3102 251 3168 mana,
304 3111 536 3159 carnis
586 3102 746 3157 vitto
778 3100 1070 3177 peracta,
1122 3110 1440 3174 quamvis
1462 3103 1551 3157 stt
1576 3091 1803 3178 gravis
1829 3103 1893 3159 et
1928 3090 2288 3179 periniqua
2339 3104 2565 3158 tamen

59 3173 242 3244 multo
289 3177 504 3247 levior
548 3191 650 3247 est
695 3200 902 3264 quam
949 3177 1160 3264 huJus
1200 3177 1371 3246 Arrii
1419 3178 1656 3265 iniqua
1703 3180 1995 3249 offensa:
2041 3191 2108 3247 et
2167 3179 2320 3247 ideo
2369 3176 2508 3246 illis
2547 3231 2562 3257 ,

55 3278 202 3343 quae
238 3266 319 3335 ad
357 3267 660 3336 hominis
710 3265 1149 3355 fragilitatem
1202 3267 1569 3354 pertinent,
1623 3267 1898 3339 facilius
1937 3281 2040 3339 est
2088 3267 2286 3337 nobis
2336 3266 2568 3334 indul-

56 3353 322 3434 gentiam
371 3355 537 3424 dare
575 3378 589 3419 ε
644 3354 806 3424 huic
856 3367 1082 3425 autem
1129 3354 1516 3436 maledictO,
1561 3378 1680 3445 pro
1719 3380 1857 3445 quo
1898 3357 2175 3445 rogatiS‚
2220 3353 2567 3442 quomodo

59 3457 307 3520 possum
355 3444 626 3513 veniam
678 3444 865 3524 dare,
921 3445 1126 3532 cujus
1174 3443 1500 3513 interiora
1560 3444 1718 3513 dolo
1764 3457 1829 3514 et
1888 3445 2316 3534 blasphemia
2368 3444 2573 3533 plena

55 3534 239 3622 sunt?
285 3537 373 3601 Ex
412 3533 618 3603 cu‘us
642 3533 847 3602 corde
872 3532 1165 3621 abyssus
1195 3533 1626 3602 tenebrarum
1668 3535 2010 3633 prorupit,
2067 3534 2572 3624 blasphemiam

56 3622 393 3708 irrogando
440 3645 481 3691 a
540 3644 772 3691 versus
820 3622 1352 3710 omnipotentem
1410 3622 1522 3690 Dei
1559 3622 1831 3702 Filium,
1877 3623 2167 3692 afferens
2199 3645 2361 3692 eum
2387 3644 2573 3692 crea-

57 3713 279 3789 turam,
329 3713 445 3798 qui
501 3715 769 3780 Creator
815 3724 916 3779 est
961 3710 1273 3780 omnium
1327 3710 1703 3779 visibilium
1753 3726 1818 3781 et
1851 3711 2333 3788 invisibilium,
2386 3712 2574 3799 quia

58 3794 378 3883 Prophetis
426 3815 630 3887 atque
678 3799 1015 3889 Apostolis
1046 3811 1111 3868 et
1141 3799 1592 3888 Evangelistis
1624 3812 1726 3869 est
1755 3800 2236 3890 praedicatus?
2276 3806 2352 3869 Et
2387 3821 2575 3868 nunc

58 3898 159 3965 per
199 3885 399 3956 istum
437 3888 756 3959 diabolus
793 3889 1052 3959 zizania
1102 3888 1488 3970 seminavit,
1546 3911 1665 3978 per
1709 3911 1914 3975 quem
1971 3888 2228 3958 multus
2273 3888 2575 3980 populus

58 3987 297 4066 a‘recta
343 3977 479 4047 fide
526 4000 830 4057 aversus,
885 3992 949 4046 et
1000 3978 1069 4045 in
1103 3975 1525 4066 profundum
1575 3978 1828 4047 erroris
1858 3977 2220 4048 devolutus
2252 3990 2376 4047 est.
2416 3983 2576 4047 Sae-

60 4075 196 4141 pius
240 4084 276 4130 a
327 4088 434 4133 me
466 4068 770 4136 monitus
818 4080 1025 4153 atque
1064 4078 1445 4155 correptus,
1499 4078 1576 4135 ut
1601 4067 1686 4135 ab
1728 4067 1856 4136 hac
1896 4067 2229 4157 sacrilega
2262 4066 2578 4136 doctrina

59 4147 393 4232 recederet,
453 4175 885 4241 nequaquam
937 4156 1375 4225 sermonibus
1440 4156 1876 4241 acquiescere
1929 4155 2162 4225 voluit.
2220 4156 2428 4244 Cujus
2479 4155 2574 4223 rei

59 4249 241 4336 nausa
285 4241 590 4329 abjectus
661 4256 861 4330 atque
901 4242 1256 4332 depositus
1304 4254 1406 4311 est
1452 4242 1773 4314 deorsum
1847 4243 1934 4312 ab
1983 4244 2223 4315 ordine
2291 4242 2572 4333 presby·
2617 4288 2620 4291 ι

61 4329 212 4391 tern.
264 4332 335 4397 Et
386 4353 570 4401 nunc
619 4331 1201 4417 quemadmodum
1244 4330 1506 4421 jubetis
1557 4353 1665 4400 me
1711 4331 2182 4422 obtemperare
2234 4332 2573 4421 petitioni-

62 4404 175 4478 bus
210 4420 464 4500 vestris,
517 4441 679 4491 cum
731 4419 844 4489 ille
894 4420 1064 4489 meis
1112 4419 1706 4489 admonitionibus
1755 4420 2052 4492 noluerit
2090 4422 2564 4510 acquiescere,
