2993 4837
530 250 658 315 472
1207 266 1284 312 011
1331 265 1387 311 5.
1441 262 1780 311 1101100000
1826 261 2222 310 conr-’assona
2659 242 2826 309 NOV.
2871 245 2933 307 13

441 351 812 420 detineret:
863 349 984 436 qui
1033 349 1364 418 nimirum
1418 362 1577 416 ante
1625 353 1906 418 Crucem
1958 345 2386 417 Dominicam
2441 357 2506 416 et
2537 346 2936 416 assuetudine

442 461 513 509 se
546 451 1006 529 prosternens,
1046 459 1221 526 opus
1251 437 1609 524 quodlibet
1642 435 1979 516 faciendo,
2014 435 2281 516 stando,
2311 434 2642 516 sedendo,
2663 435 2934 524 jacendo,

440 527 523 598 ad
575 528 955 597 orationem
1016 526 1199 596 labia
1255 528 1529 595 movere
1579 525 1905 595 continue
1964 524 2344 595 videbatur.
2398 529 2590 594 Inter
2641 523 2776 593 alia
2821 546 2938 594 vero

443 617 713 706 pietatis
761 637 992 705 opera,
1045 636 1223 702 quae
1265 625 1398 683 tam
1442 615 1627 684 circa
1675 634 2036 704 pauperes,
2079 635 2254 700 quos
2300 634 2534 683 secum
2593 613 2664 680 in
2715 612 2938 701 propria

440 705 645 775 domo
695 705 988 785 tenebat,
1041 703 1329 774 curabat
1375 715 1439 772 et
1499 703 1755 793 pariter
1817 701 2254 792 procurabat,
2306 723 2512 790 quam
2584 701 2770 770 circa
2811 700 2938 770 alios

441 793 853 882 indigenteS‚
893 793 1151 880 quibus
1195 792 1578 862 viventibus
1618 791 2071 862 humanitatis
2104 790 2544 878 obsequium,
2585 803 2656 858 et
2705 791 2939 859 mortuis

444 882 839 972 sepulturae
871 881 1282 952 beneficium
1320 893 1768 950 consueverat
1796 880 2080 949 devotus
2127 879 2555 969 impendere,
2589 878 2939 968 diligentius

443 971 842 1040 exercebat:
923 971 1068 1059 ipse
1116 991 1156 1039 a
1204 969 1621 1039 secularium
1701 969 2061 1038 hominum
2142 969 2486 1039 consortio
2560 980 2939 1057 segregatus.

441 1061 621 1129 inter
667 1081 840 1146 quos
883 1060 1163 1138 virebat,
1202 1059 1400 1145 quasi
1454 1057 1678 1126 lilium
1735 1058 1910 1127 inter
1944 1056 2216 1146 spinas:
2262 1056 2939 1141 haereticorumque

446 1171 595 1218 rum
651 1147 990 1237 pernicies
1027 1146 1320 1216 nimium
1377 1159 1604 1234 partes
1638 1145 1794 1216 illas
1827 1145 2084 1226 infecit,
2137 1159 2455 1217 austerus
2500 1146 2732 1216 extitit
2759 1165 2939 1233 asper-

443 1248 661 1306 nator.
704 1237 1000 1305 Deducto
1033 1247 1256 1304 autern
1301 1235 1401 1304 sic
1438 1236 1612 1305 vitae
1642 1247 1918 1305 sanctae
1951 1234 2325 1317 curriculO,
2358 1256 2519 1304 cum
2577 1233 2669 1303 ad
2721 1232 2939 1306 maturi«

446 1325 600 1395 nale
638 1324 967 1406 officium,
1013 1335 1215 1413 prout
1263 1323 1525 1393 dictum
1577 1335 1702 1402 est,
1744 1324 1812 1390 in
1868 1322 2226 1392 festivitate
2275 1323 2493 1393 sancti
2555 1322 2788 1392 Brictii
2829 1339 2939 1392 suri

445 1415 743 1494 rexisset,
783 1415 962 1482 circa
1000 1414 1241 1482 Missae
1277 1411 1654 1501 primordia
1703 1411 1882 1481 idem
1923 1433 1995 1481 se
2027 1424 2182 1480 ante
2221 1416 2504 1482 Crucem
2561 1410 2938 1481 Dominicani

445 1524 632 1572 more
680 1502 878 1572 solito
950 1502 1020 1570 in
1068 1501 1372 1570 oratione
1437 1513 1926 1590 prosternens,
1997 1499 2161 1569 dum
2220 1514 2625 1571 cantaretur
2692 1500 2939 1588 hymnus

444 1591 822 1682 angelicuS‚
870 1590 1062 1660 beato
1097 1590 1232 1658 line
1269 1590 1548 1676 quievit.
1589 1593 1776 1671 Quae
1811 1610 1992 1669 vero,
2030 1600 2218 1675 quot.
2256 1602 2320 1658 et
2352 1602 2618 1676 quanta
2660 1584 2938 1656 miracula

442 1679 647 1749 suerit
687 1681 1074 1758 subsecuta,
1113 1691 1178 1747 et
1231 1691 1398 1764 quot
1442 1677 1971 1747 advenientibus
2017 1677 2102 1746 ad
2145 1677 2546 1767 sepulcrum
2592 1679 2771 1767 ejuS,
2802 1675 2938 1744 sani·a

444 1769 601 1837 tatis
651 1767 979 1839 beneficia
1032 1769 1169 1837 sint
1217 1766 1555 1854 impensa,
1591 1788 1748 1835 cum
1804 1765 2085 1855 longum
2131 1767 2220 1835 sit
2268 1787 2644 1835 numerare
2740 1786 2810 1834 er
2843 1764 2938 1831 sin-

444 1857 632 1948 gula,
670 1878 889 1927 unum
940 1857 1114 1924 inter
1143 1867 1406 1924 caetera
1438 1854 1522 1923 ad
1560 1855 2002 1924 assertionem
2041 1854 2423 1924 Catholicae
2456 1854 2624 1923 fidei
2716 1853 2932 1922 uximus

442 1946 832 2035 expressius
880 1944 1377 2013 annotandum.
1419 1948 1585 2013 Cum
1635 1943 1821 2012 enim
1863 1942 2201 2030 quaedam
2247 1943 2709 2013 daemoniaca
2743 1940 2932 2011 mulier

443 2033 526 2104 ad
564 2033 956 2123 sepulcrum
1009 2034 1159 2122 eJus
1204 2031 1496 2101 deducta
1548 2031 1808 2113 fuisset,
1840 2053 1924 2100 00
1957 2031 2190 2119 aliqua
2225 2031 2413 2101 fraus
2445 2031 2714 2113 lateret,
2749 2028 2926 2122 eaden

445 2123 669 2214 primo
709 2122 835 2192 fuit
864 2144 1041 2207 aqua
1077 2143 1210 2190 non
1243 2120 1599 2190 benedicta
1637 2142 1970 2210 respersa,
2008 2143 2142 2207 qua
2180 2142 2250 2190 se
2292 2121 2637 2210 patienter
2666 2120 2926 2208 adspergi

446 2213 867 2302 permittenS,
916 2231 1163 2298 aquam
1215 2210 1518 2278 secundo
1571 2231 1673 2279 res
1727 2211 1829 2278 uit
1879 2209 2358 2280 benedictam:
2433 2221 2498 2278 et
2569 2223 2650 2279 ut
2703 2230 2802 2277 res
2841 2207 2932 2275 evi·

445 2301 737 2369 dentiori
796 2300 1258 2388 experimento
1309 2299 1586 2385 pateret,
1639 2320 1678 2367 o
1731 2297 1935 2367 latam
1996 2319 2126 2368 non
2197 2309 2671 2367 consecratam
2723 2298 2922 2380 absque

445 2390 675 2478 aliqua
743 2388 1191 2479 praescientia
1265 2387 1394 2457 sibi
1469 2388 1854 2476 recipiens,
1908 2399 2404 2477 praesentatam
2473 2384 2936 2479 Eucharistiam

444 2491 908 2549 consecratam
962 2478 1457 2563 subsequenter
1495 2476 1876 2557 abhorruit,
1918 2497 2040 2545 nec
2077 2476 2348 2565 recipit:
2396 2498 2580 2563 quae
2613 2498 2694 2545 ex
2726 2472 2926 2543 meritis

444 2568 751 2655 ejusdem
807 2567 1024 2636 sancti
1075 2566 1358 2635 liberata
1408 2565 1705 2634 recessit.
1755 2569 1835 2633 Ut
1883 2577 2107 2634 autem
2160 2564 2374 2635 virtus
2431 2586 2738 2643 morum,
2780 2572 2926 2652 prout

442 2668 545 2725 est
583 2656 904 2744 superius
955 2655 1432 2743 praelibatum,
1480 2653 1636 2722 licet
1682 2653 1909 2722 omnis
1957 2653 2293 2723 dubitatio
2339 2654 2648 2723 amoveri
2689 2675 2765 2720 ex
2807 2648 2920 2717 sulr

447 2744 793 2813 secutione
843 2744 1197 2832 signorum
1267 2764 1386 2832 per
1436 2741 1746 2810 divinum
1801 2741 2144 2829 judicium
2205 2742 2576 2822 videretur,
2616 2741 2749 2811 fide
2788 2732 2936 2825 apud]

445 2854 569 2902 nos
625 2832 1024 2902 claresceret
1092 2831 1421 2921 pleniori,
1474 2852 1561 2899 ne
1624 2830 2115 2898 miraculorum
2189 2830 2392 2900 etiam
2465 2831 2690 2900 virtus
2745 2826 2917 2920 aliqua

444 2919 685 2989 fraude
722 2934 944 3009 posset
990 2920 1088 2989 vel
1142 2920 1470 3008 figmento
1508 2919 1764 3007 juvari,
1821 2919 2164 2988 veritatem
2227 2919 2320 2987 rei
2370 2917 2738 2988 sollicitius
2776 2915 2936 2983 dun·;

446 3030 604 3079 mus
651 3009 1160 3096 inquirendam.
1202 3008 1430 3076 Fidem
1485 3029 1808 3094 namque,
1855 3029 2062 3093 quam
2125 3029 2335 3097 super
2389 3005 2916 3077 conversationem

447 3098 690 3188 ipsiuS,
718 3100 975 3186 absque
1006 3099 1331 3189 figmento
1365 3096 1750 3186 hypocrisis
1779 3095 2239 3176 fraudulento,
2266 3095 2580 3164 divinum
2602 3093 2914 3185 judicium.

443 3200 521 3256 ut
581 3186 841 3256 dictum
894 3198 1017 3268 est,
1076 3184 1432 3255 manifeste
1479 3183 1836 3255 ostendere
1885 3183 2281 3254 videbatur:
2339 3205 2457 3273 per
2506 3179 2914 3254 testimonium

446 3275 678 3346 dilecti
726 3276 850 3344 filii
901 3275 1127 3346 Oberti
1176 3274 1555 3365 presbyteri
1620 3273 1836 3343 sancti
1900 3273 2181 3363 Aegydii
2247 3273 2719 3343 Cremonensis
2771 3285 2916 3358 prae·

446 3365 681 3445 sentis,
720 3388 876 3434 cum
924 3365 1256 3454 Episcopo
1308 3375 1704 3435 memorato.
1742 3374 2011 3451 recepto
2059 3362 2144 3431 ab
2191 3384 2269 3432 eo
2311 3362 2739 3432 firmavimus
2765 3358 2916 3458 jura·

446 3467 707 3524 mento:
747 3454 876 3524 sub
924 3454 1130 3541 cujus
1162 3452 1631 3530 obtestatione,
1691 3450 1999 3520 videlicet
2037 3451 2439 3539 juramenti,
2479 3450 2651 3539 ipse,
2688 3469 2793 3543 qui
2832 3461 2912 3531 pa·

446 3543 670 3615 trinus
717 3542 867 3623 eius
906 3542 1225 3620 existens,
1280 3561 1401 3630 per
1448 3539 1689 3630 viginti
1736 3561 1955 3610 annos
2002 3552 2067 3608 et
2114 3539 2417 3629 amplius
2476 3538 2907 3625 confessionem

443 3631 596 3719 ejus
626 3652 827 3718 saepe
861 3642 1224 3720 receperat,
1263 3650 1440 3716 quae
1487 3629 1572 3697 de
1624 3627 1811 3698 illius
1858 3629 2078 3699 sancti
2124 3629 2634 3699 conversatione
2679 3637 2906 3717 praeim-

444 3720 665 3790 simus
697 3774 712 3798 ,
780 3741 938 3788 cum
999 3719 1146 3809 ipso
1196 3719 1530 3808 Episcopo
1581 3727 1646 3785 et
1691 3715 1847 3785 aliis
1896 3716 2311 3807 supradictis
2348 3717 2601 3807 juratis
2656 3707 2906 3811 similiter

443 3809 759 3889 asseruit,
796 3830 945 3878 esse
978 3829 1157 3886 vera,
1196 3819 1261 3876 et
1306 3807 1389 3875 de
1422 3805 1832 3887 obedientia,
1876 3826 2082 3891 quam
2119 3806 2188 3874 in
2237 3805 2674 3883 orationibus,
2710 3795 2901 3887 vlgllUS

442 3911 506 3968 et
554 3897 710 3967 aliis
759 3897 1211 3986 poenitentiae
1260 3894 1624 3975 fructibus,
1691 3895 1754 3962 in
1815 3916 1947 3981 qua
1997 3894 2129 3963 sibi
2179 3893 2265 3963 ab
2312 3916 2390 3963 eo
2440 3892 2741 3983 imposita
2776 3892 2898 3954 erat,

444 3986 601 4076 plus
652 3985 960 4074 injuncto
1019 3984 1469 4063 satisfaciens,
1533 3982 1915 4064 exhibebat,
1964 4004 2088 4055 nos
2127 3982 2427 4052 reddidit
2473 3981 2803 4075 certiores:
2841 3986 2894 4035 0³
2933 3994 2934 4067 ]

443 4075 673 4156 etiam,
710 4096 885 4162 quae
933 4074 1016 4142 de
1081 4072 1433 4142 miraculis
1482 4073 1653 4163 ipsis
1700 4071 1970 4141 fuerant
2009 4072 2208 4141 nobis
2238 4072 2567 4162 exposita,
2617 4077 2893 4158 001]οΜ-

446 4175 753 4233 mentum
814 4164 1125 4233 omnium
1177 4161 1725 4253 praedictorum,
1780 4161 1899 4247 qui
1951 4173 2227 4262 propter
2275 4162 2402 4230 hoc
2443 4165 2752 4231 venerant,
2794 4142 2890 4215 fide
2933 4192 2934 4219 ι

445 4272 643 4320 susce
698 4252 903 4332 imus,
949 4250 1236 4340 pleniori
1288 4250 1663 4321 assertione
1711 4251 1729 4317 i
1786 4250 1933 4318 sius
1982 4249 2297 4350 Episcopi
2339 4248 2471 4320 sub
2520 4249 2697 4319 firmo
2740 4232 2886 4326 verbf)
2933 4268 2934 4299 ¹

444 4358 633 4407 sacer
685 4340 813 4407 otis
875 4340 1198 4425 requisito
1266 4340 1332 4407 in
1406 4338 1650 4409 virtute
1708 4360 1746 4407 o
1798 4338 2133 4408 edienuae
2203 4347 2660 4415 concurrente,
2710 4338 2770 4397 ul
2813 4336 2883 4387 5¹⁶
