2993 4837
525 308 650 373 314
1058 325 1137 370 nn
1184 324 1240 371 s.
1292 323 1728 370 wumnnonno
1775 324 1876 370 nr.
1928 322 2343 371 TRAJECTENSI
2699 305 2856 371 NOY.
2900 309 2930 371 Ἰ

436 423 706 501 postera
748 409 925 477 idem
975 407 1208 477 infelix
1239 462 1254 487 ,
1303 409 1423 494 qui
1481 408 1745 478 famulo
1781 409 1894 478 Dei
1935 409 2242 478 convicia
2287 408 2517 479 dicere
2553 430 2684 478 non
2729 409 2938 478 abhor-

436 500 596 578 ruit,
661 497 898 566 multis
950 497 1389 567 cernentibus
1420 553 1435 579 ,
1488 498 1561 565 in
1602 498 1837 566 eodem
1890 497 2038 567 loco
2095 499 2452 586 repentina
2500 512 2712 567 morte
2748 502 2932 587 periit.

436 592 602 657 Cum
644 587 749 654 vir
788 590 920 656 Deo
959 585 1207 674 plenus
1237 598 1511 675 propter
1548 585 1981 675 evangelicae
2020 586 2553 674 praedicationis
2581 586 2932 655 instantiam

437 676 579 745 loca
614 676 1007 744 circumiret
1044 675 1410 756 maritima,
1448 696 1668 761 aquae
1693 674 1920 745 dulcis
1953 676 2311 763 penuriam
2343 675 2746 765 patiebatur.
2777 675 2934 758 Quod

436 765 602 833 dum
641 765 962 834 cernebat
1007 763 1512 834 commilitones
1545 776 1823 853 propter
1861 763 2175 833 ardorem
2212 765 2386 841 sitis,
2432 764 2728 853 graviter
2770 765 2937 833 susti·

439 875 639 921 nere:
693 865 926 922 vocato
989 874 1131 923 uno
1189 873 1270 921 ex
1334 851 1474 922 illis
1509 908 1524 931 ,
1580 853 1923 942 praecepit
1968 854 2032 921 ei
2097 854 2272 922 intra
2341 852 2708 922 tentorium
2769 875 2936 923 suuni

437 941 689 1012 fossam
745 943 1011 1030 aperire
1064 963 1368 1031 parvam.
1426 940 1551 1012 Ubi
1602 952 1855 1011 secreto
1903 940 2057 1010 fixis
2104 941 2399 1031 genibus
2453 943 2694 1011 orabat
2742 946 2937 1009 Deum.

438 1032 658 1116 utqui
704 1030 956 1120 populo
987 1051 1114 1099 suo
1153 1051 1404 1116 aquam
1457 1030 1527 1098 in
1562 1028 1828 1100 deserto
1869 1030 2191 1118 produxit
2221 1029 2306 1099 de
2385 1043 2555 1110 etra,
2594 1031 2803 1121 servis
2828 1030 2944 1098 suis

438 1118 674 1189 eadem
716 1117 1182 1189 misericordia
1215 1117 1300 1187 de
1333 1140 1618 1188 arenosa
1667 1132 1843 1187 terra
1891 1140 2141 1205 aquam
2195 1141 2278 1207 pr
2373 1130 2622 1188 uceret.
2661 1119 2785 1200 Qui
2821 1140 2942 1186 mox

437 1208 797 1277 exauditus
844 1220 991 1289 est;
1045 1228 1203 1276 nam
1246 1207 1474 1276 subito
1522 1206 1675 1276 fons
1708 1206 2095 1278 dulcissimi
2131 1207 2399 1296 saporis
2446 1206 2700 1278 fossam
2740 1207 2942 1296 imple·

439 1297 573 1365 bat.
630 1295 821 1378 Quod
872 1298 980 1365 sui
1015 1308 1411 1375 cernenteS,
1465 1296 1722 1386 gratias
1768 1296 2062 1385 agebant
2118 1295 2571 1384 omnipotenti
2637 1299 2810 1374 Deo,
2852 1296 2941 1381 qui

439 1398 752 1454 sanctum
787 1408 993 1455 suum
1028 1383 1517 1474 magnificavit,
1549 1397 1614 1453 et
1644 1384 1969 1454 exaudire
2002 1383 2330 1470 dignatus
2354 1398 2478 1454 est.
2517 1384 2943 1469 Bibebantque

439 1496 661 1561 usque
707 1472 791 1543 ad
843 1474 1242 1553 satietatem,
1298 1495 1672 1560 secumque
1719 1472 1804 1542 ad
1858 1472 2342 1562 praedestinati
2390 1473 2661 1542 itineris
2695 1474 2946 1542 necessi-

443 1575 671 1641 tatem,
724 1575 1059 1649 quantum
1104 1560 1418 1631 sufficere
1466 1561 1846 1643 videbatur,
1891 1575 2157 1650 portare
2193 1563 2531 1631 curabant
2538 1609 2672 1631 .....

529 1654 754 1737 ξΙιΙ.
813 1650 999 1720 Idem
1057 1671 1331 1736 quoque
1392 1651 1494 1718 vir
1556 1655 1685 1720 Deo
1746 1650 2114 1732 amabiliS‚
2181 1650 2520 1738 quaedam
2641 1650 2940 1740 rophetioo

442 1738 870 1829 praedixerat
916 1738 1188 1827 spiritu,
1239 1760 1415 1826 quae
1464 1751 1615 1827 post
1663 1761 1890 1808 rerum
1942 1752 2225 1809 eventus
2274 1762 2430 1809 vera
2468 1761 2594 1828 pro
2647 1740 2804 1808 avit.
2850 1742 2940 1805 Ba·

442 1827 718 1918 ptizavit
745 1828 926 1896 enim
963 1828 1358 1916 Pipinum*,
1392 1827 1613 1897 filium
1659 1833 2073 1897 Francorum
2109 1828 2463 1898 fortissimi
2505 1829 2711 1897 Ducis
2739 1824 2936 1896 Caroli.

444 1929 702 2006 patrem
757 1917 968 2005 hujus
1011 1916 1422 1985 nobilissimi
1464 1915 1724 1996 Caroli,
1781 1916 1899 2003 qui
1952 1916 2154 1986 modo
2201 1939 2360 1985 cum
2415 1917 2788 2005 triumphis
2833 1936 2938 1983 ma·

441 2006 646 2075 ximis
686 2017 750 2075 et
778 2006 966 2074 omni
1015 2004 1346 2094 dignitate
1376 2004 1870 2094 gloriosissime
1906 2010 2322 2074 Francorum
2362 2006 2533 2095 regit
2582 2005 2932 2095 imperium.

444 2101 533 2163 De
581 2115 717 2179 quo
768 2095 1009 2184 Pipino
1047 2107 1234 2181 patre
1281 2092 1431 2178 ejus
1483 2093 1661 2161 idem
1712 2107 1992 2163 sanctus
2026 2095 2129 2162 vir
2163 2115 2492 2183 praesaga
2549 2115 2712 2162 voce
2757 2112 2936 2161 coram

442 2182 807 2272 discipulis
870 2182 1017 2252 suis
1086 2181 1419 2270 praedixit
1482 2182 1613 2252 hoc
1672 2181 2112 2251 vaticinium:
2167 2206 2203 2248 «
2257 2183 2547 2262 Scitote,
2619 2183 2938 2269 inquiens,

442 2272 621 2358 quod
677 2272 801 2340 iste
858 2270 1085 2339 infans
1149 2269 1470 2340 sublimis
1518 2271 1644 2339 erit
1704 2270 1901 2339 valde
1963 2284 2029 2338 et
2089 2271 2478 2360 gloriosus,
2552 2283 2620 2339 et
2665 2270 2938 2340 omnium

448 2360 997 2449 praecedentium
1036 2364 1448 2429 Francorum
1487 2359 1790 2429 Ducibus
1819 2360 2056 2449 maJor.
2093 2382 2128 2426 »
2164 2360 2387 2449 Hujus
2422 2360 2653 2447 itaque
2684 2356 2938 2429 vaticinii

444 2451 693 2519 veritas
747 2449 995 2519 nostris
1047 2450 1327 2537 probata
1376 2461 1478 2517 est
1527 2449 1977 2538 temporibus,
2035 2470 2157 2518 nec
2208 2471 2385 2538 opus
2431 2460 2533 2517 est
2582 2446 2940 2518 testimoniis

445 2539 743 2625 assequi,
784 2538 967 2623 quod
1005 2538 1210 2607 totius
1247 2559 1315 2604 re
1370 2538 1435 2606 ni
1470 2538 1780 2627 agnoscit
1819 2539 2212 2607 auctoritas
2255 2539 2393 2607 Scit
2433 2559 2732 2624 namque
2763 2536 2940 2606 omnis

449 2627 751 2715 populus
782 2681 797 2707 ,
860 2627 1117 2713 quibus
1168 2627 1324 2695 nobi
1361 2626 1646 2694 issimus
1696 2627 1908 2695 victor
1962 2626 2348 2696 celebratur
2403 2626 2776 2715 triumphis
2806 2679 2825 2705 ,
2873 2621 2938 2720 rel

444 2728 779 2801 quantum
820 2715 1147 2784 terminos
1176 2729 1442 2784 nostros
1476 2713 1786 2784 dilatavit
1819 2715 2114 2803 imperii,
2158 2715 2255 2783 vel
2290 2737 2498 2801 quam
2535 2714 2772 2785 devote
2803 2713 2942 2781 chn-

449 2809 739 2872 stianam
786 2803 850 2871 in
892 2824 1102 2891 regno
1141 2824 1269 2872 suo
1310 2803 1738 2892 praeparavit
1773 2803 2197 2891 religionem,
2239 2803 2338 2871 vel
2379 2803 2543 2889 quid
2590 2826 2714 2891 pro
2760 2801 2942 2871 desen·

449 2892 639 2961 sione
673 2905 947 2961 sanctae
988 2890 1325 2969 Ecclesiae
1360 2892 1474 2960 Dei
1525 2891 1707 2981 apud
1742 2905 2096 2961 extraneas
2143 2893 2446 2961 exercuit
2492 2905 2765 2982 gentes:
2813 2908 2940 2976 quae

447 2981 675 3049 omnia
719 2979 964 3049 melius
1004 2979 1222 3050 oculis
1266 2981 1565 3070 probari,
1609 3002 1816 3066 quarn
1856 2981 2080 3049 verbis
2112 2981 2440 3067 explicari
2478 2993 2764 3067 queunt.

536 3071 571 3156 ἓ
617 3074 758 3141 15.
817 3070 965 3138 Fuit
1013 3090 1167 3138 vero
1222 3069 1345 3138 iste
1397 3070 1500 3138 vir
1545 3082 1872 3148 sanctuS,
1928 3070 2118 3138 omni
2158 3069 2492 3159 dignitate
2546 3068 2936 3157 praeclarus,

448 3173 705 3227 statura
754 3158 1024 3232 decens,
1080 3157 1274 3226 vultu
1326 3157 1769 3236 honorabilis,
1817 3157 1988 3227 facie
2036 3174 2365 3228 venustus
2396 3212 2411 3237 ,
2463 3157 2670 3226 corde
2722 3158 2935 3226 laetus.

446 3246 734 3315 consilio
780 3247 1079 3335 sapiens,
1131 3267 1247 3315 ore
1273 3246 1658 3332 jucunduS,
1713 3247 2024 3316 moribus
2072 3248 2521 3336 compositus,
2574 3260 2641 3315 et
2687 3247 2752 3314 in
2801 3243 2938 3313 omni

446 3357 647 3435 opere
708 3336 816 3404 Dei
875 3350 1221 3404 strenuus,
1277 3335 1483 3422 Cuius
1540 3347 1766 3404 autem
1828 3335 2191 3424 patientiae
2243 3351 2443 3412 esset,
2500 3356 2579 3403 ex
2631 3329 2940 3404 antedictis

450 3447 597 3508 ejus
626 3425 833 3513 gestis
858 3423 1263 3492 ostenditur.
1303 3428 1640 3506 Quantam
1678 3441 1834 3492 vero
1869 3423 2186 3493 habuerit
2219 3423 2631 3493 industriam
2677 3424 2745 3492 in
2780 3427 2941 3512 Evanj

449 3513 625 3598 gelio
666 3512 909 3581 Christi
951 3511 1432 3602 praedicando,
1478 3511 1577 3580 vel
1615 3512 1911 3598 qualiter
1946 3512 2139 3581 illum
2187 3513 2254 3580 in
2297 3534 2500 3600 opere
2553 3503 2941 3600 praedicandi

450 3597 681 3669 divina
715 3601 1054 3690 adjuverit
1078 3602 1320 3690 gratia,
1363 3622 1495 3671 non
1537 3622 1810 3670 necesse
1839 3614 1940 3671 est
1967 3615 2198 3670 nostro
2227 3601 2547 3690 prosequi
2579 3601 2778 3690 stylo,
2806 3590 2939 3684 quod

453 3690 658 3759 totius
709 3689 947 3779 populi
990 3690 1379 3758 testimonio
1427 3689 1938 3778 comprobatur.
1993 3695 2197 3758 Porro
2230 3691 2380 3778 ejus
2411 3703 2670 3758 secreta
2716 3703 2942 3757 conver·

451 3780 621 3847 satio
660 3778 728 3847 in
782 3778 1037 3867 vigiliis
1068 3791 1132 3846 et
1165 3778 1616 3857 orationibu5‚
1658 3779 1726 3846 in
1761 3778 2050 3865 jejuniis
2088 3790 2153 3848 et
2188 3777 2595 3868 psalmodiis
2626 3833 2642 3858 ,
2695 3799 2767 3845 ex
2813 3774 2940 3866 vila?

452 3868 807 3938 sanctitate
844 3881 909 3937 et
961 3868 1016 3936 si
1075 3888 1313 3936 norum
1371 3868 1762 3936 ostensione
1810 3866 2102 3957 intelligi
2135 3867 2361 3936 datur.
2406 3867 2799 3936 charitatem
2841 3880 2938 3958 scl-

452 3956 607 4024 licet
656 3956 981 4026 assiduus
1056 3955 1224 4024 abor
1269 3955 1587 4034 ostendit,
1641 3977 1845 4042 quem
1888 3955 2191 4042 quotidie
2245 3977 2368 4044 pro
2421 3953 2664 4025 Christi
2715 3965 2938 4042 nomine

451 4046 805 4114 sustinuit.
863 4045 1161 4131 Denique
1211 4044 1312 4112 v-ir
1344 4057 1625 4114 sanctus
1675 4044 2002 4113 omnibus
2049 4044 2294 4113 diebus
2337 4044 2509 4113 vitae
2562 4064 2723 4113 suae
2766 4041 2825 4108 in
2865 4033 2937 4100 d·-

453 4135 607 4201 vino
638 4134 1004 4223 proficiens
1028 4154 1250 4223 opere,
1292 4138 1422 4201 Deo
1456 4133 1800 4210 amabilis,
1833 4145 1898 4201 et
1935 4135 2121 4202 omni
2156 4131 2408 4222 populo
2444 4145 2698 4221 gratuS,
2735 4141 2936 4219 tempo·

456 4222 645 4289 ribus
675 4222 889 4290 Caroli
915 4222 1203 4309 antiqui,
1237 4221 1590 4290 fortissimi
1621 4226 2035 4291 Francorum
2071 4222 2296 4302 Ducis.
2331 4242 2536 4290 senex
2561 4234 2625 4288 et
2649 4218 2865 4310 plenus
2885 4228 2931 4275 tn

455 4309 641 4374 omni
675 4309 1083 4396 perfectione
1114 4311 1408 4388 dierum,
1436 4312 1793 4399 appositus
1824 4322 1925 4379 est
1950 4309 2030 4378 ad
2065 4323 2290 4400 patres
2327 4331 2509 4386 suos,
2546 4302 2932 4392 multiplicem

507 4431 531 4452 ’³
561 4431 754 4480 Ptpinus
773 4434 812 4472 le
831 4435 1313 4484 quroognominntus
1336 4433 1561 4484 (vlt-768¹.
