2993 4837
500 240 623 304 344
1091 258 1170 304 na
1217 258 1270 304 s.
1326 256 1675 305 conci-amo
1722 258 1818 303 ap.
1873 257 2257 303 amanensi
2660 239 2798 305 NOV.
2849 241 2895 304 8

409 364 568 410 eum
621 342 922 430 rogabat,
979 354 1053 409 ut
1117 341 1557 412 Godefridum
1613 340 2026 411 monachum
2079 363 2284 409 suum
2327 363 2406 410 eo
2458 343 2744 423 mitteret,
2781 340 2902 411 uhi

412 441 586 498 nutu
641 430 750 498 Dei
780 429 1024 498 ‚Abbas
1071 445 1248 499 esset
1293 430 1575 499 electus.
1615 435 1742 499 Eas
1782 430 2042 500 litteras
2095 430 2214 499 ubi
2255 431 2518 519 accepit
2572 451 2748 499 senes
2787 428 2905 498 ille

410 518 842 598 venerabiliS,
892 518 1164 589 infusus
1216 519 1574 607 lacrymis:
1632 542 1667 585 «
1721 523 1843 597 En,
1896 519 2144 606 inquit,
2190 521 2561 589 senectutis
2595 519 2906 588 meaeha·

411 606 763 687 culum,in
798 629 933 692 quo
969 607 1134 675 milii
1173 607 1433 678 solebat
1466 608 1533 676 in
1574 608 2165 695 perturbationum
2200 621 2265 677 et
2296 620 2755 697 tempestatum
2785 606 2904 676 ssu-

410 696 639 765 ctibus
678 717 825 764 esse
875 696 1265 785 perfugium
1307 715 1371 765 et
1408 697 1748 783 quaedam
1800 697 2185 784 respiratio,
2222 719 2567 784 quemque
2602 698 2745 767 liuic
2772 695 2906 765 loeo

411 806 536 873 ego
584 784 1047 853 deliberabam
1103 797 1437 885 pastorem
1480 785 1872 873 praeficere,
1911 807 2096 854 nunc
2149 785 2314 854 mihi
2370 799 2643 874 repente
2672 784 2908 855 auseroe

412 872 673 941 vultis?
723 897 757 939 »
807 874 1119 942 Monachi
1166 896 1441 961 quoque
1494 874 1746 962 pariter
1802 873 2170 962 lacrymari
2207 929 2221 951 ,
2276 876 2444 943 eheu
2490 876 2657 944 eheu
2699 873 2906 943 crebro

411 960 661 1041 dicere,
718 963 929 1031 vereri
979 962 1108 1030 loci
1158 962 1675 1041 desolationem,
1733 975 2018 1031 mortem
2066 977 2386 1051 oppetere
2452 963 2673 1042 malle,
2722 982 2908 1049 quam

416 1052 580 1120 tanti
630 1050 857 1119 fratris
903 1065 965 1119 et
999 1051 1255 1121 sodalis
1302 1052 1527 1121 amico
1565 1051 2013 1121 contubernio
2062 1069 2127 1119 et
2178 1053 2559 1140 praesentia
2607 1051 2902 1127 fraudari,

411 1161 613 1225 quem
650 1161 888 1209 omnes
923 1162 994 1208 se
1037 1154 1293 1229 patrem
1327 1154 1392 1210 et
1423 1142 1745 1210 Abbatem
1785 1140 2139 1209 habituros
2174 1154 2587 1229 sperassent.
2621 1140 2740 1209 Sed
2766 1160 2906 1208 cum

413 1229 616 1317 Regis
666 1229 1043 1309 voluntati,
1102 1243 1167 1298 et
1214 1230 1706 1319 Episcoporum
1772 1228 2214 1316 postulationi
2265 1229 2584 1299 reluctari
2637 1251 2758 1298 non
2802 1250 2911 1296 au·

412 1317 673 1396 derent,
728 1318 948 1386 Abbas
996 1318 1401 1387 Godefridus
1435 1340 1592 1387 eum
1686 1317 1957 1387 erduxit
1993 1318 2401 1387 Laudunum
2455 1319 2804 1396 clavatum,
2831 1315 2910 1384 ad

412 1405 876 1474 Helinandum
930 1406 1369 1496 Episcopum,
1414 1408 1534 1475 ubi
1589 1406 1631 1474 il
1667 1429 1701 1474 e
1729 1428 1959 1475 coram
2011 1407 2339 1475 omnibus
2378 1408 2620 1476 crebra
2668 1408 2911 1474 trahens

414 1495 736 1584 suspiria,
776 1497 1163 1583 opponebat
1217 1498 1455 1564 aetatis
1518 1509 1581 1564 et
1632 1516 1902 1563 morum
1956 1495 2516 1564 immaturitatem
2553 1551 2567 1574 ,
2622 1493 2911 1564 scientiae

415 1584 744 1671 inopiam,
786 1582 1149 1671 indignum
1204 1606 1274 1654 se
1336 1605 1674 1663 asserenS,
1722 1586 1841 1670 qui
1909 1585 1977 1651 in
2043 1582 2294 1672 templo
2347 1585 2618 1653 Domini
2664 1580 2908 1652 extremi

412 1671 671 1740 aeditui
718 1670 1119 1760 fungeretur
1169 1674 1573 1751 ministerio,
1614 1686 1880 1741 tantum
1930 1673 2192 1751 abesse,
2242 1687 2314 1742 ut
2360 1687 2593 1742 custos
2624 1692 2908 1741 vasorum

411 1760 623 1829 fieret.
668 1760 791 1828 Sed
838 1762 1282 1846 quantumvis
1335 1761 1445 1830 ille
1495 1763 1664 1831 haec
1706 1762 1978 1847 aliaque
2028 1760 2094 1829 id
2145 1783 2366 1851 genus
2413 1761 2757 1849 allegaret.
2798 1778 2906 1827 non

413 1848 634 1919 solum
691 1871 822 1918 non
874 1862 975 1918 est
1030 1850 1437 1927 exauditus,
1493 1850 1611 1919 sed
1687 1850 2210 1938 quamprimum
2287 1852 2626 1939 pastorale
2689 1868 2906 1917 munus

415 1939 584 2006 tueri
626 1959 703 2005 ac
737 1938 1074 2007 sustinere
1097 1939 1339 2023 jussus
1371 1955 1494 2020 est,
1541 1941 2127 2030 Novigentumque
2161 1938 2540 2009 honorifice
2572 1938 2902 2016 adductus.

412 2048 543 2095 non
594 2026 793 2096 niodo
848 2027 1267 2108 hominibuS‚
1322 2028 1436 2096 sed
1492 2028 1592 2097 uti
1642 2027 1918 2096 credere
1971 2049 2091 2117 par
2137 2041 2260 2106 est,
2318 2028 2523 2097 etiam
2583 2025 2906 2097 coelitibus

408 2137 486 2184 ea
539 2136 607 2184 re
654 2115 1187 2203 gratulantibus,

496 2207 531 2289 ξ
584 2209 723 2274 ffl.
780 2208 1086 2291 Cumque
1130 2228 1208 2274 eo
1260 2206 1700 2295 pervenisset,
1745 2227 1876 2275 non
1921 2204 2053 2273 nisi
2105 2226 2218 2274 sex
2269 2206 2645 2275 monachos
2673 2218 2734 2273 et
2762 2201 2906 2271 dues

410 2291 734 2381 puerulos
787 2291 924 2362 illic
976 2295 1261 2362 invenit:
1303 2295 1471 2363 nihil
1512 2295 1604 2362 ibi
1641 2294 1741 2363 vel
1793 2294 1960 2372 vini,
2020 2293 2116 2361 vel
2179 2293 2503 2363 frumenti
2544 2304 2902 2389 supererat:

408 2380 616 2451 cellas
664 2380 1037 2452 admodum
1087 2382 1385 2452 humiles
1429 2396 1493 2453 et
1548 2397 1877 2472 angustas
1919 2382 2146 2452 videre
2181 2382 2427 2453 licebat
2463 2383 2785 2473 (mapalia
2823 2377 2903 2446 di·

406 2469 645 2557 ceres),
688 2470 897 2558 virgis
933 2472 1031 2540 vel
1086 2473 1459 2543 viminibus
1505 2474 1816 2542 intextas.
1857 2477 2300 2541 Excreverant
2333 2472 2638 2555 dumeta,
2679 2466 2899 2567 tribuli.

411 2559 693 2636 rubeta,
759 2573 820 2626 et
870 2559 1005 2629 alia
1052 2561 1333 2630 arbusta
1386 2562 1692 2650 passim:
1759 2561 2019 2648 quibus
2080 2560 2369 2631 succisis
2431 2574 2498 2630 et
2565 2562 2899 2648 extirpatis,

406 2669 705 2736 agroque
765 2648 1122 2718 eruderato
1155 2705 1169 2728 ,
1232 2675 1268 2718 a
1323 2650 1794 2719 fundamentis
1849 2650 2143 2719 extruxit
2191 2649 2383 2726 loca,
2443 2651 2899 2719 monachorum

409 2735 810 2804 habitationi
853 2751 1237 2827 opportuna
1272 2752 1337 2807 et
1367 2739 1836 2808 accommoda.
1876 2743 2163 2807 Domum
2217 2760 2492 2826 quoque
2531 2735 2897 2808 aedificavit.

407 2824 475 2891 in
513 2846 647 2909 qua
693 2847 1028 2912 pauperes
1079 2840 1142 2895 et
1174 2829 1360 2917 aegri
1400 2829 1886 2916 reciperentur,
1925 2827 2181 2912 quibus
2239 2826 2549 2896 fovendis
2609 2842 2808 2896 terras
2855 2835 2902 2888 et

407 2912 637 2982 vineas
692 2912 1048 3002 delegavit.
1090 2916 1181 2984 Ad
1249 2939 1398 2984 eam
1449 2916 1735 2985 domum
1798 2916 2056 2985 solebat
2104 2916 2408 3002 quotidie
2472 2939 2544 2985 se
2606 2915 2896 2985 conferre,

401 3022 637 3070 eorum
671 3003 790 3087 qui
845 3003 985 3072 illic
1039 3007 1507 3084 morabantur,
1556 3005 1759 3091 pedes
1828 3004 2130 3082 abluere,
2174 3020 2387 3074 vestes
2435 3006 2536 3074 eis
2589 3004 2894 3094 praebere,

402 3089 763 3159 defunctos
812 3091 1313 3164 officiosissime
1361 3093 1756 3182 sepulturae
1806 3093 2157 3163 mandare.

487 3181 523 3267 ξ
577 3183 712 3253 u.
765 3181 956 3250 Multi
996 3204 1149 3251 vero
1186 3181 1271 3250 ad
1321 3206 1476 3251 eum
1530 3183 1874 3252 confluere
1924 3195 2318 3270 coeperunt,
2349 3179 2898 3269 quemadmodum

401 3269 621 3337 solent
669 3291 832 3359 apes
879 3270 965 3338 ad
1019 3271 1369 3340 florentem
1414 3272 1758 3360 thymum,
1815 3270 1912 3339 vel
1950 3271 2286 3342 cvtisum:
2333 3272 2400 3339 in
2453 3271 2710 3358 quibus
2751 3269 2899 3338 fuere

399 3356 535 3427 duo
578 3371 803 3447 patres
850 3359 1132 3448 egregii,
1179 3360 1581 3430 Lambertus
1610 3359 1922 3429 coenobii
1965 3342 2516 3438 &toriniacensiffi
2572 3374 2636 3429 et
2685 3357 2897 3427 Walra-

400 3445 531 3515 dus
595 3451 659 3515 S.
714 3447 971 3517 Nicolai
1022 3447 1106 3518 de
1155 3448 1399 3518 Ribodi
1450 3461 1716 3530 monte,
1827 3448 2134 3518 raefecti:
2187 3449 2308 3536 qui
2358 3449 2665 3517 nativum
2714 3447 2894 3517 solum

396 3548 461 3604 et
500 3537 1075 3605 monasteriorum
1130 3538 1432 3628 regimen
1494 3537 1633 3606 sive
1674 3471 2240 3628 gussernationem
2302 3536 2790 3624 relinquentes,
2847 3533 2894 3630 1211

399 3623 551 3709 ejus
587 3647 657 3695 se
699 3625 1142 3715 disciplinam
1202 3626 1656 3706 tradiderunt,
1713 3627 1811 3695 vel
1843 3627 2163 3697 extremis
2210 3626 2361 3717 ejus
2411 3626 2575 3695 vesti
2632 3626 2710 3695 iis
2765 3625 2895 3692 insn-
2951 3697 2952 3710 χ

396 3726 571 3781 stere
619 3715 999 3802 cupientes.
1054 3720 1238 3784 Inter
1287 3716 1411 3785 hos
1480 3715 1750 3786 medius
1815 3717 2221 3785 recumbens
2285 3650 2717 3793 GodefritffuS,
2769 3730 2890 3780 cum

397 3800 514 3870 illo
538 3802 849 3891 jubente,
886 3802 1101 3873 multa
1135 3819 1361 3875 essent
1397 3804 1462 3872 in
1500 3826 1806 3873 mensam
1844 3804 2102 3874 fercula
2142 3804 2353 3877 illata.
2411 3804 2521 3872 vix
2569 3804 2888 3890 quicquam

398 3891 557 3960 inde
605 3891 1013 3980 degustavit,
1054 3892 1285 3962 herbis
1321 3893 1700 3963 virentibus
1755 3894 1853 3961 vel
1905 3893 2229 3962 arborum
2267 3891 2608 3962 fructibus
2654 3908 2890 3977 corpus-

394 3979 629 4049 culum
682 3992 1098 4052 sustentans.
1155 3986 1339 4064 Quae
1396 3992 1822 4070 supererant,
1883 3983 2118 4072 egenis
2168 3980 2269 4050 vel
2331 3981 2508 4050 male
2557 3978 2888 4049 valentibus

394 4066 712 4139 alacriter
745 4069 1221 4140 distribuebat.
1277 4077 1416 4142 Non
1458 4071 1892 4140 mediocriter
1941 4072 2372 4140 mirabantur
2419 4092 2692 4147 omnes,
2742 4060 2881 4153 quod

394 4179 612 4252 usque
645 4158 814 4228 adeo
866 4159 932 4226 in
984 4181 1055 4227 se
1088 4159 1324 4259 gulam
1376 4159 1742 4229 edomitam
1798 4160 2098 4229 haberet.
2725 4244 2736 4254 ⁶

484 4249 517 4329 ξ
566 4251 707 4317 15.
764 4247 902 4315 Sub
972 4269 1049 4316 eo
1099 4250 1369 4316 interim
1427 4248 1722 4317 militum
1789 4249 2032 4317 Christi
2083 4248 2418 4317 exercitus
2464 4259 2529 4316 et
2586 4256 2796 4314 merito
2831 4249 2874 4303 et

400 4353 684 4399 numero
723 4335 1125 4422 augebatur,
1180 4337 1355 4405 inter
1392 4359 1566 4423 quos
1622 4337 1733 4405 ille
1768 4338 2073 4427 optimus
2134 4350 2358 4427 pater,
2427 4325 2872 4425 quodammodo
