2993 4837
32 300 177 365 ΕΤ.
239 302 323 365 17

32 400 315 471 ›alaestra,
356 416 477 461 nec
522 416 788 477 quonam
836 405 1014 466 morti
1060 422 1288 483 genere

31 481 459 543 mcubuissent.
516 480 605 541 Ex
653 482 786 543 aliis
848 482 1293 564 Martyrologiis

31 575 99 621 :os
160 577 363 638 passos
431 561 624 623 fuisse
686 561 1112 638 Nicomediae,
1178 582 1291 630 nec

32 648 131 700 »ost
172 656 417 702 annum
463 638 608 712 304,
653 640 826 704 facile
869 646 1133 719 eruitur,

261 808 328 869 S.
377 808 771 871 MAMELTA
816 811 1023 875 MART.

335 911 614 977 Probae.
662 932 822 977 saec.
881 919 944 980 V.

80 1049 447 1112 Mannum..
502 1082 581 1094 —
626 1048 692 1111 In
738 1049 988 1113 Perside
1049 1061 1290 1115 sanctae

31 1129 349 1191 »lametula
368 1130 690 1208 Martyris,
719 1146 874 1270 quae
905 1148 934 1192 a
966 1132 1137 1206 cultu
1164 1131 1289 1195 ido·

34 1225 191 1270 orum
222 1208 299 1271 ad
332 1210 528 1270 fidem
558 1211 731 1288 Ange
759 1213 848 1271 ico
879 1214 1121 1274 monitu
1150 1228 1289 1273 cou-

31 1305 190 1361 versa,
219 1307 252 1352 a
283 1287 646 1350 Gentilibus
687 1289 940 1366 lapidata
984 1299 1193 1367 est,-et
1225 1292 1286 1353 in

36 1369 376 1431 ›rotundum
427 1367 632 1431 lacum
674 1369 973 1433 demersa.

92 1447 206 1509 Hoc
240 1446 301 1509 S.
338 1448 673 1509 Mameltae
715 1449 1011 1525 elogium.
1042 1450 1123 1513 ali
1165 1451 1287 1527 illo,

32 1526 159 1601 luod
199 1528 260 1588 in
305 1528 652 1608 Menoloyio
699 1528 1038 1604 Basiliam,
1084 1532 1284 1592 conti-

32 1613 198 1678 ietur,
263 1624 485 1684 parum
556 1608 808 1681 differt;
873 1610 1047 1687 cujus
1103 1611 1285 1673 verba

32 1698 150 1746 iaec
188 1694 363 1747 sunt:
423 1708 455 1747 ε
520 1695 728 1749 sancta
795 1689 1147 1752 Mamelchta
1210 1708 1284 1753 ex

31 1760 243 1826 Perside
282 1765 432 1841 suit,
485 1766 697 1844 templi
751 1768 998 1845 quidem
1059 1769 1287 1832 Dianae

31 1842 309 1913 acer-dos.
383 1847 493 1909 sed
562 1862 831 1907 sororem
896 1848 1287 1912 christianam

31 1922 248 1986 habens.
292 1923 452 1988 Cum
507 1934 720 1987 autem
781 1926 842 1988 in
905 1929 1131 1990 somnis
1191 1935 1284 1991 vi-

32 1999 572 2084 lisset‘Angelum
638 2006 743 2067 Dei
813 2008 926 2068 sibi
964 2008 1283 2072 ’christia-

31 2088 573 2165 norum,mysteria
625 2087 1078 2159 ostendentem,
1121 2092 1283 2152 exci-

31 2167 123 2221 tata
178 2180 319 2224 cum
393 2175 637 2227 terrore
699 2166 775 2226 de
832 2182 1083 2241 somno,
1157 2185 1286 2230 rem

32 2253 247 2304 omnem
290 2247 492 2307 sorori
526 2249 793 2323 aperuit:
828 2261 857 2306 a
891 2264 1005 2325 qua
1038 2248 1108 2309 ad
1138 2248 1282 2326 Epi-

35 2332 250 2404 scopum
310 2324 668 2387 adducitur.
732 2326 1061 2404 Episcopus
1120 2344 1283 2400 vere,

33 2399 314 2465 intellecto
380 2407 644 2467 visionis
704 2405 1010 2485 symbolo:
1060 2428 1085 2461 c«
1127 2407 1285 2470 chri·

31 2478 280 2556 stiauam,
345 2486 577 2563 inquit,
635 2493 869 2563 oportet
929 2495 984 2548 te
1048 2487 1201 2548 fieri.
1247 2513 1272 2544 ι»

31 2552 347 2640 Statimque
393 2566 586 2638 illam,
619 2568 843 2627 sororis
884 2568 1167 2629 manibus
1209 2568 1285 2631 de

31 2648 170 2700 sacro
236 2643 404 2705 sonte
474 2651 868 2723 susceptam,
935 2646 1282 2726 baptizavit.

32 2712 204 2802 Quare
233 2724 594 2786 vehementi
628 2725 833 2786 rurore
855 2730 1117 2803 correpti
1147 2742 1281 2802 gen·

33 2793 167 2868 tiles,
212 2804 421 2864 multis
479 2805 896 2867 excruciatam
964 2812 1282 2868 tormentis

32 2868 427 2960 lapidibusque
498 2883 781 2944 obrutam
869 2885 1231 2946 interfecere
1264 2933 1279 2958 ,

31 2952 311 3027 splendida
340 2962 547 3024 adhuc
587 2964 742 3024 sacri
776 2965 1148 3040 baptismatis
1182 2981 1280 3026 ve·

31 3037 105 3091 ste
124 3033 414 3115 indutam,
440 3048 625 3121 atque
649 3043 710 3102 in
736 3044 1279 3118 profundissimum

34 3105 204 3200 lacum
264 3119 640 3196 demersere3
690 3124 852 3184 unde
896 3125 997 3186 vix
1043 3141 1074 3186 a
1120 3124 1278 3187 cbri-
1318 3185 1327 3194 ,

32 3195 218 3256 suauis
257 3207 519 3262 extracta
565 3210 671 3263 est.
704 3202 870 3264 Adiit
895 3213 1098 3265 autem
1144 3204 1279 3268 Per·

32 3281 212 3335 sarum
252 3292 465 3353 regem
510 3280 560 3340 E
610 3282 860 3359 iscopuS,
907 3284 1278 3360 impetravit·

32 3360 152 3434 que,
184 3361 266 3427 ut,
297 3373 515 3420 everso
598 3362 766 3423 ianae
805 3362 1060 3440 templo,
1091 3364 1279 3425 eccle-

35 3439 163 3488 siam
189 3443 428 3500 sanctae
465 3439 745 3514 Martyris
774 3443 1030 3504 nomine
1058 3443 1278 3505 excita·

34 3511 140 3590 ret:
183 3515 334 3587 quod
368 3534 508 3579 cum
554 3521 946 3592 aedificasset,
988 3523 1279 3600 pretiosas

33 3595 148 3675 eius·
183 3591 464 3672 reliquias
510 3599 593 3660 ibi
636 3598 989 3678 deposuit.»
1046 3599 1277 3664 Bollan-

35 3659 182 3753 tlistis
209 3673 453 3737 videtur
486 3678 596 3739 hoc
641 3681 1001 3760 martyrium
1041 3683 1278 3745 saeculo

35 3752 225 3814 quinto
264 3757 572 3821 accidisse.

71 3897 122 3961 S.
152 3905 455 3974 ANDREA
496 3917 844 3980 momentis
905 3936 976 3979 er
1036 3918 1235 3982 Maur.

279 4018 507 4081 Passus
548 4028 633 4083 est
677 4040 841 4085 anno
886 4023 1018 4085 767.

107 4135 444 4214 Hammon.
464 4188 537 4197 —
554 4154 1069 4236 Constantinopoli
1085 4161 1274 4221 sancti

47 4209 309 4287 Axoume
350 4230 650 4296 Cretensis
694 4237 994 4312 Monachi‚
1039 4240 1141 4317 qui
1200 4239 1274 4300 ob

46 4291 249 4389 cultu-m
278 4323 577 4376 sacrarum
613 4318 947 4394 imaginum
978 4320 1090 4379 sub
1122 4316 1274 4382 Con·

46 4374 280 4442 stantino
310 4385 686 4474 Copronymo
727 4397 965 4473 saepius
995 4398 1274 4461 verbera·

820 322 1348 373 utt‘rmomemu
1403 328 1834 379 ILLUSTRATUH

2367 319 2531 387 925*

1351 415 1468 477 tus,
1522 411 1788 485 tandem,
1838 422 2154 491 amputato
2207 417 2400 482 altero
2443 422 2616 500 pede,

1348 488 1616 551 reddidit
1656 493 1944 568 spiritum

1427 568 1489 632 S.
1540 570 1838 644 Andreas,
1900 581 2136 649 martyr
2199 574 2622 642 Constantino·

1351 648 1675 726 politanus,
1710 652 1771 713 in
1803 650 2053 715 Oriente
2097 656 2431 733 plurimum
2471 659 2625 720 cele·

1348 729 1579 802 bratuS,
1601 731 1662 791 in
1684 733 1973 794 omnibus
1995 750 2186 811 paene
2209 740 2438 815 graecis
2457 738 2624 800 fastis

1346 808 1672 882 recolitur;
1718 827 1828 874 nec
1873 815 2030 890 apud
2094 830 2195 876 eas
2240 826 2449 894 gentes
2493 826 2624 878 tan-

1349 889 1695 962 tummodo,
1718 907 1872 979 quae
1893 908 2109 973 graeco
2152 895 2437 959 idiomate
2479 897 2623 963 olim

1349 969 1616 1030 usi·sunt
1643 978 1747 1030 aut
1795 979 2077 1047 utuntur,
2107 974 2211 1035 sed
2242 978 2424 1037 etiam
2457 978 2618 1053 apud

1348 1047 1639 1123 Moschos,
1686 1049 1997 1113 Ruthenos
2039 1059 2104 1115 et
2144 1052 2452 1117 Melchitas
2497 1058 2625 1118 An-

1351 1128 1701 1202 tiocbenoS,
1764 1128 2136 1195 Kalendariis
2204 1134 2621 1198 ecclesiasticis

1345 1206 1685 1285 adscriptus
1737 1214 1847 1272 est.
1893 1209 1961 1272 In
2024 1211 2311 1284 Menaeis,
2356 1231 2511 1294 quae
2557 1218 2619 1278 in

1347 1285 1715 1349 Bibliotheca
1765 1289 2159 1355 Ambrosiana
2188 1338 2204 1363 ‚
2251 1294 2619 1369 Mediolani,
2695 1344 2700 1349 .

1343 1365 1773 1439 adservantur,
1801 1367 1972 1442 haec,
2004 1370 2191 1435 latine
2206 1390 2240 1435 e
2259 1389 2475 1451 graeco
2491 1375 2624 1437 red·

1347 1446 1491 1517 dita,
1537 1448 1610 1508 de
1653 1447 1714 1509 S.
1762 1448 2002 1512 Andrea
2055 1451 2372 1529 leguntur:
2428 1477 2452 1509 α
2494 1454 2548 1516 Is
2588 1454 2622 1491 *

1344 1525 1681 1605 (Andreas)
1708 1527 1822 1590 sub
1852 1527 2249 1594 Constantino
2280 1533 2619 1609 CaballinO,

1344 1608 1634 1668 asceticae
1697 1609 1856 1669 vitae
1916 1609 2189 1673 addictus
2242 1606 2491 1675 vivebat
2556 1614 2621 1675 in

1346 1685 1547 1747 insula
1582 1683 1781 1760 Creta,
1811 1703 2075 1766 cumque
2115 1692 2382 1754 audisset
2417 1701 2621 1772 tyran-

1349 1780 1493 1827 num
1538 1766 1905 1828 orthodoxos
1938 1774 2256 1832 tormentis
2284 1776 2618 1849 exagitare,

1348 1843 1518 1906 illum
1553 1845 1961 1923 redarguendi
1993 1851 2168 1910 causa
2194 1849 2620 1915 Constantino·

1347 1924 1532 2000 polim
1566 1926 1892 2003 navigavit.
1914 1927 2160 1990 Invenit
2182 1946 2324 1992 eum
2355 1931 2508 1994 ultra
2533 1933 2618 2007 **,

1346 2008 1408 2064 in
1452 2004 1683 2068 Palatio
1724 2005 1796 2068 ad
1843 2005 1905 2068 S.
1955 2007 2298 2082 MamantiS,
2342 2014 2621 2074 saevien-

1347 2089 1467 2145 tem
1514 2087 1575 2145 in
1620 2102 1721 2148 eos
1763 2088 1868 2163 qui
1912 2104 2219 2151 sacrarum
2263 2089 2615 2167 Imaginum

1344 2163 1581 2225 nollent
1599 2166 1831 2227 cultum
1862 2165 2152 2244 abjicere,
2176 2185 2441 2247 eumque
2465 2188 2619 2234 com·

1347 2243 1603 2320 pellans:
1642 2267 1666 2299 α
1695 2245 2050 2325 Imperator,
2086 2253 2230 2309 tune
2253 2250 2620 2312 christianus

1343 2324 1448 2383 es?
1487 2346 1513 2378 a
1570 2326 1789 2404 inquit.
1837 2324 1948 2387 Hic
1992 2343 2142 2389 vero
2204 2345 2340 2390 cum
2410 2330 2494 2391 ira
2547 2333 2617 2392 ad

1341 2417 1482 2465 eum
1545 2421 1900 2478 conversus,
1946 2406 2157 2470 adduci
2195 2408 2397 2487 jussit.
2461 2410 2615 2472 Tum

1341 2483 1445 2543 alii
1503 2484 1744 2560 capillos
1785 2485 2176 2564 abripientes,
2200 2489 2612 2552 alii'tunicam

1341 2561 1692 2637 lacerantes,
1724 2573 1785 2626 et
1817 2583 1847 2627 a
1897 2575 2068 2644 tergo
2110 2568 2450 2637 caedentes,
2482 2587 2618 2632 san·

1341 2651 1508 2704 ctum
1540 2645 1866 2720 raptabant.
1891 2643 1998 2707 Cui
2026 2653 2353 2725 tyrannus:
2395 2672 2420 2703 «ι
2453 2648 2618 2712 Itane

1339 2722 1728 2785 contumeliis
1750 2723 2181 2802 Imperatorem
2215 2729 2455 2790 afficere
2479 2730 2617 2790 edo-

1339 2809 1473 2863 ctus
1516 2804 1672 2863 es?»
1729 2802 1832 2865 Ille
1875 2821 2046 2866 vero:
2108 2829 2133 2862 «ι
2174 2805 2367 2868 Nemo
2409 2809 2612 2870 delin-

1338 2885 1495 2959 quit,
1523 2880 2258 2962 Imperatoremarguens.
2277 2889 2613 2965 dumleges

1339 2962 1704 3025 contemnit.
1749 2987 1774 3018 ι»
1823 2964 2141 3041 Tyrannus
2186 2968 2446 3029 iterum:
2498 2968 2615 3030 «ln

1340 3055 1438 3100 vos
1467 3043 1665 3115 potius
1692 3040 1901 3119 legum
1936 3055 2317 3125 corruptores
2346 3050 2616 3110 animad-

1340 3122 1656 3196 vertimuS,
1681 3125 1784 3200 qui
1811 3124 1982 3201 quasi
2007 3124 2125 3186 diis
2145 3126 2444 3200 advoluti,
2474 3128 2622 3189 ima·

1337 3200 1515 3275 gines
1543 3202 1902 3264 adoratione
1934 3207 2404 3282 prosequimini.
2442 3228 2468 3264 κ
2509 3205 2619 3268 Re-

1335 3279 1580 3353 spondit
1612 3281 1744 3343 ille:
1782 3301 1810 3339 t
1841 3281 2071 3355 Nescis,
2092 3282 2445 3360 Imperator,
2473 3287 2616 3364 quid

1334 3362 1413 3418 sit
1455 3359 1691 3421 cultum
1737 3360 2061 3423 relativum
2105 3364 2426 3436 exhibere,
2471 3365 2618 3442 quid

1338 3454 1481 3499 vero
1504 3438 1926 3502 latreuticum.
1949 3442 2144 3503 »Tum
2169 3459 2309 3505 eum
2332 3445 2403 3506 ad
2429 3445 2616 3522 flagra

1334 3519 1607 3591 extendi,
1626 3529 1869 3597 tergum
1887 3530 1949 3582 et
1963 3529 2204 3598 pentum
2220 3523 2466 3585 bovinis
2482 3540 2618 3587 ner-

1341 3597 1430 3656 vis
1472 3596 1738 3672 concidi,
1769 3598 1992 3662 deinde
2022 3618 2086 3662 os
2128 3604 2286 3663 saxis
2329 3606 2617 3667 contundi

1340 3681 1678 3756 praecepit3
1729 3688 1955 3757 postera
2002 3681 2103 3742 die
2147 3680 2292 3743 foris
2335 3683 2616 3759 ejectum.

1340 3764 1540 3832 utpote
1583 3761 1679 3819 cui
1726 3757 2037 3823 Christum
2101 3768 2162 3821 et
2221 3778 2416 3824 sacras
2462 3765 2617 3825 ima·

1334 3836 1508 3911 gines
1536 3837 1837 3916 abnegare
1880 3856 1999 3901 non
2033 3843 2448 3919 persuasisset,
2481 3859 2616 3903 rur·

1386 3988 1411 4014 ¹⁸
1443 3987 1484 4027 8.
1520 3988 1726 4030 Andreas
1747 3990 1795 4030 ln
1816 3992 1970 4030 insula
1992 3991 2129 4032 cteta
2155 3995 2295 4032 natus
2320 3996 2407 4036 est.
2430 3999 2484 4031 ut.
2505 3995 2619 4033 Acta

1334 4050 1440 4098 ejus
1460 4050 1509 4089 et
1529 4051 1782 4098 synaxarta
1802 4055 1958 4093 omnia
1978 4055 2236 4094 testantur.
2262 4057 2327 4094 De
2346 4053 2456 4098 vite.
2471 4064 2617 4102 quam

1333 4110 1431 4150 illio
1458 4112 1569 4162 egit.
1602 4124 1750 4161 pauca
1786 4116 2035 4155 admodum
2063 4116 2388 4156 innotuerunt.
2420 4117 2613 4157 Certum

1332 4175 1491 4214 tamen
1520 4178 1607 4222 est,
1635 4187 1742 4217 eum
1773 4179 2085 4218 monasticum
2117 4179 2196 4219 vel
2234 4175 2616 4218 anachoreticum

1333 4238 1519 4278 vivendi
1540 4248 1688 4287 genus
1708 4241 1973 4289 amplexum
1993 4241 2157 4281 fuisse.

1386 4301 1437 4327 ’μ’
1467 4299 1657 4341 Scilicet
1698 4303 1755 4341 nd
1792 4305 1972 4350 partem
2009 4301 2350 4343 occidentalem
2392 4299 2615 4346 civitatis.

1331 4364 1413 4403 ubi
1433 4365 1578 4405 situm
1599 4367 1701 4404 erat
1722 4363 1969 4414 palatium,
1984 4366 2108 4414 quod
2130 4377 2156 4406 a
2176 4368 2221 4407 S.
2244 4365 2477 4404 hiemante
2498 4375 2617 4406 nun·

1330 4426 1609 4476 cupali-tur.
