2993 4837
533 310 659 374 320
1016 328 1093 373 nr:
1142 328 1199 374 s.
1250 327 1649 375 ENGELBEmo
1699 329 1992 375 Ancntar.
2046 329 2417 377 cocomaNst
2694 312 2841 378 NOV.
2883 315 2909 375 ἶ

444 411 719 481 Aleman
733 412 847 480 nia
872 411 1044 480 bene
1071 412 1211 481 noti
1244 412 1600 512 probitate,
1626 433 1746 501 per
1773 412 2027 482 litteras
2053 412 2455 503 Iinperiales
2489 415 2671 504 regni
2704 416 2917 503 negotia

444 501 615 570 citra
648 498 847 590 Alpes
883 499 982 568 illi
1009 500 1375 580 commisit,
1414 501 1693 570 Henrici
1728 501 1851 570 filii
1878 502 1988 570 sui
2020 524 2179 571 eum
2208 502 2629 573 constituens
2659 516 2915 573 tutorem.

443 602 509 658 et
557 589 766 658 totius
815 588 1006 679 regni
1057 589 1347 657 Romani
1408 610 1528 677 per
1580 589 2051 659 Alemanniam
2108 591 2552 680 provisorem.
2605 591 2724 674 Qui
2775 590 2921 681 regni

443 678 715 768 negotia
757 698 893 746 non
942 678 1201 764 absque
1234 678 1475 748 timore
1525 679 1936 768 suscipienS,
1996 679 2440 768 Reipublicae
2480 692 2615 749 tam
2651 679 2856 749 utilem
2876 692 2922 749 et

445 780 580 836 tam
634 764 905 835 fidelem
944 788 1016 836 se
1061 765 1379 836 exhibere
1426 766 1715 847 studuit,
1756 780 1832 837 ut
1877 768 1962 835 de
2009 768 2572 857 contingentibus
2622 768 2715 837 vel
2756 767 2923 837 modi·

443 877 629 937 cum,
685 854 786 923 vel
839 855 1007 924 nihil
1046 854 1441 944 negligeret,
1482 867 1548 924 et
1594 855 1897 936 inviduS,
1953 855 2072 925 ubi
2123 855 2565 926 detractionis
2603 856 2846 926 dentem
2872 855 2924 925 fi·

444 957 651 1035 geret,
693 944 762 1011 in
803 944 952 1032 ejus
1001 944 1223 1013 verbis
1273 943 1372 1013 vel
1412 945 1685 1014 actibus
1727 966 1859 1013 non
1913 945 2270 1014 inveniret.
2310 946 2748 1036 Congregatis
2791 944 2925 1033 prin-

441 1033 739 1124 cipibuS,
799 1032 1167 1102 Henricum
1215 1054 1508 1121 puerum
1542 1033 1576 1066 ⁴⁸
1624 1034 2034 1122 Aquisgrani
2085 1035 2153 1102 in
2211 1039 2460 1122 Regem
2513 1033 2925 1104 consecravit:

442 1144 646 1209 quem
701 1121 1044 1192 nutriebat
1090 1134 1167 1190 ut
1215 1120 1436 1190 filium
1468 1175 1482 1203 ,
1537 1134 1601 1190 et
1652 1123 2009 1190 honoravit
2069 1134 2146 1192 ut
2191 1123 2584 1192 dominum.
2638 1127 2794 1192 Cum
2834 1142 2930 1207 quo

444 1224 509 1281 et
556 1211 704 1282 sine
736 1232 872 1298 quo
899 1209 1202 1280 diversas
1232 1209 1424 1299 regni
1467 1225 1693 1300 partes
1729 1209 2180 1299 perlustrans,
2220 1224 2472 1279 tantam
2525 1211 2684 1280 fecit
2722 1231 2928 1301 pacem.

445 1312 522 1369 ut
553 1300 839 1388 Augusti
888 1312 1194 1386 tempora
1241 1298 1579 1367 crederes,
1641 1299 1956 1368 videntes
2013 1299 2414 1386 hujusmodi
2466 1300 2736 1370 virtutis
2778 1318 2932 1388 opera

498 1387 825 1458 raedones
871 1401 937 1456 et
983 1387 1434 1458 dissensionis
1505 1400 1866 1467 amatores,
1933 1387 2189 1477 gloriae
2240 1388 2623 1477 pontificiS,
2679 1389 2839 1459 sicut
2878 1385 2933 1454 de

444 1411 748 1547 Ronatba
807 1474 1077 1567 legitur,
1134 1476 1514 1545 invidentes
1564 1476 2040 1546 tabescebant:
2109 1477 2270 1546 boni
2321 1499 2478 1546 vero
2511 1532 2526 1557 ,
2582 1490 2647 1547 et
2697 1475 2932 1545 maxime

448 1565 923 1656 negotiatores,
979 1565 1207 1654 ipsum
1259 1564 1623 1634 laudantes
1683 1578 1746 1634 et
1800 1565 2278 1635 benedicentes
2343 1571 2583 1646 Deum,
2644 1587 2762 1655 pro
2815 1584 2932 1633 con·

447 1677 639 1725 cessa
704 1666 1027 1743 potestate
1095 1653 1598 1742 glorificabant.
1677 1654 1792 1722 Die
1862 1653 2160 1741 quodam
2238 1667 2574 1724 mercator
2621 1653 2932 1742 quemdam

446 1744 879 1832 Archiepisco
935 1764 1049 1811 um
1088 1742 1390 1832 Imperii,
1439 1743 1591 1832 ipso
1624 1743 1969 1824 audiente,
2018 1765 2138 1831 pro
2177 1741 2312 1812 fide
2346 1743 2624 1832 publica
2647 1765 2765 1833 per
2786 1762 2934 1829 quae-

449 1832 606 1902 dam
659 1831 808 1900 loca
908 1831 1185 1900 ioecesis
1253 1833 1407 1918 ejus
1457 1830 1958 1922 interpellabat.
2032 1837 2248 1914 Quam
2301 1853 2460 1901 cum
2514 1831 2630 1901 ille
2677 1832 2831 1901 dare
2869 1850 2934 1896 re·

451 1933 712 1999 nueret,
768 1919 1100 1989 nobilium
1153 1921 1292 1988 sive
1341 1919 1641 1989 militum
1697 1919 1836 1988 illic
1886 1920 2343 1990 habitantium
2401 1920 2734 1990 malitiam
2794 1937 2933 2009 prae·

451 2009 761 2088 tendens,
816 2007 1159 2099 gloriosus
1206 2008 1781 2098 Archiepiscopus
1830 2021 1895 2077 et
1933 2014 2073 2078 Dux
2123 2009 2596 2109 Engelbertus,
2655 2031 2786 2079 non
2835 2004 2936 2094 Epi·

452 2120 658 2188 scopo
707 2097 1127 2175 insultando,
1168 2098 1282 2166 sed
1340 2098 1588 2197 petenti
1638 2098 2141 2187 compatiendO,
2190 2111 2321 2167 ait:
2361 2122 2398 2164 «
2436 2100 2550 2167 Dic
2589 2098 2783 2177 mihi,
2817 2098 2938 2165 bone

451 2188 576 2269 vir,
631 2186 938 2255 audesne
998 2199 1057 2255 te
1103 2200 1529 2256 committere
1591 2185 1963 2255 conductui
2026 2190 2224 2255 meo?
2266 2210 2300 2253 »
2350 2186 2825 2275 Respondente
2862 2181 2938 2250 illo

451 2288 865 2355 constanter,
918 2278 1141 2344 Etiam
1190 2275 1480 2354 domine,·
1532 2275 1889 2364 subjunxit
1925 2274 2378 2345 Machabaeus
2429 2290 2682 2344 noster:
2745 2278 2940 2343 «Sume

455 2366 654 2436 istam
707 2364 1197 2445 chirothecam,
1250 2376 1315 2433 et
1355 2363 1410 2433 si
1465 2384 1739 2434 necesse
1793 2363 2142 2445 habueris,
2208 2386 2328 2453 pro
2377 2363 2578 2454 signo
2626 2361 2936 2435 ostendas:

452 2467 518 2523 et
566 2455 622 2523 si
673 2452 934 2541 aliquid
980 2452 1098 2522 tibi
1150 2453 1211 2521 vi
1250 2453 1601 2523 sublatum
1637 2452 1864 2532 fuerit,
1916 2475 2042 2544 ego
2101 2453 2221 2522 tibi
2273 2474 2479 2523 omne
2526 2453 2850 2522 damnum
2880 2469 2944 2516 re-

455 2543 808 2612 stituam.»
862 2547 939 2610 Et
995 2542 1148 2610 fecit
1197 2540 1318 2621 sic,
1382 2541 1601 2633 gratia
1651 2541 1875 2631 signi,
1930 2542 2142 2610 immo
2191 2542 2433 2611 timore
2481 2543 2821 2632 Episcopi,
2863 2555 2942 2606 sua

454 2653 738 2700 securus
785 2630 1159 2701 deducens.
1215 2630 1405 2699 Sicut
1453 2630 1785 2719 scriptum
1843 2642 1944 2699 est
1977 2630 2061 2699 de
2091 2630 2289 2708 luda,
2333 2633 2595 2700 Similis
2638 2634 2850 2719 sactus
2887 2631 2943 2692 est

454 2721 632 2788 leoni
666 2721 735 2787 in
765 2720 1069 2788 oneribus
1113 2721 1277 2798 suz'S,
1331 2729 1393 2786 ct
1426 2720 1815 2809 proteqebat
1849 2729 2070 2788 castra
2096 2723 2337 2798 Israel,
2382 2718 2447 2787 id
2492 2733 2617 2798 est,
2679 2721 2846 2788 bona
2872 2719 2944 2782 Ec·

452 2807 700 2876 clesiae
730 2743 861 2876 sibi
910 2807 1342 2888 commissae,
1394 2809 1629 2898 qladz'o
1675 2831 1794 2876 suo
1824 2807 2070 2896 (fllaclz.
2116 2808 2243 2897 ιιι).
2296 2812 2544 2877 Natura
2599 2807 2818 2877 leonis
2850 2819 2948 2873 esse

453 2895 729 2976 dicitur,
785 2909 859 2964 ut
957 2895 1264 2966 rostratis
1317 2908 1579 2984 parcat,·
1634 2908 1699 2964 et
1751 2910 2007 2964 erectos
2050 2897 2349 2965 invadat.
2389 2901 2679 2966 Noverat
2729 2897 2826 2966 leo
2866 2913 2944 2959 nc

454 2997 613 3064 ster,
669 2918 1121 3054 Machassaeus
1173 2998 1421 3064 noster,
1471 2998 1615 3054 tum
1659 3007 1739 3052 ex
1782 2983 2135 3055 nobilitate
2185 2998 2494 3065 naturae,
2556 2999 2703 3056 turn
2754 2977 2944 3053 etzelo

448 3073 757 3160 justitiae
807 3095 1085 3159 parcere
1117 3074 1465 3163 subjectiS,
1521 3085 1585 3142 et
1642 3072 1983 3142 debellare
2032 3075 2392 3164 superbos.
2446 3079 2606 3143 Erat
2662 3074 2837 3143 enirn
2881 3068 2952 3134 de·

454 3163 685 3232 sensor
731 3163 1163 3243 afflictorum,
1220 3175 1283 3231 et
1334 3161 1627 3232 malleus
1677 3173 2169 3248 tyrannorum,
2228 3164 2723 3252 magnanimus
2769 3174 2828 3230 et
2870 3159 2952 3225 hu·

457 3251 666 3331 milis,
703 3251 1046 3341 gloriosus
1092 3265 1158 3320 et
1204 3250 1538 3332 affabilis,
1597 3250 1867 3339 rigidus
1914 3264 1979 3319 et
2027 3250 2225 3332 lenis,
2282 3251 2503 3320 multa
2538 3274 2662 3341 pro
2713 3260 2956 3343 tempore

456 3340 933 3417 dissimulans,
995 3353 1060 3409 et
1104 3362 1262 3409 cum
1316 3340 1551 3408 minus
1602 3352 2033 3427 speraretur,
2088 3339 2169 3409 ad
2227 3339 2601 3408 vindictam
2655 3361 2728 3408 se
2782 3353 2958 3406 accin-

456 3451 649 3518 gens,
706 3433 1067 3519 Acceperat
1099 3442 1327 3498 autem
1381 3450 1539 3497 cum
1592 3428 2010 3518 Episcopatu
2059 3428 2367 3518 gladium
2423 3427 2867 3517 spiritualem,
2912 3431 2961 3518 'et

455 3541 612 3588 cum
655 3523 913 3587 Ducatu
946 3517 1253 3607 gladium
1301 3516 1747 3586 materialem.
1787 3522 2078 3604 Utroque
2111 3516 2342 3606 gladio
2367 3517 2656 3587 rebelles
2688 3519 2958 3584 coercuit.

456 3606 792 3693 quosdam
845 3605 1555 3687 excommunicandO,
1608 3605 1944 3692 quosdam
2011 3627 2130 3694 per
2191 3604 2511 3674 militiam
2573 3598 2960 3675 debellando·

460 3696 568 3765 Sic
606 3695 1060 3765 Machabaeus
1115 3695 1310 3784 prius
1367 3693 1646 3784 proprio
1697 3695 1764 3763 in
1816 3694 2194 3784 dejectione
2243 3694 2720 3774 inimicorum,
2764 3685 2961 3761 deinde

457 3783 800 3875 Apollonii
849 3783 1081 3874 gladio
1133 3783 1383 3874 legitur
1414 3804 1788 3872 pugnasse.
1842 3788 1918 3852 Et
1971 3782 2136 3869 quid
2187 3783 2337 3873 ejus
2389 3782 2581 3853 laudi
2644 3783 2960 3851 immorer.

457 3895 618 3943 cum
672 3873 914 3962 gloria,
955 3872 1214 3942 divitiis
1241 3887 1305 3942 et
1354 3872 1679 3962 potentia,
1721 3872 1900 3943 sicut
1929 3870 2012 3940 de
2048 3871 2410 3941 Salomone
2448 3872 2723 3962 legitur,
2773 3882 2964 3964 omnes

460 3981 954 4052 supergressus
1002 3961 1090 4031 sit
1159 3961 1543 4051 pontifices,
1597 3960 1717 4048 qui
1789 3973 1945 4029 ante
2009 3982 2167 4030 eum
2221 3960 2502 4031 fuerunt
2557 3961 2626 4030 in
2689 3958 2960 4057 Colonia:

461 4064 740 4140 excepto
790 4056 1109 4120 Brunone
1157 4051 1427 4140 prim0,
1484 4049 1694 4138 cujus
1758 4050 1978 4140 gratia
2044 4053 2346 4120 Ducatus
2407 4051 2834 4140 Episcopatui
2878 4057 2964 4131 per

463 4139 793 4209 Othonem
856 4140 1160 4229 primum
1212 4144 1748 4229 Imperatorem,
1801 4139 2005 4227 cujus
2052 4137 2261 4207 frater
2307 4153 2473 4219 erat,
2529 4137 2806 4206 additus
2847 4127 2964 4199 est?

514 4335 539 4359 ¹⁸
569 4333 755 4374 Scilicet
785 4338 1101 4377 Romanorum
1121 4348 1215 4382 rex,
1235 4346 1355 4376 anno
1380 4339 1498 4377 1220.
1522 4339 1568 4376 Is
1590 4335 1936 4387 primogenitus
1957 4337 2060 4378 crat
2082 4334 2312 4377 Friderict
2350 4337 2395 4376 11
2434 4335 2750 4386 impet-storia:
2785 4331 2856 4374 sed
2883 4334 2960 4367 cum

459 4389 625 4435 postea.
659 4390 756 4426 vita
792 4390 954 4428 functo
991 4392 1033 4430 8.
1073 4392 1369 4439 Engetberto,
1405 4393 1453 4429 in
1488 4395 1672 4438 patrem
1693 4391 1852 4440 ipsum
1874 4400 2003 4431 arma
2022 4390 2266 4436 movisset,
2286 4392 2415 4440 regia
2434 4390 2659 4439 dignitate
2678 4397 2790 4429 anno
2810 4384 2905 4426 1235,
2920 4378 2960 4416 ab

458 4440 623 4479 eodem
650 4442 881 4489 spotiatus
902 4443 1008 4483 fuit..
1032 4444 1157 4483 Obiit
1181 4441 1542 4484 infelicissimus
1563 4445 1795 4486 Hem-teus
1827 4454 1950 4485 anno
1972 4445 2088 4486 1242.
