<?xml version="1.0" encoding="UTF-8"?>
<!DOCTYPE html PUBLIC "-//W3C//DTD XHTML 1.0 Transitional//EN"
    "http://www.w3.org/TR/xhtml1/DTD/xhtml1-transitional.dtd">
<html xmlns="http://www.w3.org/1999/xhtml" xml:lang="en" lang="en">
 <head>
  <title>
</title>
<meta http-equiv="Content-Type" content="text/html;charset=utf-8" />
  <meta name='ocr-system' content='tesseract 3.04.00' />
  <meta name='ocr-capabilities' content='ocr_page ocr_carea ocr_par ocr_line ocrx_word'/>
</head>
<body>
  <div class='ocr_page' id='page_1' title='image "./historiaeseuvit05lippgoog_0731.png"; bbox 0 0 2993 4837; ppageno 0'>
   <div class='ocr_carea' id='block_1_1' title="bbox 50 326 2458 393">
    <p class='ocr_par' dir='ltr' id='par_1_1' title="bbox 50 326 2458 393">
     <span class='ocr_line' id='line_1_1' title="bbox 50 326 2458 393; baseline 0.001 -3"><span class='ocrx_word' id='word_1_1' title='bbox 50 326 191 391; x_wconf 81' lang='lat' dir='ltr'><strong>NOV.</strong></span> <span class='ocrx_word' id='word_1_2' title='bbox 241 329 321 390; x_wconf 75' lang='lat'>25</span> <span class='ocrx_word' id='word_1_3' title='bbox 675 346 750 390; x_wconf 74' lang='lat' dir='ltr'>nn:</span> <span class='ocrx_word' id='word_1_4' title='bbox 798 346 855 391; x_wconf 91' lang='lat' dir='ltr'>s.</span> <span class='ocrx_word' id='word_1_5' title='bbox 908 343 1269 393; x_wconf 61' lang='lat' dir='ltr'>caranum</span> <span class='ocrx_word' id='word_1_6' title='bbox 1321 342 1490 391; x_wconf 77' lang='lat' dir='ltr'>vine.</span> <span class='ocrx_word' id='word_1_7' title='bbox 1546 346 1620 390; x_wconf 76' lang='lat' dir='ltr'>m·</span> <span class='ocrx_word' id='word_1_8' title='bbox 1669 345 1860 391; x_wconf 69' lang='lat' dir='ltr'>intur.</span> <span class='ocrx_word' id='word_1_9' title='bbox 2332 329 2458 392; x_wconf 77' lang='lat'>675</span> 
     </span>
    </p>
   </div>
   <div class='ocr_carea' id='block_1_2' title="bbox 42 429 2621 4510">
    <p class='ocr_par' dir='ltr' id='par_1_2' title="bbox 42 429 2621 3005">
     <span class='ocr_line' id='line_1_2' title="bbox 48 429 2537 518; baseline 0.001 -22"><span class='ocrx_word' id='word_1_10' title='bbox 48 442 232 497; x_wconf 83' lang='lat' dir='ltr'>autem</span> <span class='ocrx_word' id='word_1_11' title='bbox 267 429 518 499; x_wconf 85' lang='lat' dir='ltr'>factum</span> <span class='ocrx_word' id='word_1_12' title='bbox 566 442 765 508; x_wconf 89' lang='lat' dir='ltr'>esset,</span> <span class='ocrx_word' id='word_1_13' title='bbox 824 435 1075 518; x_wconf 76' lang='lat' dir='ltr'>Martyr</span> <span class='ocrx_word' id='word_1_14' title='bbox 1125 452 1367 498; x_wconf 86' lang='lat' dir='ltr'>rursus</span> <span class='ocrx_word' id='word_1_15' title='bbox 1430 429 1842 510; x_wconf 87' lang='lat' dir='ltr'>adducitur;</span> <span class='ocrx_word' id='word_1_16' title='bbox 1896 442 1993 498; x_wconf 87' lang='lat' dir='ltr'>et:</span> <span class='ocrx_word' id='word_1_17' title='bbox 2045 453 2085 494; x_wconf 85' lang='lat'>«</span> <span class='ocrx_word' id='word_1_18' title='bbox 2123 436 2288 497; x_wconf 88' lang='lat' dir='ltr'>Pare</span> <span class='ocrx_word' id='word_1_19' title='bbox 2340 431 2537 510; x_wconf 85' lang='lat' dir='ltr'>mibi,</span> 
     </span>
     <span class='ocr_line' id='line_1_3' title="bbox 49 517 2547 607; baseline 0.002 -24"><span class='ocrx_word' id='word_1_20' title='bbox 49 517 179 586; x_wconf 86' lang='lat' dir='ltr'>dicit</span> <span class='ocrx_word' id='word_1_21' title='bbox 208 517 264 586; x_wconf 88' lang='lat' dir='ltr'>ei</span> <span class='ocrx_word' id='word_1_22' title='bbox 318 522 715 606; x_wconf 80' lang='lat' dir='ltr'>Imperator,</span> <span class='ocrx_word' id='word_1_23' title='bbox 768 519 1001 587; x_wconf 88' lang='lat' dir='ltr'>etdiis</span> <span class='ocrx_word' id='word_1_24' title='bbox 1060 519 1421 588; x_wconf 89' lang='lat' dir='ltr'>sacrifica:</span> <span class='ocrx_word' id='word_1_25' title='bbox 1480 520 1583 588; x_wconf 90' lang='lat' dir='ltr'>sin</span> <span class='ocrx_word' id='word_1_26' title='bbox 1639 519 1895 596; x_wconf 91' lang='lat' dir='ltr'>minus,</span> <span class='ocrx_word' id='word_1_27' title='bbox 1953 540 2080 607; x_wconf 87' lang='lat' dir='ltr'>ego</span> <span class='ocrx_word' id='word_1_28' title='bbox 2115 530 2177 586; x_wconf 87' lang='lat' dir='ltr'>te</span> <span class='ocrx_word' id='word_1_29' title='bbox 2210 519 2371 587; x_wconf 90' lang='lat' dir='ltr'>huic</span> <span class='ocrx_word' id='word_1_30' title='bbox 2414 532 2547 587; x_wconf 88' lang='lat' dir='ltr'>toi·-</span> 
     </span>
     <span class='ocr_line' id='line_1_4' title="bbox 48 606 2547 697; baseline 0.002 -25"><span class='ocrx_word' id='word_1_31' title='bbox 48 620 233 675; x_wconf 87' lang='lat' dir='ltr'>mento</span> <span class='ocrx_word' id='word_1_32' title='bbox 267 606 650 693; x_wconf 80' lang='lat' dir='ltr'>subjiciam,</span> <span class='ocrx_word' id='word_1_33' title='bbox 682 631 717 673; x_wconf 87' lang='lat'>»</span> <span class='ocrx_word' id='word_1_34' title='bbox 740 608 999 693; x_wconf 87' lang='lat' dir='ltr'>jubens</span> <span class='ocrx_word' id='word_1_35' title='bbox 1029 629 1273 676; x_wconf 89' lang='lat' dir='ltr'>novam</span> <span class='ocrx_word' id='word_1_36' title='bbox 1309 607 1500 675; x_wconf 89' lang='lat' dir='ltr'>illam</span> <span class='ocrx_word' id='word_1_37' title='bbox 1535 608 1926 675; x_wconf 84' lang='lat' dir='ltr'>machinam</span> <span class='ocrx_word' id='word_1_38' title='bbox 1974 608 2151 676; x_wconf 89' lang='lat' dir='ltr'>trahi</span> <span class='ocrx_word' id='word_1_39' title='bbox 2185 620 2344 675; x_wconf 86' lang='lat' dir='ltr'>ante</span> <span class='ocrx_word' id='word_1_40' title='bbox 2393 609 2547 697; x_wconf 86' lang='lat' dir='ltr'>ejus</span> 
     </span>
     <span class='ocr_line' id='line_1_5' title="bbox 45 695 2541 786; baseline 0 -23"><span class='ocrx_word' id='word_1_41' title='bbox 45 695 261 763; x_wconf 83' lang='lat' dir='ltr'>oculos.</span> <span class='ocrx_word' id='word_1_42' title='bbox 342 700 527 776; x_wconf 85' lang='lat' dir='ltr'>Quae</span> <span class='ocrx_word' id='word_1_43' title='bbox 556 696 832 781; x_wconf 88' lang='lat' dir='ltr'>quidem</span> <span class='ocrx_word' id='word_1_44' title='bbox 871 717 1029 765; x_wconf 92' lang='lat' dir='ltr'>cum</span> <span class='ocrx_word' id='word_1_45' title='bbox 1069 718 1319 786; x_wconf 85' lang='lat' dir='ltr'>magno</span> <span class='ocrx_word' id='word_1_46' title='bbox 1370 697 1632 784; x_wconf 90' lang='lat' dir='ltr'>impetu</span> <span class='ocrx_word' id='word_1_47' title='bbox 1679 709 1745 765; x_wconf 90' lang='lat' dir='ltr'>et</span> <span class='ocrx_word' id='word_1_48' title='bbox 1788 697 2078 784; x_wconf 89' lang='lat' dir='ltr'>strepitu</span> <span class='ocrx_word' id='word_1_49' title='bbox 2133 708 2541 776; x_wconf 87' lang='lat' dir='ltr'>moveretur,</span> 
     </span>
     <span class='ocr_line' id='line_1_6' title="bbox 44 774 2540 873; baseline 0.001 -22"><span class='ocrx_word' id='word_1_50' title='bbox 44 805 248 853; x_wconf 88' lang='lat' dir='ltr'>rursus</span> <span class='ocrx_word' id='word_1_51' title='bbox 279 783 338 850; x_wconf 91' lang='lat' dir='ltr'>ei</span> <span class='ocrx_word' id='word_1_52' title='bbox 377 774 544 852; x_wconf 90' lang='lat' dir='ltr'>dicit</span> <span class='ocrx_word' id='word_1_53' title='bbox 592 785 997 872; x_wconf 86' lang='lat' dir='ltr'>imperator:</span> <span class='ocrx_word' id='word_1_54' title='bbox 1056 807 1090 850; x_wconf 86' lang='lat'>«</span> <span class='ocrx_word' id='word_1_55' title='bbox 1126 785 1373 854; x_wconf 72' lang='lat' dir='ltr'>Vides?</span> <span class='ocrx_word' id='word_1_56' title='bbox 1422 785 1689 871; x_wconf 89' lang='lat' dir='ltr'>inquit:</span> <span class='ocrx_word' id='word_1_57' title='bbox 1742 805 1819 852; x_wconf 88' lang='lat' dir='ltr'>ea</span> <span class='ocrx_word' id='word_1_58' title='bbox 1858 798 1940 864; x_wconf 90' lang='lat' dir='ltr'>te,</span> <span class='ocrx_word' id='word_1_59' title='bbox 1995 787 2053 853; x_wconf 90' lang='lat' dir='ltr'>si</span> <span class='ocrx_word' id='word_1_60' title='bbox 2091 807 2223 853; x_wconf 90' lang='lat' dir='ltr'>non</span> <span class='ocrx_word' id='word_1_61' title='bbox 2275 806 2540 873; x_wconf 86' lang='lat' dir='ltr'>pareas,</span> 
     </span>
     <span class='ocr_line' id='line_1_7' title="bbox 42 872 2540 962; baseline 0.002 -24"><span class='ocrx_word' id='word_1_62' title='bbox 42 874 376 962; x_wconf 82' lang='lat' dir='ltr'>excipiet.»</span> <span class='ocrx_word' id='word_1_63' title='bbox 427 872 551 941; x_wconf 88' lang='lat' dir='ltr'>Illa</span> <span class='ocrx_word' id='word_1_64' title='bbox 584 885 850 941; x_wconf 88' lang='lat' dir='ltr'>autem:</span> <span class='ocrx_word' id='word_1_65' title='bbox 908 897 942 939; x_wconf 89' lang='lat'>«</span> <span class='ocrx_word' id='word_1_66' title='bbox 983 878 1217 960; x_wconf 81' lang='lat' dir='ltr'>Saepe,</span> <span class='ocrx_word' id='word_1_67' title='bbox 1262 874 1508 960; x_wconf 85' lang='lat' dir='ltr'>inquit,</span> <span class='ocrx_word' id='word_1_68' title='bbox 1565 895 1794 942; x_wconf 86' lang='lat' dir='ltr'>meum</span> <span class='ocrx_word' id='word_1_69' title='bbox 1832 875 2142 942; x_wconf 88' lang='lat' dir='ltr'>animum</span> <span class='ocrx_word' id='word_1_70' title='bbox 2198 875 2321 942; x_wconf 90' lang='lat' dir='ltr'>tibi</span> <span class='ocrx_word' id='word_1_71' title='bbox 2374 874 2540 954; x_wconf 84' lang='lat' dir='ltr'>dixi,</span> 
     </span>
     <span class='ocr_line' id='line_1_8' title="bbox 42 962 2547 1052; baseline 0.001 -24"><span class='ocrx_word' id='word_1_72' title='bbox 42 984 70 1027; x_wconf 88' lang='grc' dir='ltr'>ο</span> <span class='ocrx_word' id='word_1_73' title='bbox 97 966 470 1048; x_wconf 76' lang='lat' dir='ltr'>Imperator,</span> <span class='ocrx_word' id='word_1_74' title='bbox 504 973 569 1029; x_wconf 94' lang='lat' dir='ltr'>et</span> <span class='ocrx_word' id='word_1_75' title='bbox 595 983 752 1030; x_wconf 89' lang='lat' dir='ltr'>eum</span> <span class='ocrx_word' id='word_1_76' title='bbox 786 964 906 1031; x_wconf 90' lang='lat' dir='ltr'>tibi</span> <span class='ocrx_word' id='word_1_77' title='bbox 942 965 1207 1052; x_wconf 89' lang='lat' dir='ltr'>aperui.</span> <span class='ocrx_word' id='word_1_78' title='bbox 1247 968 1337 1032; x_wconf 90' lang='lat' dir='ltr'>Ne</span> <span class='ocrx_word' id='word_1_79' title='bbox 1362 984 1525 1051; x_wconf 85' lang='lat' dir='ltr'>ergo</span> <span class='ocrx_word' id='word_1_80' title='bbox 1565 963 1934 1043; x_wconf 81' lang='lat' dir='ltr'>cuncteriS,</span> <span class='ocrx_word' id='word_1_81' title='bbox 1973 963 2087 1032; x_wconf 91' lang='lat' dir='ltr'>sed</span> <span class='ocrx_word' id='word_1_82' title='bbox 2128 962 2337 1031; x_wconf 88' lang='lat' dir='ltr'>facias</span> <span class='ocrx_word' id='word_1_83' title='bbox 2370 985 2547 1050; x_wconf 88' lang='lat' dir='ltr'>quae</span> 
     </span>
     <span class='ocr_line' id='line_1_9' title="bbox 42 1050 2544 1139; baseline 0.002 -24"><span class='ocrx_word' id='word_1_84' title='bbox 42 1065 131 1117; x_wconf 88' lang='lat' dir='ltr'>tuo</span> <span class='ocrx_word' id='word_1_85' title='bbox 174 1051 396 1118; x_wconf 89' lang='lat' dir='ltr'>sedent</span> <span class='ocrx_word' id='word_1_86' title='bbox 462 1050 717 1119; x_wconf 90' lang='lat' dir='ltr'>animo.</span> <span class='ocrx_word' id='word_1_87' title='bbox 772 1074 804 1114; x_wconf 89' lang='lat'>»</span> <span class='ocrx_word' id='word_1_88' title='bbox 857 1057 1342 1139; x_wconf 82' lang='lat' dir='ltr'>Imperatorem</span> <span class='ocrx_word' id='word_1_89' title='bbox 1408 1066 1637 1120; x_wconf 90' lang='lat' dir='ltr'>autem</span> <span class='ocrx_word' id='word_1_90' title='bbox 1705 1073 1860 1139; x_wconf 89' lang='lat' dir='ltr'>spes</span> <span class='ocrx_word' id='word_1_91' title='bbox 1924 1051 2260 1137; x_wconf 84' lang='lat' dir='ltr'>quaedam</span> <span class='ocrx_word' id='word_1_92' title='bbox 2313 1051 2544 1120; x_wconf 89' lang='lat' dir='ltr'>adhuc</span> 
     </span>
     <span class='ocr_line' id='line_1_10' title="bbox 44 1139 2547 1229; baseline 0.001 -24"><span class='ocrx_word' id='word_1_93' title='bbox 44 1139 381 1226; x_wconf 81' lang='lat' dir='ltr'>decipiebat</span> <span class='ocrx_word' id='word_1_94' title='bbox 415 1195 431 1215; x_wconf 88' lang='lat'>,</span> <span class='ocrx_word' id='word_1_95' title='bbox 494 1139 803 1208; x_wconf 82' lang='lat' dir='ltr'>futurum</span> <span class='ocrx_word' id='word_1_96' title='bbox 856 1141 1163 1220; x_wconf 83' lang='lat' dir='ltr'>sortasse,</span> <span class='ocrx_word' id='word_1_97' title='bbox 1204 1153 1279 1208; x_wconf 90' lang='lat' dir='ltr'>ut</span> <span class='ocrx_word' id='word_1_98' title='bbox 1340 1140 1866 1229; x_wconf 83' lang='lat' dir='ltr'>persuaderetur</span> <span class='ocrx_word' id='word_1_99' title='bbox 1895 1154 1958 1206; x_wconf 91' lang='lat' dir='ltr'>et</span> <span class='ocrx_word' id='word_1_100' title='bbox 1997 1153 2377 1207; x_wconf 86' lang='lat' dir='ltr'>mutaretur</span> <span class='ocrx_word' id='word_1_101' title='bbox 2407 1195 2423 1219; x_wconf 91' lang='lat'>,</span> <span class='ocrx_word' id='word_1_102' title='bbox 2483 1154 2547 1208; x_wconf 88' lang='lat' dir='ltr'>et</span> 
     </span>
     <span class='ocr_line' id='line_1_11' title="bbox 47 1227 2545 1316; baseline 0.002 -25"><span class='ocrx_word' id='word_1_103' title='bbox 47 1227 241 1295; x_wconf 84' lang='lat' dir='ltr'>inultis</span> <span class='ocrx_word' id='word_1_104' title='bbox 271 1230 451 1316; x_wconf 89' lang='lat' dir='ltr'>apud</span> <span class='ocrx_word' id='word_1_105' title='bbox 505 1250 654 1296; x_wconf 89' lang='lat' dir='ltr'>eam</span> <span class='ocrx_word' id='word_1_106' title='bbox 713 1250 954 1296; x_wconf 79' lang='lat' dir='ltr'>rursus</span> <span class='ocrx_word' id='word_1_107' title='bbox 1003 1251 1175 1300; x_wconf 87' lang='lat' dir='ltr'>usus</span> <span class='ocrx_word' id='word_1_108' title='bbox 1203 1243 1304 1298; x_wconf 86' lang='lat' dir='ltr'>est</span> <span class='ocrx_word' id='word_1_109' title='bbox 1353 1229 1894 1298; x_wconf 89' lang='lat' dir='ltr'>adulationibus.</span> <span class='ocrx_word' id='word_1_110' title='bbox 1952 1234 2114 1296; x_wconf 82' lang='lat' dir='ltr'>Cum</span> <span class='ocrx_word' id='word_1_111' title='bbox 2154 1243 2380 1296; x_wconf 89' lang='lat' dir='ltr'>autem</span> <span class='ocrx_word' id='word_1_112' title='bbox 2435 1251 2545 1297; x_wconf 88' lang='lat' dir='ltr'>co·</span> 
     </span>
     <span class='ocr_line' id='line_1_12' title="bbox 46 1316 2547 1406; baseline 0.002 -25"><span class='ocrx_word' id='word_1_113' title='bbox 46 1316 343 1405; x_wconf 70' lang='lat' dir='ltr'>ignovisset</span> <span class='ocrx_word' id='word_1_114' title='bbox 392 1339 465 1385; x_wconf 88' lang='lat' dir='ltr'>se</span> <span class='ocrx_word' id='word_1_115' title='bbox 499 1316 751 1385; x_wconf 87' lang='lat' dir='ltr'>frustra</span> <span class='ocrx_word' id='word_1_116' title='bbox 796 1316 1129 1396; x_wconf 88' lang='lat' dir='ltr'>laborare,</span> <span class='ocrx_word' id='word_1_117' title='bbox 1182 1318 1373 1406; x_wconf 86' lang='lat' dir='ltr'>jubet</span> <span class='ocrx_word' id='word_1_118' title='bbox 1430 1319 1710 1404; x_wconf 86' lang='lat' dir='ltr'>quidem</span> <span class='ocrx_word' id='word_1_119' title='bbox 1755 1318 2025 1406; x_wconf 79' lang='lat' dir='ltr'>alligari</span> <span class='ocrx_word' id='word_1_120' title='bbox 2064 1316 2227 1385; x_wconf 82' lang='lat' dir='ltr'>rotis</span> <span class='ocrx_word' id='word_1_121' title='bbox 2262 1338 2547 1406; x_wconf 79' lang='lat' dir='ltr'>genero-</span> 
     </span>
     <span class='ocr_line' id='line_1_13' title="bbox 46 1405 2547 1494; baseline 0.001 -25"><span class='ocrx_word' id='word_1_122' title='bbox 46 1424 162 1471; x_wconf 83' lang='lat' dir='ltr'>sam</span> <span class='ocrx_word' id='word_1_123' title='bbox 195 1410 571 1492; x_wconf 84' lang='lat' dir='ltr'>Martyrem,</span> <span class='ocrx_word' id='word_1_124' title='bbox 620 1406 807 1494; x_wconf 87' lang='lat' dir='ltr'>ipsas</span> <span class='ocrx_word' id='word_1_125' title='bbox 840 1428 994 1475; x_wconf 91' lang='lat' dir='ltr'>vero</span> <span class='ocrx_word' id='word_1_126' title='bbox 1031 1409 1284 1475; x_wconf 89' lang='lat' dir='ltr'>moveri</span> <span class='ocrx_word' id='word_1_127' title='bbox 1332 1407 1710 1485; x_wconf 84' lang='lat' dir='ltr'>celerrime,</span> <span class='ocrx_word' id='word_1_128' title='bbox 1751 1418 1827 1474; x_wconf 89' lang='lat' dir='ltr'>ut</span> <span class='ocrx_word' id='word_1_129' title='bbox 1861 1420 2089 1475; x_wconf 87' lang='lat' dir='ltr'>motus</span> <span class='ocrx_word' id='word_1_130' title='bbox 2122 1405 2547 1474; x_wconf 70' lang='lat' dir='ltr'>vehementia</span> 
     </span>
     <span class='ocr_line' id='line_1_14' title="bbox 51 1495 2544 1583; baseline 0.003 -28"><span class='ocrx_word' id='word_1_131' title='bbox 51 1504 283 1561; x_wconf 85' lang='lat' dir='ltr'>mortem</span> <span class='ocrx_word' id='word_1_132' title='bbox 321 1495 582 1563; x_wconf 89' lang='lat' dir='ltr'>subiret</span> <span class='ocrx_word' id='word_1_133' title='bbox 616 1495 1022 1583; x_wconf 79' lang='lat' dir='ltr'>graviorem.</span> <span class='ocrx_word' id='word_1_134' title='bbox 1082 1496 1207 1564; x_wconf 88' lang='lat' dir='ltr'>Sed</span> <span class='ocrx_word' id='word_1_135' title='bbox 1261 1496 1369 1573; x_wconf 86' lang='lat' dir='ltr'>iis,</span> <span class='ocrx_word' id='word_1_136' title='bbox 1411 1517 1588 1582; x_wconf 89' lang='lat' dir='ltr'>quae</span> <span class='ocrx_word' id='word_1_137' title='bbox 1633 1495 2112 1574; x_wconf 83' lang='lat' dir='ltr'>meditabatur,</span> <span class='ocrx_word' id='word_1_138' title='bbox 2159 1497 2544 1563; x_wconf 82' lang='lat' dir='ltr'>contrarius</span> 
     </span>
     <span class='ocr_line' id='line_1_15' title="bbox 46 1577 2541 1673; baseline 0.003 -30"><span class='ocrx_word' id='word_1_139' title='bbox 46 1577 271 1650; x_wconf 86' lang='lat' dir='ltr'>divinae</span> <span class='ocrx_word' id='word_1_140' title='bbox 307 1596 449 1652; x_wconf 90' lang='lat' dir='ltr'>erat</span> <span class='ocrx_word' id='word_1_141' title='bbox 505 1585 765 1673; x_wconf 85' lang='lat' dir='ltr'>gratiae</span> <span class='ocrx_word' id='word_1_142' title='bbox 819 1595 1125 1652; x_wconf 65' lang='lat' dir='ltr'>eventus</span> <span class='ocrx_word' id='word_1_143' title='bbox 1184 1590 1437 1672; x_wconf 83' lang='lat' dir='ltr'>Martyr</span> <span class='ocrx_word' id='word_1_144' title='bbox 1466 1585 1648 1652; x_wconf 91' lang='lat' dir='ltr'>enim</span> <span class='ocrx_word' id='word_1_145' title='bbox 1715 1584 1922 1653; x_wconf 90' lang='lat' dir='ltr'>simul</span> <span class='ocrx_word' id='word_1_146' title='bbox 1990 1585 2277 1652; x_wconf 92' lang='lat' dir='ltr'>omnino</span> <span class='ocrx_word' id='word_1_147' title='bbox 2327 1583 2541 1652; x_wconf 87' lang='lat' dir='ltr'>soluta</span> 
     </span>
     <span class='ocr_line' id='line_1_16' title="bbox 48 1667 2540 1762; baseline 0.002 -29"><span class='ocrx_word' id='word_1_148' title='bbox 48 1667 205 1738; x_wconf 83' lang='lat' dir='ltr'>suita</span> <span class='ocrx_word' id='word_1_149' title='bbox 258 1671 453 1752; x_wconf 85' lang='lat' dir='ltr'>ferro,</span> <span class='ocrx_word' id='word_1_150' title='bbox 500 1686 568 1739; x_wconf 91' lang='lat' dir='ltr'>et</span> <span class='ocrx_word' id='word_1_151' title='bbox 628 1672 816 1751; x_wconf 79' lang='lat' dir='ltr'>rotiS‚</span> <span class='ocrx_word' id='word_1_152' title='bbox 862 1686 926 1742; x_wconf 90' lang='lat' dir='ltr'>et</span> <span class='ocrx_word' id='word_1_153' title='bbox 987 1671 1129 1741; x_wconf 91' lang='lat' dir='ltr'>illis</span> <span class='ocrx_word' id='word_1_154' title='bbox 1160 1673 1478 1752; x_wconf 85' lang='lat' dir='ltr'>vinculis,</span> <span class='ocrx_word' id='word_1_155' title='bbox 1539 1673 1722 1759; x_wconf 87' lang='lat' dir='ltr'>quod</span> <span class='ocrx_word' id='word_1_156' title='bbox 1775 1673 2075 1760; x_wconf 81' lang='lat' dir='ltr'>Angelus</span> <span class='ocrx_word' id='word_1_157' title='bbox 2115 1672 2412 1762; x_wconf 86' lang='lat' dir='ltr'>desuper</span> <span class='ocrx_word' id='word_1_158' title='bbox 2458 1673 2540 1740; x_wconf 73' lang='lat' dir='ltr'>acl</span> 
     </span>
     <span class='ocr_line' id='line_1_17' title="bbox 48 1761 2546 1850; baseline 0.002 -26"><span class='ocrx_word' id='word_1_159' title='bbox 48 1777 164 1825; x_wconf 86' lang='lat' dir='ltr'>eam</span> <span class='ocrx_word' id='word_1_160' title='bbox 206 1761 624 1839; x_wconf 82' lang='lat' dir='ltr'>advolasset;</span> <span class='ocrx_word' id='word_1_161' title='bbox 679 1774 863 1828; x_wconf 86' lang='lat' dir='ltr'>rotae</span> <span class='ocrx_word' id='word_1_162' title='bbox 913 1776 1138 1830; x_wconf 88' lang='lat' dir='ltr'>autem</span> <span class='ocrx_word' id='word_1_163' title='bbox 1192 1784 1319 1830; x_wconf 88' lang='lat' dir='ltr'>sua</span> <span class='ocrx_word' id='word_1_164' title='bbox 1369 1776 1610 1850; x_wconf 90' lang='lat' dir='ltr'>sponte</span> <span class='ocrx_word' id='word_1_165' title='bbox 1645 1761 2006 1840; x_wconf 87' lang='lat' dir='ltr'>volutatae,</span> <span class='ocrx_word' id='word_1_166' title='bbox 2051 1762 2546 1829; x_wconf 89' lang='lat' dir='ltr'>interemerunt</span> 
     </span>
     <span class='ocr_line' id='line_1_18' title="bbox 48 1847 2546 1936; baseline 0.002 -24"><span class='ocrx_word' id='word_1_167' title='bbox 48 1847 260 1918; x_wconf 84' lang='lat' dir='ltr'>inultos</span> <span class='ocrx_word' id='word_1_168' title='bbox 282 1871 358 1918; x_wconf 89' lang='lat' dir='ltr'>ex</span> <span class='ocrx_word' id='word_1_169' title='bbox 396 1849 820 1927; x_wconf 88' lang='lat' dir='ltr'>infidelibus,</span> <span class='ocrx_word' id='word_1_170' title='bbox 858 1850 1026 1918; x_wconf 89' lang='lat' dir='ltr'>adeo</span> <span class='ocrx_word' id='word_1_171' title='bbox 1062 1864 1135 1918; x_wconf 87' lang='lat' dir='ltr'>ut</span> <span class='ocrx_word' id='word_1_172' title='bbox 1169 1851 1629 1919; x_wconf 84' lang='lat' dir='ltr'>exclamarent</span> <span class='ocrx_word' id='word_1_173' title='bbox 1661 1851 1944 1936; x_wconf 86' lang='lat' dir='ltr'>quidam</span> <span class='ocrx_word' id='word_1_174' title='bbox 1971 1872 2052 1918; x_wconf 87' lang='lat' dir='ltr'>ex</span> <span class='ocrx_word' id='word_1_175' title='bbox 2088 1850 2546 1917; x_wconf 82' lang='lat' dir='ltr'>circumstan-</span> 
     </span>
     <span class='ocr_line' id='line_1_19' title="bbox 49 1935 2544 2029; baseline 0.002 -30"><span class='ocrx_word' id='word_1_176' title='bbox 49 1935 193 2005; x_wconf 84' lang='lat' dir='ltr'>tibus</span> <span class='ocrx_word' id='word_1_177' title='bbox 223 1952 491 2028; x_wconf 87' lang='lat' dir='ltr'>propter</span> <span class='ocrx_word' id='word_1_178' title='bbox 525 1940 985 2026; x_wconf 87' lang='lat' dir='ltr'>inopinatum,</span> <span class='ocrx_word' id='word_1_179' title='bbox 1024 1951 1087 2006; x_wconf 91' lang='lat' dir='ltr'>et</span> <span class='ocrx_word' id='word_1_180' title='bbox 1126 1938 1305 2024; x_wconf 90' lang='lat' dir='ltr'>quod</span> <span class='ocrx_word' id='word_1_181' title='bbox 1351 1954 1495 2008; x_wconf 89' lang='lat' dir='ltr'>erat</span> <span class='ocrx_word' id='word_1_182' title='bbox 1523 1953 1759 2008; x_wconf 88' lang='lat' dir='ltr'>eontra</span> <span class='ocrx_word' id='word_1_183' title='bbox 1808 1941 2229 2029; x_wconf 84' lang='lat' dir='ltr'>opinionem,</span> <span class='ocrx_word' id='word_1_184' title='bbox 2284 1950 2544 2026; x_wconf 88' lang='lat' dir='ltr'>specta·</span> 
     </span>
     <span class='ocr_line' id='line_1_20' title="bbox 47 2023 2621 2118; baseline 0.001 -27"><span class='ocrx_word' id='word_1_185' title='bbox 47 2023 237 2118; x_wconf 64' lang='lat' dir='ltr'>culum</span> <span class='ocrx_word' id='word_1_186' title='bbox 269 2052 283 2094; x_wconf 90' lang='lat'>:</span> <span class='ocrx_word' id='word_1_187' title='bbox 322 2051 356 2094; x_wconf 83' lang='lat'>«</span> <span class='ocrx_word' id='word_1_188' title='bbox 392 2034 684 2116; x_wconf 79' lang='lat' dir='ltr'>Magnus</span> <span class='ocrx_word' id='word_1_189' title='bbox 721 2040 823 2096; x_wconf 93' lang='lat' dir='ltr'>est</span> <span class='ocrx_word' id='word_1_190' title='bbox 858 2033 1034 2095; x_wconf 86' lang='lat' dir='ltr'>Deus</span> <span class='ocrx_word' id='word_1_191' title='bbox 1074 2028 1642 2097; x_wconf 87' lang='lat' dir='ltr'>Christianorum.</span> <span class='ocrx_word' id='word_1_192' title='bbox 1678 2051 1712 2092; x_wconf 86' lang='lat'>»</span> <span class='ocrx_word' id='word_1_193' title='bbox 1763 2033 2041 2116; x_wconf 89' lang='lat' dir='ltr'>Propter</span> <span class='ocrx_word' id='word_1_194' title='bbox 2086 2028 2249 2095; x_wconf 82' lang='lat' dir='ltr'>baec</span> <span class='ocrx_word' id='word_1_195' title='bbox 2294 2033 2543 2114; x_wconf 76' lang='lat' dir='ltr'>magna</span> <span class='ocrx_word' id='word_1_196' title='bbox 2619 2038 2621 2041; x_wconf 77' lang='grc'>’</span> 
     </span>
     <span class='ocr_line' id='line_1_21' title="bbox 48 2114 2547 2202; baseline 0.003 -28"><span class='ocrx_word' id='word_1_197' title='bbox 48 2115 125 2177; x_wconf 70' lang='lat' dir='ltr'>ira</span> <span class='ocrx_word' id='word_1_198' title='bbox 156 2114 270 2184; x_wconf 81' lang='lat' dir='ltr'>tuii</span> <span class='ocrx_word' id='word_1_199' title='bbox 303 2139 546 2186; x_wconf 84' lang='lat' dir='ltr'>rursus</span> <span class='ocrx_word' id='word_1_200' title='bbox 574 2127 914 2185; x_wconf 71' lang='lat' dir='ltr'>&#39;accensus</span> <span class='ocrx_word' id='word_1_201' title='bbox 986 2118 1383 2192; x_wconf 84' lang='lat' dir='ltr'>Maxentius,</span> <span class='ocrx_word' id='word_1_202' title='bbox 1428 2132 1493 2185; x_wconf 90' lang='lat' dir='ltr'>et</span> <span class='ocrx_word' id='word_1_203' title='bbox 1525 2117 1749 2184; x_wconf 83' lang='lat' dir='ltr'>furore</span> <span class='ocrx_word' id='word_1_204' title='bbox 1780 2118 1899 2202; x_wconf 85' lang='lat' dir='ltr'>qui</span> <span class='ocrx_word' id='word_1_205' title='bbox 1956 2116 2239 2183; x_wconf 90' lang='lat' dir='ltr'>minime</span> <span class='ocrx_word' id='word_1_206' title='bbox 2287 2129 2547 2202; x_wconf 89' lang='lat' dir='ltr'>poterat</span> 
     </span>
     <span class='ocr_line' id='line_1_22' title="bbox 53 2200 2544 2294; baseline 0.002 -30"><span class='ocrx_word' id='word_1_207' title='bbox 53 2200 346 2286; x_wconf 79' lang='lat' dir='ltr'>cohiberi;</span> <span class='ocrx_word' id='word_1_208' title='bbox 400 2220 466 2274; x_wconf 90' lang='lat' dir='ltr'>et</span> <span class='ocrx_word' id='word_1_209' title='bbox 515 2206 825 2293; x_wconf 85' lang='lat' dir='ltr'>graviora</span> <span class='ocrx_word' id='word_1_210' title='bbox 883 2214 1125 2273; x_wconf 78' lang='lat' dir='ltr'>rursus</span> <span class='ocrx_word' id='word_1_211' title='bbox 1167 2206 1507 2294; x_wconf 88' lang='lat' dir='ltr'>supplicia</span> <span class='ocrx_word' id='word_1_212' title='bbox 1574 2206 1996 2293; x_wconf 89' lang='lat' dir='ltr'>parabantur</span> <span class='ocrx_word' id='word_1_213' title='bbox 2056 2205 2358 2292; x_wconf 71' lang='lat' dir='ltr'>Martyri.</span> <span class='ocrx_word' id='word_1_214' title='bbox 2415 2204 2544 2271; x_wconf 89' lang='lat' dir='ltr'>Sed</span> 
     </span>
     <span class='ocr_line' id='line_1_23' title="bbox 57 2291 2540 2384; baseline 0.001 -29"><span class='ocrx_word' id='word_1_215' title='bbox 57 2291 253 2373; x_wconf 82' lang='lat' dir='ltr'>conjux</span> <span class='ocrx_word' id='word_1_216' title='bbox 282 2300 587 2384; x_wconf 82' lang='lat' dir='ltr'>Augusta</span> <span class='ocrx_word' id='word_1_217' title='bbox 626 2307 897 2383; x_wconf 87' lang='lat' dir='ltr'>repente</span> <span class='ocrx_word' id='word_1_218' title='bbox 932 2315 1276 2383; x_wconf 87' lang='lat' dir='ltr'>apparens</span> <span class='ocrx_word' id='word_1_219' title='bbox 1314 2316 1393 2362; x_wconf 88' lang='lat' dir='ltr'>ex</span> <span class='ocrx_word' id='word_1_220' title='bbox 1419 2295 1740 2363; x_wconf 88' lang='lat' dir='ltr'>cubiculo</span> <span class='ocrx_word' id='word_1_221' title='bbox 1772 2294 2236 2382; x_wconf 84' lang='lat' dir='ltr'>Imperatoris,</span> <span class='ocrx_word' id='word_1_222' title='bbox 2272 2306 2336 2360; x_wconf 90' lang='lat' dir='ltr'>et</span> <span class='ocrx_word' id='word_1_223' title='bbox 2383 2313 2540 2360; x_wconf 88' lang='lat' dir='ltr'>eum</span> 
     </span>
     <span class='ocr_line' id='line_1_24' title="bbox 57 2375 2537 2476; baseline 0.001 -33"><span class='ocrx_word' id='word_1_224' title='bbox 57 2375 124 2476; x_wconf 28' lang='lat' dir='ltr'>ad·</span> <span class='ocrx_word' id='word_1_225' title='bbox 153 2400 207 2449; x_wconf 84' lang='lat' dir='ltr'>se</span> <span class='ocrx_word' id='word_1_226' title='bbox 237 2384 607 2463; x_wconf 75' lang='lat' dir='ltr'>attrahens,</span> <span class='ocrx_word' id='word_1_227' title='bbox 645 2383 957 2455; x_wconf 82' lang='lat' dir='ltr'>dissolvit</span> <span class='ocrx_word' id='word_1_228' title='bbox 996 2384 1363 2453; x_wconf 90' lang='lat' dir='ltr'>consilium</span> <span class='ocrx_word' id='word_1_229' title='bbox 1398 2407 1413 2463; x_wconf 89' lang='lat'>;</span> <span class='ocrx_word' id='word_1_230' title='bbox 1464 2385 1677 2452; x_wconf 91' lang='lat' dir='ltr'>immo</span> <span class='ocrx_word' id='word_1_231' title='bbox 1714 2403 1867 2451; x_wconf 89' lang='lat' dir='ltr'>vero</span> <span class='ocrx_word' id='word_1_232' title='bbox 1908 2382 2189 2452; x_wconf 87' lang='lat' dir='ltr'>sustulit</span> <span class='ocrx_word' id='word_1_233' title='bbox 2222 2382 2537 2451; x_wconf 90' lang='lat' dir='ltr'>insidias.</span> 
     </span>
     <span class='ocr_line' id='line_1_25' title="bbox 52 2465 2536 2562; baseline 0.003 -31"><span class='ocrx_word' id='word_1_234' title='bbox 52 2465 323 2541; x_wconf 76' lang='lat' dir='ltr'>Alicunde</span> <span class='ocrx_word' id='word_1_235' title='bbox 354 2475 539 2541; x_wconf 86' lang='lat' dir='ltr'>enim</span> <span class='ocrx_word' id='word_1_236' title='bbox 576 2472 752 2540; x_wconf 88' lang='lat' dir='ltr'>venit</span> <span class='ocrx_word' id='word_1_237' title='bbox 782 2484 1127 2558; x_wconf 83' lang='lat' dir='ltr'>tamquam</span> <span class='ocrx_word' id='word_1_238' title='bbox 1161 2474 1466 2562; x_wconf 86' lang='lat' dir='ltr'>spiritus:</span> <span class='ocrx_word' id='word_1_239' title='bbox 1502 2496 1536 2538; x_wconf 85' lang='lat'>«</span> <span class='ocrx_word' id='word_1_240' title='bbox 1569 2473 1871 2551; x_wconf 74' lang='lat' dir='ltr'>Absolve,</span> <span class='ocrx_word' id='word_1_241' title='bbox 1907 2473 2170 2549; x_wconf 79' lang='lat' dir='ltr'>dicenS,</span> <span class='ocrx_word' id='word_1_242' title='bbox 2204 2471 2536 2539; x_wconf 86' lang='lat' dir='ltr'>famulam</span> 
     </span>
     <span class='ocr_line' id='line_1_26' title="bbox 53 2560 2539 2651; baseline 0.001 -28"><span class='ocrx_word' id='word_1_243' title='bbox 53 2562 236 2645; x_wconf 80' lang='lat' dir='ltr'>magni</span> <span class='ocrx_word' id='word_1_244' title='bbox 278 2565 410 2641; x_wconf 92' lang='lat' dir='ltr'>Dei,</span> <span class='ocrx_word' id='word_1_245' title='bbox 466 2583 675 2646; x_wconf 88' lang='lat' dir='ltr'>quam</span> <span class='ocrx_word' id='word_1_246' title='bbox 720 2583 850 2628; x_wconf 90' lang='lat' dir='ltr'>non</span> <span class='ocrx_word' id='word_1_247' title='bbox 897 2563 1169 2651; x_wconf 83' lang='lat' dir='ltr'>attingit</span> <span class='ocrx_word' id='word_1_248' title='bbox 1221 2574 1672 2631; x_wconf 86' lang='lat' dir='ltr'>tormentum:</span> <span class='ocrx_word' id='word_1_249' title='bbox 1737 2584 1967 2630; x_wconf 89' lang='lat' dir='ltr'>revera</span> <span class='ocrx_word' id='word_1_250' title='bbox 2015 2563 2197 2629; x_wconf 87' lang='lat' dir='ltr'>enim</span> <span class='ocrx_word' id='word_1_251' title='bbox 2251 2560 2539 2646; x_wconf 87' lang='lat' dir='ltr'>desipis,</span> 
     </span>
     <span class='ocr_line' id='line_1_27' title="bbox 48 2642 2537 2737; baseline 0.002 -25"><span class='ocrx_word' id='word_1_252' title='bbox 48 2642 351 2719; x_wconf 66' lang='lat' dir='ltr'>decertans</span> <span class='ocrx_word' id='word_1_253' title='bbox 374 2651 709 2719; x_wconf 86' lang='lat' dir='ltr'>adversus</span> <span class='ocrx_word' id='word_1_254' title='bbox 744 2656 949 2718; x_wconf 88' lang='lat' dir='ltr'>Deum</span> <span class='ocrx_word' id='word_1_255' title='bbox 983 2653 1233 2718; x_wconf 88' lang='lat' dir='ltr'>vivum.</span> <span class='ocrx_word' id='word_1_256' title='bbox 1269 2674 1305 2716; x_wconf 88' lang='lat'>»</span> <span class='ocrx_word' id='word_1_257' title='bbox 1338 2650 1793 2730; x_wconf 85' lang='lat' dir='ltr'>Quamobrem</span> <span class='ocrx_word' id='word_1_258' title='bbox 1824 2651 2084 2737; x_wconf 88' lang='lat' dir='ltr'>majore</span> <span class='ocrx_word' id='word_1_259' title='bbox 2117 2651 2216 2716; x_wconf 70' lang='lat' dir='ltr'>ira</span> <span class='ocrx_word' id='word_1_260' title='bbox 2247 2648 2537 2718; x_wconf 74' lang='lat' dir='ltr'>fervenS.</span> 
     </span>
     <span class='ocr_line' id='line_1_28' title="bbox 50 2733 2546 2824; baseline 0 -22"><span class='ocrx_word' id='word_1_261' title='bbox 50 2733 393 2821; x_wconf 79' lang='lat' dir='ltr'>Imperator,</span> <span class='ocrx_word' id='word_1_262' title='bbox 438 2739 736 2806; x_wconf 85' lang='lat' dir='ltr'>maxime</span> <span class='ocrx_word' id='word_1_263' title='bbox 769 2739 949 2824; x_wconf 87' lang='lat' dir='ltr'>quod</span> <span class='ocrx_word' id='word_1_264' title='bbox 991 2760 1113 2807; x_wconf 90' lang='lat' dir='ltr'>nec</span> <span class='ocrx_word' id='word_1_265' title='bbox 1161 2738 1740 2807; x_wconf 84' lang='lat' dir='ltr'>familiarissimos</span> <span class='ocrx_word' id='word_1_266' title='bbox 1791 2739 2070 2807; x_wconf 86' lang='lat' dir='ltr'>haberet</span> <span class='ocrx_word' id='word_1_267' title='bbox 2113 2760 2347 2807; x_wconf 89' lang='lat' dir='ltr'>secum</span> <span class='ocrx_word' id='word_1_268' title='bbox 2385 2758 2546 2805; x_wconf 88' lang='lat' dir='ltr'>con·</span> 
     </span>
     <span class='ocr_line' id='line_1_29' title="bbox 50 2824 2543 2922; baseline 0.001 -32"><span class='ocrx_word' id='word_1_269' title='bbox 50 2824 411 2922; x_wconf 73' lang='lat' dir='ltr'>sentientes,</span> <span class='ocrx_word' id='word_1_270' title='bbox 459 2827 761 2895; x_wconf 77' lang='lat' dir='ltr'>interim</span> <span class='ocrx_word' id='word_1_271' title='bbox 790 2828 1151 2916; x_wconf 87' lang='lat' dir='ltr'>praeterita</span> <span class='ocrx_word' id='word_1_272' title='bbox 1216 2833 1505 2915; x_wconf 79' lang='lat' dir='ltr'>Martyre</span> <span class='ocrx_word' id='word_1_273' title='bbox 1541 2883 1555 2907; x_wconf 94' lang='lat'>,</span> <span class='ocrx_word' id='word_1_274' title='bbox 1609 2827 2008 2895; x_wconf 87' lang='lat' dir='ltr'>universum</span> <span class='ocrx_word' id='word_1_275' title='bbox 2061 2827 2359 2896; x_wconf 82' lang='lat' dir='ltr'>furorem</span> <span class='ocrx_word' id='word_1_276' title='bbox 2413 2828 2543 2893; x_wconf 92' lang='lat' dir='ltr'>im-</span> 
     </span>
     <span class='ocr_line' id='line_1_30' title="bbox 52 2916 743 3005; baseline 0.013 -32"><span class='ocrx_word' id='word_1_277' title='bbox 52 2923 215 2981; x_wconf 78' lang='lat' dir='ltr'>mittit</span> <span class='ocrx_word' id='word_1_278' title='bbox 247 2916 309 2983; x_wconf 91' lang='lat' dir='ltr'>in</span> <span class='ocrx_word' id='word_1_279' title='bbox 350 2917 743 3005; x_wconf 83' lang='lat' dir='ltr'>conjugem.</span> 
     </span>
    </p>

    <p class='ocr_par' dir='ltr' id='par_1_3' title="bbox 47 3001 2548 4510">
     <span class='ocr_line' id='line_1_31' title="bbox 112 3001 2547 3093; baseline 0 -23"><span class='ocrx_word' id='word_1_280' title='bbox 112 3001 141 3083; x_wconf 71' lang='lat'>§</span> <span class='ocrx_word' id='word_1_281' title='bbox 187 3007 343 3074; x_wconf 67' lang='lat'>21).</span> <span class='ocrx_word' id='word_1_282' title='bbox 397 3010 567 3074; x_wconf 89' lang='lat' dir='ltr'>Cum</span> <span class='ocrx_word' id='word_1_283' title='bbox 636 3011 799 3093; x_wconf 84' lang='lat' dir='ltr'>ergo</span> <span class='ocrx_word' id='word_1_284' title='bbox 860 3026 1087 3071; x_wconf 90' lang='lat' dir='ltr'>arcam</span> <span class='ocrx_word' id='word_1_285' title='bbox 1159 3004 1525 3072; x_wconf 82' lang='lat' dir='ltr'>maximam</span> <span class='ocrx_word' id='word_1_286' title='bbox 1600 3018 1906 3072; x_wconf 87' lang='lat' dir='ltr'>curasset</span> <span class='ocrx_word' id='word_1_287' title='bbox 1956 3004 2371 3073; x_wconf 77' lang='lat' dir='ltr'>afferendam</span> <span class='ocrx_word' id='word_1_288' title='bbox 2415 3059 2429 3081; x_wconf 87' lang='lat'>,</span> <span class='ocrx_word' id='word_1_289' title='bbox 2484 3017 2547 3070; x_wconf 84' lang='lat' dir='ltr'>et</span> 
     </span>
     <span class='ocr_line' id='line_1_32' title="bbox 52 3083 2546 3183; baseline 0.001 -27"><span class='ocrx_word' id='word_1_290' title='bbox 52 3083 294 3183; x_wconf 76' lang='lat' dir='ltr'>plumbo</span> <span class='ocrx_word' id='word_1_291' title='bbox 329 3116 476 3162; x_wconf 87' lang='lat' dir='ltr'>earn</span> <span class='ocrx_word' id='word_1_292' title='bbox 521 3090 717 3161; x_wconf 81' lang='lat' dir='ltr'>hui&#39;ni</span> <span class='ocrx_word' id='word_1_293' title='bbox 757 3092 1103 3171; x_wconf 83' lang='lat' dir='ltr'>affixisset,</span> <span class='ocrx_word' id='word_1_294' title='bbox 1148 3093 1235 3160; x_wconf 89' lang='lat' dir='ltr'>ita</span> <span class='ocrx_word' id='word_1_295' title='bbox 1278 3106 1352 3161; x_wconf 93' lang='lat' dir='ltr'>ut</span> <span class='ocrx_word' id='word_1_296' title='bbox 1391 3093 1656 3161; x_wconf 85' lang='lat' dir='ltr'>stabilis</span> <span class='ocrx_word' id='word_1_297' title='bbox 1682 3093 2367 3171; x_wconf 87' lang='lat' dir='ltr'>essetetimmobilis‚</span> <span class='ocrx_word' id='word_1_298' title='bbox 2402 3114 2546 3159; x_wconf 89' lang='lat' dir='ltr'>ma-</span> 
     </span>
     <span class='ocr_line' id='line_1_33' title="bbox 50 3175 2545 3270; baseline 0.002 -32"><span class='ocrx_word' id='word_1_299' title='bbox 50 3175 233 3245; x_wconf 83' lang='lat' dir='ltr'>millas</span> <span class='ocrx_word' id='word_1_300' title='bbox 266 3182 433 3268; x_wconf 85' lang='lat' dir='ltr'>proh</span> <span class='ocrx_word' id='word_1_301' title='bbox 463 3182 682 3249; x_wconf 90' lang='lat' dir='ltr'>dolorl</span> <span class='ocrx_word' id='word_1_302' title='bbox 721 3202 886 3249; x_wconf 86' lang='lat' dir='ltr'>suae</span> <span class='ocrx_word' id='word_1_303' title='bbox 924 3181 1242 3270; x_wconf 80' lang='lat' dir='ltr'>conjugis</span> <span class='ocrx_word' id='word_1_304' title='bbox 1283 3182 1568 3267; x_wconf 72' lang='lat' dir='ltr'>configit</span> <span class='ocrx_word' id='word_1_305' title='bbox 1608 3182 1846 3249; x_wconf 85' lang='lat' dir='ltr'>aculeo</span> <span class='ocrx_word' id='word_1_306' title='bbox 1881 3182 2188 3269; x_wconf 86' lang='lat' dir='ltr'>subjecto</span> <span class='ocrx_word' id='word_1_307' title='bbox 2219 3180 2545 3268; x_wconf 80' lang='lat' dir='ltr'>operculo</span> 
     </span>
     <span class='ocr_line' id='line_1_34' title="bbox 50 3262 2547 3358; baseline 0.002 -29"><span class='ocrx_word' id='word_1_308' title='bbox 50 3262 294 3335; x_wconf 78' lang='lat' dir='ltr'>tabulae.</span> <span class='ocrx_word' id='word_1_309' title='bbox 352 3269 604 3338; x_wconf 87' lang='lat' dir='ltr'>Deinde</span> <span class='ocrx_word' id='word_1_310' title='bbox 630 3272 826 3356; x_wconf 88' lang='lat' dir='ltr'>jubet</span> <span class='ocrx_word' id='word_1_311' title='bbox 859 3271 1262 3358; x_wconf 87' lang='lat' dir='ltr'>operculum</span> <span class='ocrx_word' id='word_1_312' title='bbox 1313 3271 1633 3337; x_wconf 82' lang='lat' dir='ltr'>deorsum</span> <span class='ocrx_word' id='word_1_313' title='bbox 1699 3271 1859 3339; x_wconf 83' lang='lat' dir='ltr'>ferri</span> <span class='ocrx_word' id='word_1_314' title='bbox 1915 3270 2426 3357; x_wconf 81' lang='lat' dir='ltr'>veliementiuS,</span> <span class='ocrx_word' id='word_1_315' title='bbox 2483 3285 2547 3335; x_wconf 89' lang='lat' dir='ltr'>et</span> 
     </span>
     <span class='ocr_line' id='line_1_35' title="bbox 50 3357 2546 3447; baseline 0.002 -28"><span class='ocrx_word' id='word_1_316' title='bbox 50 3370 148 3447; x_wconf 71' lang='lat' dir='ltr'>tlon</span> <span class='ocrx_word' id='word_1_317' title='bbox 185 3357 367 3443; x_wconf 90' lang='lat' dir='ltr'>prius</span> <span class='ocrx_word' id='word_1_318' title='bbox 404 3358 577 3434; x_wconf 85' lang='lat' dir='ltr'>sisti,</span> <span class='ocrx_word' id='word_1_319' title='bbox 617 3380 823 3444; x_wconf 84' lang='lat' dir='ltr'>quam</span> <span class='ocrx_word' id='word_1_320' title='bbox 872 3360 1058 3447; x_wconf 89' lang='lat' dir='ltr'>ipsas</span> <span class='ocrx_word' id='word_1_321' title='bbox 1100 3359 1442 3427; x_wconf 78' lang='lat' dir='ltr'>mamillas</span> <span class='ocrx_word' id='word_1_322' title='bbox 1482 3359 1766 3426; x_wconf 89' lang='lat' dir='ltr'>omnino</span> <span class='ocrx_word' id='word_1_323' title='bbox 1800 3361 2230 3437; x_wconf 80' lang='lat' dir='ltr'>abscidisset,</span> <span class='ocrx_word' id='word_1_324' title='bbox 2271 3358 2546 3426; x_wconf 87' lang='lat' dir='ltr'>diutur-</span> 
     </span>
     <span class='ocr_line' id='line_1_36' title="bbox 48 3446 2546 3536; baseline 0.003 -29"><span class='ocrx_word' id='word_1_325' title='bbox 48 3452 215 3511; x_wconf 80' lang='lat' dir='ltr'>nitate</span> <span class='ocrx_word' id='word_1_326' title='bbox 272 3448 596 3535; x_wconf 87' lang='lat' dir='ltr'>supplicii</span> <span class='ocrx_word' id='word_1_327' title='bbox 657 3449 1035 3536; x_wconf 85' lang='lat' dir='ltr'>graviorem</span> <span class='ocrx_word' id='word_1_328' title='bbox 1076 3469 1351 3515; x_wconf 85' lang='lat' dir='ltr'>sensum</span> <span class='ocrx_word' id='word_1_329' title='bbox 1406 3449 1463 3515; x_wconf 84' lang='lat' dir='ltr'>ei</span> <span class='ocrx_word' id='word_1_330' title='bbox 1529 3447 1787 3516; x_wconf 86' lang='lat' dir='ltr'>doloris</span> <span class='ocrx_word' id='word_1_331' title='bbox 1821 3450 2134 3517; x_wconf 81' lang='lat' dir='ltr'>afferens.</span> <span class='ocrx_word' id='word_1_332' title='bbox 2201 3454 2366 3516; x_wconf 82' lang='lat' dir='ltr'>Cum</span> <span class='ocrx_word' id='word_1_333' title='bbox 2421 3446 2546 3514; x_wconf 88' lang='lat' dir='ltr'>boc</span> 
     </span>
     <span class='ocr_line' id='line_1_37' title="bbox 47 3534 2548 3625; baseline 0.002 -29"><span class='ocrx_word' id='word_1_334' title='bbox 47 3542 232 3625; x_wconf 76' lang='lat' dir='ltr'>autem</span> <span class='ocrx_word' id='word_1_335' title='bbox 269 3534 518 3604; x_wconf 85' lang='lat' dir='ltr'>sactum</span> <span class='ocrx_word' id='word_1_336' title='bbox 572 3549 769 3611; x_wconf 90' lang='lat' dir='ltr'>esset,</span> <span class='ocrx_word' id='word_1_337' title='bbox 842 3536 962 3604; x_wconf 92' lang='lat' dir='ltr'>ubi</span> <span class='ocrx_word' id='word_1_338' title='bbox 1028 3537 1193 3604; x_wconf 87' lang='lat' dir='ltr'>vidit</span> <span class='ocrx_word' id='word_1_339' title='bbox 1255 3535 1409 3604; x_wconf 87' lang='lat' dir='ltr'>illas</span> <span class='ocrx_word' id='word_1_340' title='bbox 1461 3538 1946 3607; x_wconf 87' lang='lat' dir='ltr'>miserabiliter</span> <span class='ocrx_word' id='word_1_341' title='bbox 1993 3538 2373 3614; x_wconf 88' lang='lat' dir='ltr'>abscissas,</span> <span class='ocrx_word' id='word_1_342' title='bbox 2423 3537 2548 3602; x_wconf 86' lang='lat' dir='ltr'>im-</span> 
     </span>
     <span class='ocr_line' id='line_1_38' title="bbox 48 3619 2545 3714; baseline 0.004 -33"><span class='ocrx_word' id='word_1_343' title='bbox 48 3619 198 3689; x_wconf 84' lang='lat' dir='ltr'>mitis</span> <span class='ocrx_word' id='word_1_344' title='bbox 248 3623 356 3692; x_wconf 90' lang='lat' dir='ltr'>ille</span> <span class='ocrx_word' id='word_1_345' title='bbox 400 3637 466 3692; x_wconf 91' lang='lat' dir='ltr'>et</span> <span class='ocrx_word' id='word_1_346' title='bbox 511 3624 611 3693; x_wconf 89' lang='lat' dir='ltr'>vel</span> <span class='ocrx_word' id='word_1_347' title='bbox 659 3624 832 3714; x_wconf 91' lang='lat' dir='ltr'>ipsis</span> <span class='ocrx_word' id='word_1_348' title='bbox 873 3625 1034 3693; x_wconf 84' lang='lat' dir='ltr'>feris</span> <span class='ocrx_word' id='word_1_349' title='bbox 1086 3626 1479 3704; x_wconf 90' lang='lat' dir='ltr'>immanior,</span> <span class='ocrx_word' id='word_1_350' title='bbox 1523 3626 1729 3694; x_wconf 89' lang='lat' dir='ltr'>veluti</span> <span class='ocrx_word' id='word_1_351' title='bbox 1790 3648 1925 3694; x_wconf 90' lang='lat' dir='ltr'>rem</span> <span class='ocrx_word' id='word_1_352' title='bbox 1978 3626 2190 3694; x_wconf 91' lang='lat' dir='ltr'>levem</span> <span class='ocrx_word' id='word_1_353' title='bbox 2251 3624 2545 3692; x_wconf 88' lang='lat' dir='ltr'>arbitra-</span> 
     </span>
     <span class='ocr_line' id='line_1_39' title="bbox 49 3712 2547 3803; baseline 0 -24"><span class='ocrx_word' id='word_1_354' title='bbox 49 3713 156 3800; x_wconf 63' lang='lat'>1138.</span> <span class='ocrx_word' id='word_1_355' title='bbox 185 3712 353 3795; x_wconf 85' lang='lat' dir='ltr'>quod</span> <span class='ocrx_word' id='word_1_356' title='bbox 392 3726 652 3802; x_wconf 90' lang='lat' dir='ltr'>spectat</span> <span class='ocrx_word' id='word_1_357' title='bbox 682 3714 767 3782; x_wconf 90' lang='lat' dir='ltr'>ad</span> <span class='ocrx_word' id='word_1_358' title='bbox 805 3713 1130 3793; x_wconf 91' lang='lat' dir='ltr'>dolorem,</span> <span class='ocrx_word' id='word_1_359' title='bbox 1188 3714 1390 3782; x_wconf 87' lang='lat' dir='ltr'>insert</span> <span class='ocrx_word' id='word_1_360' title='bbox 1424 3714 1655 3782; x_wconf 89' lang='lat' dir='ltr'>adhuc</span> <span class='ocrx_word' id='word_1_361' title='bbox 1689 3716 2097 3803; x_wconf 83' lang='lat' dir='ltr'>graviorem,</span> <span class='ocrx_word' id='word_1_362' title='bbox 2134 3726 2196 3781; x_wconf 89' lang='lat' dir='ltr'>et</span> <span class='ocrx_word' id='word_1_363' title='bbox 2240 3734 2547 3801; x_wconf 86' lang='lat' dir='ltr'>pronun-</span> 
     </span>
     <span class='ocr_line' id='line_1_40' title="bbox 48 3802 2542 3893; baseline 0.005 -37"><span class='ocrx_word' id='word_1_364' title='bbox 48 3807 153 3862; x_wconf 82' lang='lat' dir='ltr'>ciat</span> <span class='ocrx_word' id='word_1_365' title='bbox 207 3802 630 3882; x_wconf 90' lang='lat' dir='ltr'>sententiam,</span> <span class='ocrx_word' id='word_1_366' title='bbox 674 3815 744 3870; x_wconf 93' lang='lat' dir='ltr'>ut</span> <span class='ocrx_word' id='word_1_367' title='bbox 781 3802 933 3891; x_wconf 88' lang='lat' dir='ltr'>ejus</span> <span class='ocrx_word' id='word_1_368' title='bbox 963 3816 1169 3891; x_wconf 88' lang='lat' dir='ltr'>caput</span> <span class='ocrx_word' id='word_1_369' title='bbox 1229 3818 1627 3890; x_wconf 87' lang='lat' dir='ltr'>amputetur</span> <span class='ocrx_word' id='word_1_370' title='bbox 1667 3802 1919 3893; x_wconf 71' lang='lat' dir='ltr'>gladio,</span> <span class='ocrx_word' id='word_1_371' title='bbox 1983 3808 2286 3891; x_wconf 76' lang='lat' dir='ltr'>Augusta</span> <span class='ocrx_word' id='word_1_372' title='bbox 2332 3822 2496 3889; x_wconf 83' lang='lat' dir='ltr'>ergo</span> <span class='ocrx_word' id='word_1_373' title='bbox 2528 3856 2542 3877; x_wconf 87' lang='lat'>,</span> 
     </span>
     <span class='ocr_line' id='line_1_41' title="bbox 50 3875 2546 3979; baseline 0 -27"><span class='ocrx_word' id='word_1_374' title='bbox 50 3875 318 3957; x_wconf 83' lang='lat' dir='ltr'>lubenter</span> <span class='ocrx_word' id='word_1_375' title='bbox 364 3896 640 3977; x_wconf 77' lang='lat' dir='ltr'>accepta</span> <span class='ocrx_word' id='word_1_376' title='bbox 677 3892 1036 3970; x_wconf 77' lang='lat' dir='ltr'>sententia,</span> <span class='ocrx_word' id='word_1_377' title='bbox 1082 3892 1252 3960; x_wconf 88' lang='lat' dir='ltr'>laeta</span> <span class='ocrx_word' id='word_1_378' title='bbox 1315 3892 1484 3960; x_wconf 85' lang='lat' dir='ltr'>dixit</span> <span class='ocrx_word' id='word_1_379' title='bbox 1538 3894 1850 3979; x_wconf 72' lang='lat' dir='ltr'>Mai-tyri:</span> <span class='ocrx_word' id='word_1_380' title='bbox 1909 3915 1942 3956; x_wconf 83' lang='lat'>«</span> <span class='ocrx_word' id='word_1_381' title='bbox 1975 3896 2104 3960; x_wconf 88' lang='lat' dir='ltr'>Ora</span> <span class='ocrx_word' id='word_1_382' title='bbox 2157 3913 2278 3979; x_wconf 94' lang='lat' dir='ltr'>pro</span> <span class='ocrx_word' id='word_1_383' title='bbox 2324 3912 2451 3958; x_wconf 89' lang='lat' dir='ltr'>me.</span> <span class='ocrx_word' id='word_1_384' title='bbox 2511 3914 2546 3954; x_wconf 88' lang='lat'>»</span> 
     </span>
     <span class='ocr_line' id='line_1_42' title="bbox 54 3968 2547 4067; baseline 0.006 -37"><span class='ocrx_word' id='word_1_385' title='bbox 54 3968 148 4038; x_wconf 79' lang='lat' dir='ltr'>illa</span> <span class='ocrx_word' id='word_1_386' title='bbox 198 3999 388 4057; x_wconf 84' lang='lat' dir='ltr'>vero;</span> <span class='ocrx_word' id='word_1_387' title='bbox 433 4003 468 4044; x_wconf 92' lang='lat'>«</span> <span class='ocrx_word' id='word_1_388' title='bbox 514 3980 714 4060; x_wconf 86' lang='lat' dir='ltr'>Vade,</span> <span class='ocrx_word' id='word_1_389' title='bbox 766 3981 1008 4066; x_wconf 87' lang='lat' dir='ltr'>inquit,</span> <span class='ocrx_word' id='word_1_390' title='bbox 1058 3982 1125 4047; x_wconf 90' lang='lat' dir='ltr'>in</span> <span class='ocrx_word' id='word_1_391' title='bbox 1174 4002 1382 4067; x_wconf 88' lang='lat' dir='ltr'>pace;</span> <span class='ocrx_word' id='word_1_392' title='bbox 1439 3982 1505 4048; x_wconf 88' lang='lat' dir='ltr'>in</span> <span class='ocrx_word' id='word_1_393' title='bbox 1570 3995 1922 4051; x_wconf 89' lang='lat' dir='ltr'>aeternum</span> <span class='ocrx_word' id='word_1_394' title='bbox 1983 3981 2168 4048; x_wconf 83' lang='lat' dir='ltr'>enirn</span> <span class='ocrx_word' id='word_1_395' title='bbox 2224 3979 2547 4066; x_wconf 78' lang='lat' dir='ltr'>regnabis</span> 
     </span>
     <span class='ocr_line' id='line_1_43' title="bbox 50 4066 2542 4157; baseline 0.005 -37"><span class='ocrx_word' id='word_1_396' title='bbox 50 4076 173 4126; x_wconf 72' lang='lat' dir='ltr'>cum</span> <span class='ocrx_word' id='word_1_397' title='bbox 232 4066 508 4136; x_wconf 80' lang='lat' dir='ltr'>Christo.</span> <span class='ocrx_word' id='word_1_398' title='bbox 550 4092 584 4133; x_wconf 88' lang='lat'>»</span> <span class='ocrx_word' id='word_1_399' title='bbox 636 4076 843 4154; x_wconf 78' lang='lat' dir='ltr'>Atque</span> <span class='ocrx_word' id='word_1_400' title='bbox 886 4069 983 4136; x_wconf 89' lang='lat' dir='ltr'>illi</span> <span class='ocrx_word' id='word_1_401' title='bbox 1045 4068 1323 4153; x_wconf 88' lang='lat' dir='ltr'>quidem</span> <span class='ocrx_word' id='word_1_402' title='bbox 1385 4070 1587 4156; x_wconf 80' lang='lat' dir='ltr'>jussu</span> <span class='ocrx_word' id='word_1_403' title='bbox 1643 4069 2078 4157; x_wconf 87' lang='lat' dir='ltr'>Imperatoris</span> <span class='ocrx_word' id='word_1_404' title='bbox 2136 4079 2542 4155; x_wconf 89' lang='lat' dir='ltr'>amputatur</span> 
     </span>
     <span class='ocr_line' id='line_1_44' title="bbox 52 4157 2546 4250; baseline 0.002 -34"><span class='ocrx_word' id='word_1_405' title='bbox 52 4163 227 4250; x_wconf 37' lang='lat' dir='ltr'>eaput·</span> <span class='ocrx_word' id='word_1_406' title='bbox 268 4168 447 4224; x_wconf 87' lang='lat' dir='ltr'>extra</span> <span class='ocrx_word' id='word_1_407' title='bbox 503 4157 838 4226; x_wconf 87' lang='lat' dir='ltr'>civitatem</span> <span class='ocrx_word' id='word_1_408' title='bbox 886 4158 1207 4227; x_wconf 81' lang='lat' dir='ltr'>vicesimo</span> <span class='ocrx_word' id='word_1_409' title='bbox 1250 4161 1442 4226; x_wconf 89' lang='lat' dir='ltr'>tertio</span> <span class='ocrx_word' id='word_1_410' title='bbox 1493 4159 1914 4228; x_wconf 86' lang='lat' dir='ltr'>Novembris.</span> <span class='ocrx_word' id='word_1_411' title='bbox 1971 4158 2096 4226; x_wconf 86' lang='lat' dir='ltr'>Sed</span> <span class='ocrx_word' id='word_1_412' title='bbox 2142 4176 2364 4240; x_wconf 82' lang='lat' dir='ltr'>neque</span> <span class='ocrx_word' id='word_1_413' title='bbox 2405 4160 2546 4221; x_wconf 82' lang='lat' dir='ltr'>Dux</span> 
     </span>
     <span class='ocr_line' id='line_1_45' title="bbox 53 4242 2544 4333; baseline 0.003 -31"><span class='ocrx_word' id='word_1_414' title='bbox 53 4249 340 4313; x_wconf 68' lang='lat' dir='ltr'>exercitus</span> <span class='ocrx_word' id='word_1_415' title='bbox 371 4245 742 4333; x_wconf 79' lang='lat' dir='ltr'>Porphyrio</span> <span class='ocrx_word' id='word_1_416' title='bbox 781 4248 993 4332; x_wconf 84' lang='lat' dir='ltr'>etqui</span> <span class='ocrx_word' id='word_1_417' title='bbox 1043 4270 1202 4315; x_wconf 89' lang='lat' dir='ltr'>cum</span> <span class='ocrx_word' id='word_1_418' title='bbox 1252 4268 1329 4315; x_wconf 92' lang='lat' dir='ltr'>eo</span> <span class='ocrx_word' id='word_1_419' title='bbox 1386 4260 1603 4331; x_wconf 86' lang='lat' dir='ltr'>erant,</span> <span class='ocrx_word' id='word_1_420' title='bbox 1662 4249 1787 4315; x_wconf 85' lang='lat' dir='ltr'>boc</span> <span class='ocrx_word' id='word_1_421' title='bbox 1845 4250 2116 4315; x_wconf 88' lang='lat' dir='ltr'>beatum</span> <span class='ocrx_word' id='word_1_422' title='bbox 2175 4246 2300 4312; x_wconf 88' lang='lat' dir='ltr'>iter</span> <span class='ocrx_word' id='word_1_423' title='bbox 2346 4242 2544 4311; x_wconf 88' lang='lat' dir='ltr'>dese·-</span> 
     </span>
     <span class='ocr_line' id='line_1_46' title="bbox 56 4334 2540 4427; baseline 0.004 -40"><span class='ocrx_word' id='word_1_424' title='bbox 56 4338 317 4427; x_wconf 28' lang='lat' dir='ltr'>&#39;ruem-nt.</span> <span class='ocrx_word' id='word_1_425' title='bbox 355 4334 479 4402; x_wconf 90' lang='lat' dir='ltr'>Sed</span> <span class='ocrx_word' id='word_1_426' title='bbox 512 4334 853 4420; x_wconf 89' lang='lat' dir='ltr'>quomodo</span> <span class='ocrx_word' id='word_1_427' title='bbox 904 4334 1043 4404; x_wconf 91' lang='lat' dir='ltr'>illic</span> <span class='ocrx_word' id='word_1_428' title='bbox 1075 4340 1168 4403; x_wconf 81' lang='lat' dir='ltr'>Au</span> <span class='ocrx_word' id='word_1_429' title='bbox 1226 4348 1416 4403; x_wconf 88' lang='lat' dir='ltr'>ustae</span> <span class='ocrx_word' id='word_1_430' title='bbox 1446 4335 1658 4404; x_wconf 89' lang='lat' dir='ltr'>duces</span> <span class='ocrx_word' id='word_1_431' title='bbox 1692 4336 1970 4404; x_wconf 86' lang='lat' dir='ltr'>fuerunt</span> <span class='ocrx_word' id='word_1_432' title='bbox 2010 4335 2091 4401; x_wconf 90' lang='lat' dir='ltr'>ad</span> <span class='ocrx_word' id='word_1_433' title='bbox 2149 4338 2540 4418; x_wconf 75' lang='lat' dir='ltr'>Martyrem,</span> 
     </span>
     <span class='ocr_line' id='line_1_47' title="bbox 54 4418 2528 4510; baseline 0.006 -40"><span class='ocrx_word' id='word_1_434' title='bbox 54 4418 124 4474; x_wconf 85' lang='lat' dir='ltr'>ita</span> <span class='ocrx_word' id='word_1_435' title='bbox 157 4426 340 4488; x_wconf 87' lang='lat' dir='ltr'>ettam</span> <span class='ocrx_word' id='word_1_436' title='bbox 377 4424 483 4510; x_wconf 86' lang='lat' dir='ltr'>pie</span> <span class='ocrx_word' id='word_1_437' title='bbox 514 4425 725 4492; x_wconf 85' lang='lat' dir='ltr'>secuti</span> <span class='ocrx_word' id='word_1_438' title='bbox 761 4436 920 4493; x_wconf 89' lang='lat' dir='ltr'>sunt</span> <span class='ocrx_word' id='word_1_439' title='bbox 957 4446 1105 4491; x_wconf 87' lang='lat' dir='ltr'>eam</span> <span class='ocrx_word' id='word_1_440' title='bbox 1142 4446 1175 4489; x_wconf 87' lang='lat' dir='ltr'>a</span> <span class='ocrx_word' id='word_1_441' title='bbox 1233 4436 1504 4491; x_wconf 85' lang='lat' dir='ltr'>euntem</span> <span class='ocrx_word' id='word_1_442' title='bbox 1541 4424 1626 4492; x_wconf 85' lang='lat' dir='ltr'>ad</span> <span class='ocrx_word' id='word_1_443' title='bbox 1662 4442 2097 4493; x_wconf 85' lang='lat' dir='ltr'>communem</span> <span class='ocrx_word' id='word_1_444' title='bbox 2139 4420 2528 4488; x_wconf 87' lang='lat' dir='ltr'>Dominum.</span> 
     </span>
    </p>
   </div>
  </div>
 </body>
</html>
