2993 4837
518 269 642 331 488
1020 284 1097 329 na
1145 283 1199 330 s.
1256 281 1607 330 LAURENTIO
1655 283 1947 330 Ancmar.
2003 282 2376 330 acatii-{imm
2647 263 2815 330 ΠΟΥ.
2855 267 2922 332 tt

428 369 557 437 sub
611 380 792 437 tanto
860 380 1130 456 pastore
1196 367 1502 456 pericula
1569 368 1778 436 maris
1850 389 1922 437 se
1987 389 2313 439 evasuros
2378 366 2821 437 confidentes.
2863 373 2932 436 Et

425 479 580 525 ecce
627 478 785 525 cum
829 456 972 544 jam
1031 457 1342 526 securius
1391 477 1580 524 mare
1635 455 2005 536 sulcarent,
2061 457 2290 526 subito
2339 456 2712 525 commotis
2747 456 2902 526 fluet

430 548 604 622 bus,
681 546 1032 630 ventisque
1093 545 1601 625 saevientibus»,
1664 557 2027 634 tempestas
2093 544 2447 614 horribilis
2512 557 2753 614 exorta
2809 559 2928 626 m,

427 634 594 703 adeo
636 645 711 702 ut
752 647 1173 722 praesentem
1241 634 1653 702 intentarent
1704 633 1939 702 omnia
1987 647 2299 703 mortem.
2348 633 2768 734 congregati

429 744 668 792 omnes
715 721 798 790 ad
852 734 1111 812 patrem
1161 735 1227 791 et
1276 735 1639 810 patronum
1691 723 2324 812 Archiepiscopum‚
2364 745 2571 791 anxie
2608 745 2654 812 p
2941 807 2942 816 ἵ

432 825 584 890 tur,
643 823 718 879 ut
759 832 884 880 suo
945 811 1327 879 interventu
1389 832 1605 899 ocyus
1654 810 1824 900 ipsis
1872 823 2347 890 succurreret,
2415 833 2613 879 mors
2673 811 2942 879 enimin*

420 900 656 986 januis
705 898 1082 968 videbatur.
1135 905 1213 969 At
1251 899 1659 969 secretarius
1704 913 1770 968 et
1808 901 2076 969 amicus
2128 902 2287 968 Dei:
2335 924 2370 965 «
2423 899 2815 980 confidite,
2853 898 2942 967 in··

428 987 617 1075 quit;
674 1009 873 1056 nemo
907 1002 1205 1057 vestrum
1247 988 1530 1077 peribit;
1577 987 1690 1058 sed
1734 988 1965 1057 audite
1993 988 2362 1057 consilium
2402 1009 2676 1069 meum,
2713 1001 2778 1056 et
2805 989 2886 1055 ira
2920 1022 2925 1045 ι

434 1077 546 1146 Dei
594 1076 974 1146 devotionis
1029 1077 1435 1147 muneribus
1539 1075 1796 1146 lacatel
1863 1076 1955 1146 Αἰ]
2007 1077 2158 1146 e'us
2204 1076 2416 1156 enim,
2464 1089 2544 1145 ut
2611 1075 2856 1154 nostis,
2902 1106 2923 1135 ·-·

431 1166 666 1234 heatae
706 1164 1003 1256 Virginis
1045 1166 1281 1233 matris
1311 1166 1460 1252 ejus
1550 1186 1856 1246 onorem,
1897 1100 2254 1234 Dubliniae
2300 1165 2678 1234 ecclesiam
2735 1185 2939 1233 novan-

431 1254 936 1324 construimus:
990 1253 1073 1320 ad
1124 1275 1330 1340 quam
1385 1253 1871 1342 perficiendam
1923 1254 2086 1323 dare
2133 1276 2251 1322 vos
2301 1275 2546 1323 moneo
2602 1254 2695 1322 de
2751 1253 2923 1321 fruct

431 1364 716 1431 operum
750 1342 922 1429 ejuS,
960 1341 1075 1428 qui
1116 1342 1307 1410 vobis
1345 1342 1579 1411 omnia
1621 1342 1933 1431 largitur:
1990 1344 2224 1429 sicque
2267 1343 2597 1433 promitto
2632 1364 2765 1432 ego
2789 1341 2921 1408 vob'

435 1433 500 1499 in
558 1429 862 1508 Domino,
903 1429 1460 1516 tranquillitatem
1515 1431 1727 1501 maris
1759 1431 2020 1517 absque
2070 1446 2287 1530 vestro
2336 1444 2400 1498 et
2449 1453 2696 1500 rerum
2733 1442 2862 1499 vest

436 1542 587 1589 rum
644 1517 948 1607 periculo
995 1519 1200 1588 citius
1252 1519 1672 1588 adfuturam.
1740 1543 1775 1584 »
1841 1525 1982 1588 Mox
2051 1519 2151 1588 illi
2223 1519 2309 1588 ad
2358 1519 2909 1610 Archiepiscopu

435 1610 610 1678 hona
642 1619 706 1675 et
738 1607 947 1675 alacri
983 1607 1327 1676 voluntate
1370 1607 1587 1677 multa
1618 1607 1905 1677 donaria
1943 1620 2332 1764 apportant.
2367 1613 2521 1676 Erat
2554 1610 2757 1677 enim
2789 1628 2923 1676 nav

437 1695 553 1765 illa
603 1695 838 1764 multis
888 1694 1126 1763 referta
1176 1695 1454 1765 divitiis.
1512 1696 1634 1766 Ille
1673 1718 1827 1765 vero
1875 1718 2009 1785 gau
2062 1718 2186 1765 ens
2221 1698 2288 1764 in
2337 1698 2654 1776 Domino,
2696 1695 2909 1764 brevi·

435 1784 670 1853 devota
705 1784 1008 1853 oratione
1037 1797 1341 1873 penetrat
1365 1784 1612 1864 coelos;
1641 1786 2008 1871 statimque
2042 1787 2213 1854 mari
2241 1785 2679 1864 subsidente,
2711 1800 2778 1853 et
2805 1798 2919 1852 tra

433 1873 771 1960 quillitate
823 1873 1152 1952 restituta,
1196 1872 1403 1941 Deum
1445 1887 1511 1942 et
1558 1887 1869 1943 sanctum
1922 1874 2072 1961 ejus
2129 1874 2519 1963 pontificem
2568 1895 2820 1943 omnes
2863 1900 2873 1932 ι

439 1963 598 2031 riter
635 1960 1051 2029 collaudant.

523 2052 558 2137 ἓ
611 2054 767 2121 918.
824 2049 1344 2139 Emergentibus
1391 2061 1619 2119 autem
1671 2051 1901 2120 causis
1948 2050 2367 2137 quibusdam
2403 2051 2819 2121 Eczclesiaes

439 2152 668 2228 pastor
715 2151 1038 2208 strenuus
1100 2139 1160 2206 vi
1218 2139 1393 2207 ilans
1440 2160 1650 2227 super
1697 2161 1972 2229 gregem
2024 2139 2156 2208 sibi
2215 2139 2675 2209 commissum
2714 2195 2728 2219 ‚
2880 2186 2883 2193 -

440 2250 628 2296 mum
668 2227 1060 2296 Pontificem
1105 2249 1138 2294 a
1197 2229 1294 2295 ire
1327 2227 1663 2296 decrevit:
1721 2234 2144 2314 Romamque
2200 2227 2484 2296 feliciter
2533 2227 2909 2316 perveni-ux·

438 2316 716 2403 adjutus
768 2316 1032 2383 Domini
1081 2316 1324 2403 gratia.
1373 2316 1798 2404 propositum
1853 2315 2182 2405 implevit.
2236 2322 2540 2402 Cumque
2603 2340 2729 2407 pro
2776 2315 2906 2384 libet

439 2416 572 2474 tate
632 2403 994 2474 Hiberniae
1044 2402 1382 2473 Ecclesiae
1421 2404 1715 2475 facunde
1764 2405 1930 2475 satis
1966 2406 2236 2495 egisset,
2279 2421 2342 2474 et
2388 2405 2614 2475 animi
2664 2407 2814 2497 ejus
2864 2431 2897 2462 ι·’

440 2494 743 2583 nignitas
790 2506 992 2580 atque
1051 2493 1412 2582 prudentia
1464 2494 1820 2563 manifeste
1871 2496 2323 2573 innotuisset,
2392 2516 2836 2584 regressurus

440 2582 741 2672 propria,
787 2587 1072 2671 Legatus
1124 2583 1327 2652 totius
1376 2582 1702 2652 Hibersae
1742 2605 1781 2650 a
1814 2583 2096 2652 domino
2131 2588 2311 2672 Papa
2342 2584 2812 2653 constituitur.
2859 2591 2909 2632 ·-,-

443 2693 677 2739 versus
728 2669 886 2738 inde
940 2692 1258 2759 prospere
1321 2670 1387 2737 in
1441 2671 1838 2740 Hiberniam
1874 2727 1890 2751 ,
1948 2672 2357 2742 commissae
2420 2672 2549 2763 sibi
2620 2666 2909 2762 legatioa'

439 2758 741 2826 officium
785 2780 941 2826 cnm
997 2781 1248 2847 magna
1290 2760 1495 2828 totius
1545 2760 1882 2829 Ecclesiae
1931 2759 2239 2829 libertate
2290 2761 2533 2846 exequi
2600 2776 2855 2849 satage

440 2851 927 2932 Quaecumque
970 2848 1308 2935 religioni,
1364 2847 1462 2916 vel
1515 2847 1960 2919 ecclesiarum
2012 2848 2278 2927 officiis,
2320 2848 2416 2917 vel
2457 2849 2796 2919 honestati
2834 2868 2899 2912 c

444 2936 739 3003 ricorum
792 2935 1025 3004 deesse
1076 2937 1366 3017 videbat,
1412 2958 1487 3005 ea
1531 2937 1947 3006 sufficienter
1992 2951 2057 3006 et
2107 2937 2385 3007 honeste
2419 2940 2806 3027 supplebat,
2845 2952 2922 3001 su·

445 3024 703 3113 perssua
756 3025 1123 3105 resecabat,
1166 3037 1343 3093 recte
1377 3026 1712 3114 disposita
1745 3026 2229 3095 inviolabiliter
2258 3026 2608 3095 observari
2663 3025 2914 3095 volebat:

441 3126 720 3199 eratque
752 3112 821 3180 in
859 3113 998 3181 zelo
1052 3113 1219 3202 legis
1256 3115 1522 3182 Domini
1561 3114 1740 3182 velut
1781 3115 1985 3204 ignis,
2030 3127 2094 3183 et
2140 3116 2339 3201 quasi
2373 3115 2589 3204 adeps
2618 3123 2922 3209 separatus

440 3224 477 3269 a
527 3223 754 3270 carne.
794 3206 1139 3270 lntantum
1193 3216 1417 3271 autem
1464 3203 1939 3272 ministrorum
1990 3203 2314 3272 ecclesiae
2359 3205 2802 3273 execrabatur
2829 3216 2918 3291 ειη-

444 3290 880 3371 munditiam,
935 3291 1263 3359 castitatis
1310 3300 1375 3359 et
1423 3291 1797 3360 honestatis
1835 3291 2106 3373 zelator,
2149 3307 2418 3378 tamque
2463 3315 2582 3363 eos
2631 3293 2711 3362 ad
2759 3296 2916 3359 conti·

446 3380 745 3448 nentiam
798 3379 1228 3467 provocabat,
1274 3393 1349 3449 ut
1396 3401 1636 3450 omnes
1687 3393 1821 3449 tam
1873 3381 2355 3460 subdiaconos,
2399 3403 2609 3465 quam
2651 3382 2916 3450 diaconos

444 3468 541 3536 vel
597 3467 1048 3556 presbyteros,
1102 3469 1160 3536 si
1202 3468 1737 3537 incontinentiae
1787 3470 2074 3538 convicti
2126 3483 2375 3548 essent,
2425 3470 2582 3538 licet
2621 3480 2910 3553 tamquam

443 3556 1010 3645 Arcliiepiscopus
1047 3570 1294 3646 posset,
1339 3569 1564 3625 tamen
1603 3555 1811 3627 nollet
1858 3558 2254 3627 absolvere:
2304 3557 2419 3626 sed
2463 3559 2546 3626 ad
2594 3564 2912 3629 Romanam

443 3645 805 3713 Ecclesiam
841 3699 855 3724 ,
910 3667 949 3712 a
997 3667 1270 3713 summo
1334 3646 1655 3714 Pontifice
1711 3645 2207 3726 absolvendos,
2261 3646 2681 3727 destinaret,
2732 3646 2810 3713 ita
2859 3644 2908 3702 1²1

438 3733 733 3818 quodam
788 3746 1111 3822 tempore,
1165 3733 1347 3820 quod
1411 3733 1602 3803 dictu
1667 3735 1921 3803 mirum
1985 3735 2118 3812 sit,
2176 3747 2450 3804 centum
2513 3737 2764 3822 quadra
2808 3729 2908 3796 ima

441 3822 868 3911 presbyteros
940 3821 1021 3889 de
1095 3822 1590 3891 incontinentia
1659 3823 2026 3903 convict05‚
2081 3828 2365 3892 Romam
2439 3825 2770 3893 miserita
2812 3812 2903 3884 sol‘

439 3911 711 3979 vendos.
769 3910 1097 3999 Cupiebat
1141 3912 1323 3979 enim
1374 3932 1613 3980 omnes
1657 3913 1763 3979 sui
1802 3912 2063 3980 similes
2110 3911 2399 3991 efficere,
2439 3926 2504 3981 et
2552 3934 2745 3999 quam
2777 3910 2902 3975 inse

437 4001 822 4070 sectabatur
858 3999 1295 4079 munditiam,
1333 4020 1483 4068 eam
1534 4000 1735 4068 etiam
1792 4022 1832 4068 a
1881 4000 2175 4071 subditis
2232 4002 2644 4086 requirebat,
2695 3992 2898 4068 lumbos

437 4110 598 4158 suos
648 4110 779 4156 non
832 4091 1000 4157 zona
1054 4087 1358 4176 pellicea,
1416 4088 1530 4157 sed
1592 4110 1833 4177 aspero
1884 4089 2108 4157 cilicio
2168 4090 2669 4179 constringens.
2723 4092 2896 4167 Imque

435 4178 890 4263 Apostolicum
946 4176 1141 4256 illud,
1178 4175 1359 4263 quod
1415 4199 1484 4245 re
1536 4178 1682 4265 ipsa
1720 4178 2126 4265 praestabat,
2158 4199 2273 4247 ore
2319 4199 2592 4265 quoque
2634 4172 2891 4265 jubebat:

435 4268 619 4331 State
667 4268 990 4333 succincti
1036 4267 1289 4335 lumbos
1334 4277 1583 4334 vestros
1633 4268 1703 4333 in
1750 4269 2028 4334 veritate
2073 4267 2344 4355 (Ephes,
2391 4268 2507 4355 n).
2939 4190 2946 4355 i

530 4352 564 4434 ἓ
618 4356 768 4421 21.
838 4356 1001 4418 Cum
1054 4368 1276 4422 autem
1345 4354 1443 4421 sic
1507 4353 1866 4442 legationis
1927 4377 2089 4424 suae
2159 4355 2561 4441 fungeretur
2604 4349 2806 4422 officio,
2847 4347 2888 4403 0²
2943 4392 2946 4449 Ι
