2993 4837
517 333 641 397 214
1273 351 1349 395 na
1399 350 1453 395 s.
1509 321 1747 395 cinoto
1797 347 2130 395 nonnemo
2678 329 2833 395 NOV.
2879 332 2904 394 l

425 433 786 504 ecclesiam
841 433 1473 520 monasteriumque
1508 433 1615 502 sui
1650 433 1925 503 Ordinis
1963 432 2233 522 piorum
2285 432 2641 502 hominum
2673 447 2913 520 sumptu

344 551 347 553 ’
424 521 848 600 aedificavit,
904 536 968 591 et
1037 521 1336 611 sepulcri
1404 523 1701 611 speciem
1772 521 2013 590 decore
2059 521 2436 591 collocavit.
2491 526 2580 589 Ea
2641 541 2738 590 res
2780 521 2917 590 adeo

426 610 711 680 feliciter
744 611 1006 689 evenit,
1060 624 1135 679 ut
1169 609 1359 679 locus
1403 611 1699 679 maxime
1744 610 2032 679 celebris
2085 611 2406 689 evaserit;
2444 624 2508 678 et
2555 610 2751 677 variis
2785 622 2919 677 tem-

429 699 715 789 poribus
763 699 1114 768 aediculae
1157 699 1410 768 multae
1458 698 1711 768 fuerint
1759 712 2208 778 constructae,
2263 700 2382 769 ubi
2435 697 2688 789 pulcris
2718 699 2921 788 imagi·

429 788 661 868 nibus,
707 810 785 857 ac
835 788 1113 865 statuis,
1178 809 1255 856 ea
1305 788 1373 857 in
1443 788 1684 875 primis
1751 787 2181 868 referuntur,
2242 810 2416 874 quae
2480 788 2546 855 in
2602 786 2923 876 affligendo

430 890 781 964 morteque
815 876 1175 946 afficiendo
1217 877 1583 956 salvatore,
1621 889 1767 945 acta
1808 889 1994 957 sunt;
2053 889 2191 945 tum
2231 877 2406 946 aliae
2436 897 2708 963 quoque
2745 898 2841 943 res
2865 897 2923 943 ex

431 965 685 1036 divinis
726 965 1139 1058 historiisad
1168 978 1466 1035 nostram
1496 965 1784 1033 salutem
1870 966 2263 1035 ertinentes.
2297 971 2396 1035 Ita
2427 966 2570 1055 Jam
2598 967 2665 1032 in
2696 985 2926 1032 summo

424 1068 677 1134 monte,
730 1055 931 1141 quasi
980 1075 1169 1126 sacer
1216 1054 1499 1141 quidam
1556 1054 1743 1122 vicus
1781 1077 1819 1142 p
1851 1055 2241 1122 urimarum
2273 1054 2551 1123 aedium
2589 1052 2800 1121 factus
2825 1066 2922 1131 est,

424 1164 597 1230 quas
644 1142 924 1224 ordine,
978 1143 1317 1230 certisque
1367 1143 1493 1211 viis
1543 1141 1929 1229 frequentes
1982 1142 2323 1232 peregrini
2384 1141 2802 1211 salutaribus
2843 1162 2930 1208 co·

425 1231 871 1321 gitationibus
910 1230 1671 1321 supplicationibusque
1722 1231 1959 1300 intenti
2001 1231 2270 1309 adeant,
2325 1245 2389 1301 et
2440 1230 2758 1321 religiose
2801 1251 2928 1296 con-

429 1319 863 1409 templentur.
904 1325 994 1390 Eo
1035 1342 1103 1390 se
1140 1319 1416 1389 Carolus
1469 1320 1678 1409 igitur
1717 1318 2024 1388 conferre
2074 1319 2330 1400 statuit,
2371 1334 2436 1388 et
2484 1320 2572 1388 ob
2621 1341 2769 1388 eam
2818 1340 2928 1386 rem

425 1409 865 1479 Franciscum
934 1408 1280 1478 Adornum
1346 1409 1741 1489 accersivit,
1795 1430 1999 1494 quem
2073 1408 2339 1496 piarum
2399 1408 2926 1477 exercitationum

421 1497 774 1566 adhiberet
838 1497 1244 1588 adjutorem.
1300 1497 1426 1566 Sed
1496 1510 1654 1565 ante
1714 1497 1901 1566 misit
1953 1502 2093 1566 Dux
2146 1498 2530 1567 Sabaudiae
2583 1493 2924 1570 Vercellas·

421 1587 539 1673 qui
590 1585 785 1655 illum
837 1588 986 1674 ejus
1037 1585 1310 1656 nomine
1361 1598 1673 1674 rogatum
1729 1585 2104 1655 Taurinum
2155 1585 2604 1655 adducerent.
2654 1584 2930 1655 Officium

423 1675 591 1744 Duci
654 1674 954 1755 Carolus,
1012 1688 1081 1743 ut
1155 1674 1514 1744 carissimo
1565 1673 1705 1743 filio
1773 1696 1901 1744 non
1964 1675 2266 1762 negavit3
2330 1674 2511 1760 quod
2571 1673 2674 1744 vel
2737 1684 2934 1761 sponte

423 1762 712 1832 libenter
759 1764 1189 1852 suscepisset.
1246 1762 1330 1832 ad
1383 1775 1885 1833 sacrosanctam
1940 1763 2308 1832 Sindonem
2356 1777 2708 1851 postremo
2752 1764 2932 1830 visen·

424 1851 581 1920 dam
633 1865 698 1921 et
746 1851 1225 1921 venerandam.
1288 1857 1428 1920 Dux
1482 1873 1634 1920 vero
1687 1873 2016 1941 magnum
2067 1852 2325 1941 coepit,
2383 1854 2440 1920 si
2487 1874 2803 1938 unquam
2848 1869 2934 1917 an·

422 1954 551 2019 tea,
609 1941 819 2011 Caroli
856 1941 1299 2030 praesentiae,
1343 1939 1929 2027 consiliorumque
1957 1939 2295 2020 fructum,
2339 1940 2672 2027 visusque
2702 1954 2802 2009 est
2828 1958 2930 2007 ma·

423 2030 603 2099 xime
641 2030 722 2099 ad
781 2030 1094 2118 pietatem
1143 2030 1581 2108 commoveri,
1634 2043 1698 2097 et
1731 2030 2049 2098 cumdem
2086 2029 2289 2097 etiam
2343 2029 2409 2097 in
2461 2029 2785 2098 discessu
2816 2047 2934 2116 μω·

422 2119 612 2204 sequi
669 2119 1014 2208 lacrymis.
1054 2118 1144 2187 Ad
1202 2129 1500 2186 montem
1552 2140 1710 2187 cum
1764 2118 2079 2198 venisset,
2154 2118 2547 2186 monasterii
2607 2116 2852 2187 cellula
2883 2115 2932 2181 in

420 2228 557 2293 qua
590 2220 993 2288 moraretur,
1047 2206 1295 2283 electa,
1357 2206 1443 2275 ibi
1504 2229 1757 2292 corpus
1824 2205 2254 2275 incommode
2303 2205 2690 2275 admodum
2742 2219 2804 2274 et
2865 2226 2882 2240 ·

421 2317 576 2366 vere
626 2310 913 2365 tractare
962 2296 1208 2384 coepit,
1264 2295 1330 2362 in
1392 2294 1642 2383 ligneis
1695 2294 1945 2364 tabulis
1999 2318 2319 2363 somnum
2375 2296 2702 2384 capiebat
2761 2293 2881 2363 lodi

426 2394 686 2454 tantum
743 2386 1087 2467 instratis3
1152 2398 1476 2453 consueto
1550 2384 1868 2453 utebatur
1918 2384 2115 2474 panis
2185 2398 2248 2451 et
2314 2405 2531 2470 aquae
2601 2385 2932 2462 aliinento;

422 2473 695 2554 durius,
730 2496 935 2561 quam
967 2486 1163 2542 antea
1187 2495 1438 2561 corpus
1474 2472 1886 2563 flagellabat3
1932 2473 1999 2541 id
2037 2474 2218 2560 quod
2251 2494 2330 2541 ex
2366 2474 2668 2542 interula
2702 2471 2932 2546 deinde,

424 2561 850 2652 flagellisque
882 2562 1221 2652 sanguine
1269 2562 1566 2648 aspersis
1614 2584 1702 2651 ap
1757 2563 1958 2636 aruit,
2000 2561 2155 2631 licet
2206 2562 2351 2650 ipse
2387 2561 2704 2631 studiose
2752 2557 2936 2631 occul-

422 2663 668 2728 tasset;
723 2672 956 2719 sacrae
1003 2650 1411 2721 confessioni
1476 2673 1686 2740 paran
1743 2673 1859 2728 ae,
1917 2672 2284 2737 sacraeque
2346 2650 2780 2720 meditationi
2827 2671 2886 2717 se

425 2738 646 2819 dedit3
680 2739 764 2807 ad
798 2739 974 2807 hanc
1020 2739 1390 2809 meditandi
1425 2740 1972 2809 exercitationem
2005 2761 2169 2809 suos
2200 2738 2500 2817 admisit,
2537 2759 2884 2825 quamqua

427 2827 653 2914 spatii,
701 2828 1309 2917 occupationisquc
1359 2826 1558 2917 longe
1602 2828 1925 2898 minoris:
1969 2827 2085 2897 sed
2137 2828 2454 2897 distincta
2493 2827 2579 2896 ad
2642 2827 2882 2898 medita

424 2914 592 2983 dum
647 2937 870 2984 rerum
935 2917 1159 3006 capita
1207 2916 1514 3002 quotidie
1581 2917 2061 2987 tradebantur:
2128 2917 2384 3003 quibus
2450 2917 2846 3006 cogitandis
2893 2921 2938 2982 d

422 3004 993 3094 contemplandis,
1051 3006 1277 3074 certis.
1318 3004 1449 3074 diei
1513 3007 1867 3091 noctisque
1928 3004 2138 3085 horis,
2181 3026 2260 3073 ea
2312 3027 2383 3073 se
2436 3007 2743 3105 quisque
2789 3001 2944 3072 aedi·¹

423 3090 603 3180 cula,
631 3105 695 3162 et
728 3115 954 3162 coram
993 3093 1077 3163 iis
1114 3094 1539 3183 imaginibus
1568 3107 1902 3163 exerceret
1936 3113 2112 3182 quae
2146 3094 2227 3162 ad
2267 3094 2481 3162 animi
2515 3096 2629 3163 sui
2672 3094 2932 3162 fructum

423 3181 704 3251 sentiret
752 3183 1014 3272 aptiora
1044 3206 1059 3263 ;
1089 3196 1348 3252 certum
1384 3183 1544 3251 item
1584 3198 1852 3272 tempus
1887 3183 2334 3252 constitutum
2370 3195 2537 3261 erat,
2578 3204 2724 3269 quo
2767 3173 2934 3250 simul

419 3272 902 3340 convenientes
952 3273 1126 3340 inter
1173 3293 1267 3348 se,
1321 3293 1498 3357 quae
1531 3272 1764 3340 animo
1800 3286 2178 3350 senserant,
2220 3291 2398 3359 quae
2452 3293 2534 3338 ue
2582 3285 2786 3340 erant
2832 3289 2935 3336 me-

421 3360 614 3429 ditati
665 3359 1291 3429 communicabant.
1349 3358 1628 3429 Carolus
1686 3360 1927 3444 primis
1973 3360 2218 3429 diebus
2267 3292 2665 3439 sethoras,
2728 3358 2934 3448 partim

419 3448 732 3529 diurnas,
791 3450 1035 3538 partim
1076 3462 1446 3518 nocturnas
1481 3448 1611 3517 sibi
1666 3448 1959 3527 finierat,
2005 3449 2261 3536 quibus
2311 3447 2498 3516 horis
2546 3443 2935 3534 contempla·

422 3537 589 3606 tioni
643 3537 1100 3627 precibusque
1147 3550 1445 3618 vacaret,
1508 3537 1850 3624 reliquum
1905 3551 2179 3626 tempus
2234 3536 2653 3606 confessioni
2722 3535 2932 3604 dabat.

421 3637 565 3696 tum
607 3626 985 3695 necessitati
1015 3648 1289 3713 quoque
1321 3628 1880 3716 corporis,quam
1916 3625 2407 3715 angustissime
2440 3637 2658 3694 tamen
2684 3626 2934 3695 circum·

421 3716 739 3804 scriptae,
774 3713 922 3784 etsi
950 3715 1112 3802 quid
1155 3715 1405 3803 negotii
1445 3729 1644 3794 esset,
1691 3713 1873 3801 quod
1919 3737 2051 3784 non
2091 3727 2316 3804 posset
2353 3714 2600 3785 omitti.
2645 3708 2934 3784 Jucunda

420 3825 707 3892 prorsus
755 3804 1039 3893 specis-s,
1092 3816 1159 3872 et
1209 3804 1453 3893 pietate
1494 3803 1921 3894 plenissima,
1974 3802 2529 3893 conspiciebatur
2578 3815 2774 3872 nocte
2816 3821 2932 3894 ain·

421 3891 779 3981 plissimus
827 3892 1142 3972 AntisteS,
1192 3892 1381 3962 nullo
1433 3893 1707 3973 comite,
1774 3891 2130 3980 parvulam
2186 3892 2514 3961 laternam
2576 3892 2711 3961 sub
2761 3886 2935 3979 pallio

422 3998 681 4060 tenens,
739 3982 1025 4072 pervias
1055 3981 1209 4050 illas
1259 3981 1517 4051 summi
1558 3981 1830 4061 montis,
1867 3992 2090 4070 petere
2136 4002 2346 4067 quam
2395 3979 2525 4048 sibi
2554 3979 2948 4070 judicasset„

418 4071 979 4159 opportuniorem
1032 4069 1444 4150 aediculam,
1482 4082 1558 4139 ut
1594 4069 1662 4139 in
1711 4092 1789 4139 ea
1830 4069 2417 4156 quemadmodum
2454 4068 2587 4137 sibi
2632 4083 2932 4157 praescri-

474 4170 673 4238 serat,
732 4180 880 4229 sese
925 4170 1302 4243 exerceret3
1367 4174 1613 4245 quarto
1668 4159 1755 4227 ab
1803 4157 2102 4229 adventu
2150 4157 2260 4227 die
2310 4169 2586 4246 peccata
2633 4178 2762 4226 sua
2796 4171 2929 4221 con-

446 4266 641 4315 essus
678 4261 801 4328 est,
859 4261 1046 4318 tanta
1096 4248 1363 4348 pietate,
1403 4247 1637 4317 dolore
1685 4268 1764 4316 ac
1809 4247 2161 4337 lacrymis,
2201 4257 2276 4316 ut
2305 4246 2421 4333 qui
2467 4243 2926 4315 confessionem

422 4333 767 4414 audiebat,
808 4335 1041 4404 itidem
1094 4359 1161 4403 m
1200 4337 1435 4405 fletum
1488 4335 1981 4414 adduceretur;
2039 4348 2305 4426 postero
2352 4334 2484 4414 die,
2542 4334 2743 4403 tantis
2777 4347 2948 4398 exer-2

422 4422 864 4491 citationibus
899 4436 1034 4491 tam
1087 4423 1278 4492 beate
1336 4437 1739 4514 occupatus,
1781 4446 1914 4493 non
1969 4423 2265 4514 neglexit
2326 4422 2622 4493 officium
2682 4433 2948 4489 tamen,
