2993 4837
57 303 200 369 Νῦν.
242 305 330 368 »15
625 324 702 369 ns
750 324 844 369 ss,
897 324 1173 383 suom,
1227 324 1421 371 cuma
1469 325 1546 370 ar
1593 323 1763 370 Amat
1813 324 1925 370 int.
2330 309 2446 373 50⁴

57 407 240 490 itaque
284 405 520 474 oculos
568 408 637 475 in
684 406 953 476 coelum
1011 408 1477 487 sustulissent,
1537 419 1602 477 et
1661 408 1928 478 intense
1984 409 2240 497 precati
2287 423 2538 491 essent,

57 497 192 563 [leus
234 506 297 563 et
344 507 535 584 pater
566 496 832 564 Domini
886 497 1099 565 nostri
1135 497 1299 566 Jesu
1332 497 1606 576 Christi,
1645 496 1922 585 suscipe
1954 496 2022 564 in
2064 518 2228 585 pace
2261 498 2548 588 spiritus

57 596 297 662 nostros,
336 596 678 672 postremo
726 583 1067 654 dixerunt.
1107 589 1440 654 Samonas
1470 599 1698 655 autem
1752 606 2125 654 conversus
2173 585 2260 655 ad
2311 587 2549 676 spicu-

63 684 324 740 atorem:
370 694 407 738 «
460 677 824 758 Exequere,
863 673 1111 760 inquit,
1157 673 1223 741 id
1273 672 1456 760 quod
1490 674 1746 743 esttibi
1797 675 2235 763 imperatum:
2282 698 2318 741 »
2352 698 2545 745 cum·

57 782 151 916 lue
194 782 366 850 genu
416 760 629 831 simul
679 762 1079 831 inclinasset
1131 784 1289 831 cum
1348 763 1597 840 Guria,
1652 764 1753 831 eis
1821 776 2273 852 amputantur
2318 765 2547 854 capita

78 850 277 918 ecimo
306 851 551 936 quinto
596 850 1017 921 Novembris.
1054 857 1265 938 Atque
1313 851 1440 920 hoc
1490 850 1696 920 modo
1727 850 2005 936 quidem
2049 873 2121 921 se
2154 852 2549 923 habuerunt

57 960 132 1006 es
163 944 557 1029 Martyrum.

113 1029 145 1113 ὅ
186 1033 335 1099 1⁰.
393 1033 564 1097 Cum
609 1041 835 1097 autem
901 1028 1175 1098 tertium
1213 1049 1489 1115 quoque
1536 1040 1894 1114 quaereret
1941 1050 2298 1108 numerus,
2352 1043 2429 1100 ut
2474 1032 2544 1099 in

57 1117 133 1183 iis
160 1115 654 1204 glorificaretur
682 1117 998 1196 Trinitas,
1038 1117 1297 1186 invenit
1322 1118 1394 1205 (o
1425 1119 1754 1205 optimam
1792 1116 2358 1207 Providentiaml)
2387 1132 2549 1189 tem·

57 1225 181 1288 pore
221 1205 497 1290 quidem
555 1218 783 1295 postea
830 1205 1148 1285 Abibum,
1181 1207 1300 1293 qui
1336 1219 1564 1274 autem
1616 1204 1794 1274 idem
1844 1227 2004 1275 cum
2056 1206 2141 1276 iis
2175 1208 2294 1294 qui
2354 1230 2545 1296 prae-

58 1309 373 1374 :esserant,
413 1296 546 1363 iter
591 1294 858 1384 ingredi
907 1296 1376 1374 constituerat,
1423 1309 1488 1362 et
1544 1294 1663 1364 illo
1705 1295 1853 1383 ipso
1903 1296 2213 1383 martyrii
2261 1297 2373 1365 die
2417 1296 2548 1367 fuit

57 1396 559 1452 :otisummatus
624 1387 913 1467 Magnus
958 1405 1122 1474 ergo
1185 1385 1362 1453 inter
1417 1400 1753 1471 martyres
1822 1382 2121 1462 Abibus,
2180 1405 2258 1454 ex
2305 1385 2542 1455 eadem

57 1469 310 1555 quidem,
350 1494 431 1541 ex
489 1493 629 1558 qua
680 1471 777 1540 illi
842 1475 1082 1560 patria,
1141 1494 1390 1564 nempe
1434 1494 1514 1541 ex
1565 1472 1891 1541 Thelsaea
1940 1472 2085 1541 vico
2130 1487 2274 1542 erat
2303 1488 2540 1544 ortus:

57 1578 208 1628 sacro
251 1574 475 1630 autem
533 1561 935 1630 diaconatus
999 1561 1222 1630 fuerat
1271 1560 1646 1630 honoratus
1706 1561 2103 1631 chrismate.
2163 1567 2328 1631 Cum
2388 1585 2544 1632 vero

57 1647 311 1718 Licinius
347 1651 381 1685 '⁵
431 1663 689 1718 teneret
720 1666 987 1736 sceptra
1037 1651 1309 1740 imperii
1354 1655 1845 1730 Romanorum,
1882 1663 1948 1719 et
1995 1652 2324 1738 Lysanias
2355 1673 2544 1721 crea·

57 1747 135 1803 tus
176 1737 405 1808 suisset
459 1744 735 1807 Praeses
792 1738 1103 1817 Edessae,
1156 1739 1446 1808 excitata
1496 1760 1740 1808 rursus
1784 1752 1930 1808 erat
1995 1742 2374 1827 persecutio
2421 1740 2545 1809 ad-

57 1843 249 1894 versus
295 1828 719 1897 Christianos
750 1880 765 1906 ,
824 1841 890 1896 et
936 1827 1147 1896 Abibo
1209 1827 1609 1897 universum
1661 1827 2067 1896 imminebat
2128 1828 2536 1916 periculum.

57 1914 100 1980 {s
135 1915 302 1982 enim
361 1915 604 1986 obibat
648 1916 1015 1995 civitatem,
1066 1916 1338 1985 divinas
1376 1930 1662 1985 cunctos
1709 1915 1964 1985 docens
2027 1919 2439 2006 ScripturaS,
2478 1931 2542 1987 et

57 2021 262 2092 magno
291 2007 532 2073 animo
560 2006 982 2074 confirmans
1029 2004 1113 2073 ad
1155 2006 1493 2090 pietatem.
1534 2009 1697 2074 Cum
1734 2017 1962 2073 autem
1999 2004 2166 2073 haec
2201 2006 2546 2076 venissent

57 2089 115 2156 nd
155 2113 343 2163 aures
410 2094 776 2183 Lysaniae,
837 2115 914 2161 ea
972 2095 1231 2163 Licinio
1302 2093 1702 2183 Imperatori
1767 2094 1854 2161 ab
1901 2114 1980 2160 eo
2030 2093 2536 2182 significantur.

57 2179 331 2250 Studebat
376 2185 594 2262 enirn,
646 2197 718 2251 ut
767 2184 912 2271 ipse
974 2185 1034 2251 ei
1089 2183 1544 2252 committeret
1603 2182 2074 2268 quaestionem
2150 2181 2537 2250 habendam

58 2263 121 2333 de
155 2269 571 2351 Christianis,
608 2286 671 2338 et
711 2272 1006 2340 maxime
1054 2271 1138 2340 de
1183 2271 1417 2340 Abibo.
1456 2277 1686 2357 Neque
1738 2271 1922 2341 enim
1973 2270 2194 2340 fuerat
2243 2271 2303 2339 ei
2397 2271 2540 2340 rius

57 2359 397 2431 commissa.
438 2359 564 2429 ltte
614 2381 766 2429 vero
816 2359 1056 2431 litteris
1087 2360 1289 2441 datis,
1319 2361 1519 2451 jubet
1566 2375 1641 2429 ut
1690 2374 1904 2430 morte
1933 2360 2225 2430 Abibum
2263 2382 2297 2429 a
2354 2359 2538 2429 1ciat.

58 2442 274 2515 Litteris
319 2471 487 2538 ergo
541 2448 822 2518 redditis
880 2451 1233 2538 Lysaniae,
1300 2451 1656 2537 quaeritur
1711 2450 1969 2537 ubique
2031 2451 2314 2519 Abibus.
2388 2454 2543 2539 Ipse

59 2546 237 2630 utitem
282 2537 576 2627 degebat
622 2538 691 2605 in
741 2537 1039 2623 quadam
1094 2552 1283 2627 parte
1329 2539 1648 2616 civitatis,
1698 2552 1973 2628 propter
2004 2552 2256 2608 statum
2309 2537 2543 2607 Eccle-

59 2624 387 2711 suasticum3
429 2639 646 2695 mater
695 2648 849 2695 vero
884 2640 949 2695 et
980 2628 1260 2713 quidam
1316 2649 1396 2695 ex
1444 2628 1532 2697 iis
1586 2627 1706 2714 qui
1753 2628 1835 2695 ad
1887 2650 2045 2697 eum
2097 2649 2344 2716 genere
2386 2627 2543 2695 atti-

59 2711 234 2792 nebat,
278 2737 437 2783 cum
482 2736 562 2783 eo
616 2715 1083 2785 versabantur.
1138 2715 1261 2784 nte
1305 2729 1533 2785 autem
1586 2738 1746 2785 cum
1801 2738 1937 2786 rem
1998 2717 2402 2798 rescivisset,
2457 2737 2544 2785 ne

59 2794 203 2868 iaret
247 2824 525 2892 poenas,
563 2802 744 2890 quod
799 2804 1108 2893 martyrii
1153 2804 1564 2875 deseruisset
1594 2803 1894 2877 ordines,
1939 2806 2211 2874 cuidam
2246 2806 2367 2892 qui
2400 2819 2544 2875 erat

59 2904 108 2983 εξ
143 2892 369 2975 primis
403 2892 706 2962 cohortis
744 2892 834 2980 (is
881 2907 1109 2962 autem
1163 2893 1535 2962 vocabatur
1568 2893 2022 2981 Theotecnus)
2067 2895 2371 2984 seipsum
2436 2896 2544 2963 in-

59 2972 224 3045 dicat:
257 2994 322 3049 et
368 2981 685 3050 tandem:
732 3004 767 3047 «
818 2986 1031 3064 Quem
1072 2984 1427 3068 quaeritis,
1464 2983 1710 3069 inquit,
1748 2983 2068 3063 Abibum,
2110 2984 2256 3071 ipse
2293 3006 2476 3053 sum.
2507 3007 2543 3049 »

59 3062 144 3132 me
187 3089 330 3138 vero
378 3070 679 3160 benigne
733 3091 889 3138 eum
948 3071 1269 3140 intuens:
1318 3094 1354 3137 «
1406 3076 1639 3151 Nemo,
1680 3070 1928 3157 inquit,
1966 3071 2194 3139 adhuc
2249 3072 2434 3139 novit
2480 3085 2545 3141 te

59 3151 112 3218 td
151 3176 261 3225 nos
298 3160 586 3239 venisse,
640 3182 681 3228 o
730 3159 953 3230 horno.
995 3160 1115 3229 Abi
1169 3181 1355 3251 ergo,
1394 3173 1460 3229 et
1509 3181 1820 3230 servare:
1885 3181 2008 3229 nec
2066 3160 2163 3228 sis
2200 3159 2539 3229 sollicitus

59 3237 113 3307 ie
156 3261 373 3326 matre,
414 3270 541 3316 nec
596 3247 681 3317 de
732 3248 813 3317 iis
843 3248 963 3335 qui
997 3270 1246 3339 genere
1300 3249 1383 3318 ad
1448 3262 1511 3318 te
1559 3249 1870 3319 attinent.
1910 3247 2154 3318 Nullus
2199 3248 2382 3317 enim
2424 3268 2541 3318 eos

59 3336 303 3409 potuerit
348 3337 634 3406 omnino
667 3336 934 3407 afficere
986 3337 1318 3409 molestia.
1360 3362 1395 3404 »
1431 3343 1509 3407 Et
1542 3339 1710 3408 haec
1755 3336 2033 3425 quidem
2087 3337 2532 3405 Theotecnus.

62 3504 63 3515 χ
117 3420 147 3503 ς’
187 3427 310 3496 u.
352 3425 612 3495 Abibus
651 3439 905 3505 autem,
941 3449 1103 3496 cum
1155 3439 1285 3496 tem
1343 3449 1428 3495 us
1476 3442 1746 3497 vocaret
1804 3426 1885 3496 ad
1947 3425 2380 3514 martyrium,
2419 3445 2541 3524 ηο-

62 3504 196 3575 ebat
231 3513 478 3599 pusillo
510 3528 575 3583 et
605 3515 869 3602 abjecto
906 3517 1142 3584 animo
1174 3538 1253 3584 su
1313 3516 1500 3585 urari
1549 3516 1866 3585 salutem.
1922 3513 1993 3583 Ei
2048 3514 2276 3600 itaque
2327 3513 2530 3582 dicit:

61 3598 239 3665 *Non
296 3618 569 3693 propter
627 3625 857 3672 caram
917 3618 1233 3681 matrem,
1272 3625 1396 3673 nec
1454 3618 1730 3694 propter
1781 3616 2109 3692 cognatos
2170 3625 2279 3671 me
2329 3600 2538 3670 reddo

61 3687 487 3761 manifestum:
542 3690 658 3760 sed
695 3691 940 3761 adsum
987 3708 1262 3782 propter
1296 3693 1543 3762 Christi
1589 3692 2116 3761 confessionem.
2155 3696 2321 3760 Ecce
2354 3691 2536 3759 enim

61 3769 127 3836 vet
159 3785 213 3841 te
245 3778 505 3848 nolente
538 3783 886 3880 apparebo
925 3802 1153 3849 coram
1192 3782 1532 3861 Praeside,
1569 3794 1634 3849 et
1671 3802 1898 3850 meum
1951 3780 2294 3849 Christum
2349 3799 2542 3868 prae·
2629 3810 2636 3819 ·

62 3855 255 3933 itcabo
289 3886 512 3936 coram
569 3870 1005 3958 principibus
1049 3883 1116 3939 et
1156 3870 1456 3959 regibus.
1503 3894 1538 3935 »
1602 3870 2026 3939 Theotecnus
2076 3868 2304 3953 itaque
2371 3866 2540 3935 veri·

61 3954 155 4019 tus,
185 3971 260 4020 ne
303 3976 424 4023 sua
473 3971 715 4044 sponte
756 3959 1011 4027 veniret
1057 3959 1142 4028 ad
1186 3958 1598 4037 praesidem,
1634 3971 1699 4025 et
1743 3979 1822 4026 ea
1868 3956 1953 4024 de
1999 3978 2206 4024 causa
2241 3956 2298 4022 ei
2336 3955 2536 4023 affer-

61 4048 204 4132 retur
261 4044 662 4127 periculum,
705 4059 783 4115 ut
831 4049 949 4133 qui
998 4069 1155 4116 eum
1209 4068 1342 4116 non
1395 4046 1658 4114 fecisset
1728 4045 2192 4122 manifestum,
2247 4043 2539 4142 assumit

61 4119 323 4208 tbtbum,
358 4145 420 4201 et
456 4154 615 4202 eum
668 4134 952 4205 adducit
983 4138 1065 4204 ad
1107 4134 1491 4206 Praesidem
1528 4156 1543 4200 :
1582 4156 1616 4198 «
1654 4134 1779 4202 Hic
1826 4132 1939 4201 itte
1967 4146 2090 4212 est,
2125 4133 2371 4218 inquit,
2415 4132 2537 4217 qui

98 4262 323 4323 ’'Lictntua
341 4273 625 4318 Licinianus,
644 4283 785 4324 quem
807 4278 1040 4325 Gale-rius,
1062 4289 1181 4318 anno
1206 4278 1296 4323 807,
1316 4274 1406 4316 nibt
1431 4263 1477 4316 in
1501 4273 1699 4325 imperio
1721 4276 2085 4316 consociaverat.
2108 4274 2222 4315 Cum
2242 4276 2415 4317 autem.
2433 4275 2542 4322 post

62 4318 179 4356 vti-10⁸
204 4331 341 4370 casua.
360 4325 407 4367 in
426 4338 596 4368 manua
615 4330 863 4370 incidisset
880 4330 1175 4373 Constantini
1197 4332 1269 4375 M..
1288 4327 1369 4379 qui
1391 4331 1514 4377 tund
1535 4331 1872 4379 Chrysopolim.
1892 4339 2014 4370 anno
2034 4331 2114 4370 328
2133 4328 2313 4378 proelio
2333 4336 2442 4366 mm
2465 4335 2542 4366 uu-

64 4372 488 4474 ἓξὲῑίῗὲξήιοὶὲτὲρω
522 4383 887 4423 Thessuontccn
924 4388 1096 4427 missua
1130 4387 1217 4431 est.
1252 4388 1305 4425 ut.
1336 4385 1436 4424 illic
1470 4385 1684 4431 privatus
1712 4381 1914 4433 degeret.
1948 4384 2036 4423 sed
2065 4384 2205 4434 paulo
2233 4384 2342 4431 post
2364 4376 2544 4419 milites

2593 4436 2646 4479 f
