2993 4837
542 350 668 413 660
1144 365 1221 410 na
1270 366 1325 411 s.
1378 364 1618 410 somna
1667 365 1705 408 A
1755 362 1952 410 cauce
2000 364 2298 410 confess.
2651 345 2791 409 NOY.
2824 345 2876 405 ti

453 451 765 519 omnium
818 449 1152 518 bonorum
1208 448 1482 537 plausu,
1531 447 1683 515 licet
1731 446 2057 516 fremente
2111 448 2403 516 humani
2447 448 2689 537 generis
2736 447 2885 516 hoste.

458 539 745 608 mirifice
793 539 1215 606 instauratus
1263 549 1327 605 et
1378 559 1495 625 per
1535 537 1927 604 universam
1971 541 2315 625 Europam
2370 560 2498 606 non
2547 539 2676 604 sine
2706 535 2890 623 ingenti

459 629 570 697 Dei
620 627 838 716 gloria
872 625 1166 695 diffusus
1213 639 1335 704 est,
1380 625 1701 714 plurimis
1750 625 2055 693 Teresiae
2107 626 2397 715 virginis
2435 630 2591 695 cura
2628 647 2728 713 per
2754 638 2890 690 totam

456 717 858 803 Hispaniam
910 715 1149 784 erectis
1197 729 1401 800 atque
1453 714 1708 802 optime
1761 714 2092 783 institutis
2140 717 2514 793 coenobiiS,
2575 735 2731 800 quae
2783 714 2890 800 ipse

456 804 668 904 nullis
741 806 912 873 vitae
968 803 1439 895 ,incommodis
1507 816 1571 871 et
1639 802 1962 891 periculis
2038 804 2355 884 territus.
2423 803 2680 893 singula
2745 800 2895 889 perlu-

458 907 718 963 stravit.

545 986 580 1068 ἓ
629 986 719 1052 8.
770 981 894 1050 Ubi
936 1002 1088 1049 vero
1122 980 1526 1049 admiranda
1564 981 1977 1060 innocentia,
2018 981 2302 1050 assidua
2341 1004 2564 1050 rerum
2598 980 2900 1048 divinarum

456 1070 1077 1158 contemplatione,
1141 1070 1521 1158 asperrimo
1597 1071 1766 1137 vitae
1834 1071 2056 1159 rigore
2124 1071 2558 1157 summisque
2622 1068 2903 1137 virtutibus

458 1159 756 1249 inclytus
792 1180 1073 1226 suorum
1130 1158 1331 1226 corda
1368 1159 1434 1225 in
1493 1158 1785 1247 perfecto
1836 1161 1948 1227 Dei
2006 1159 2199 1228 cultu
2253 1159 2705 1246 undequaque
2747 1157 2904 1225 firma·

461 1260 664 1328 verat,
710 1247 860 1314 diro
912 1247 1147 1315 morbo
1195 1258 1259 1314 et
1313 1248 1376 1313 iu
1430 1269 1632 1316 crure
1679 1248 1989 1335 quinque
2042 1247 2262 1337 plagis
2311 1249 2504 1316 sanie
2559 1245 2904 1322 ‹nanantibus

459 1335 955 1426 patientissime
1006 1334 1327 1415 toleratiS,
1370 1348 1549 1404 totus
1602 1336 1667 1404 in
1726 1342 1874 1415 Deo,
1910 1358 2114 1423 quein
2150 1358 2422 1424 semper
2457 1337 2525 1404 in
2561 1336 2748 1405 corde
2776 1346 2900 1417 atquff

456 1448 570 1494 ore
619 1424 992 1502 habuerat,
1048 1423 1270 1501 fixus,
1328 1425 1783 1494 sanctissimis
1831 1425 2172 1493 Ecclesiae
2221 1426 2671 1494 sacramentis
2714 1424 2901 1492 summi

458 1513 591 1582 fide
630 1527 694 1581 et
745 1512 1069 1601 religione
1108 1514 1469 1600 susceptis,
1529 1514 1703 1582 inter
1754 1513 2095 1584 sodalium
2148 1513 2777 1602 collacrymantium
2817 1532 2903 1578 am-

460 1602 721 1690 plexuS,
764 1600 1066 1669 Davidici
1119 1601 1363 1689 psalmi
1415 1602 1775 1682 versiculO,
1835 1608 1908 1671 In
1964 1626 2204 1670 manus
2244 1613 2421 1680 tuas,
2486 1605 2762 1680 Domine,
2799 1621 2905 1666 com-

458 1693 689 1759 mendo
727 1692 1040 1779 spiritum
1087 1713 1346 1767 meum,
1406 1691 1712 1778 piissime
1765 1691 2265 1780 pronunciato,
2322 1691 2436 1758 die
2502 1705 2568 1760 et
2625 1692 2774 1758 hora
2811 1709 2836 1756 a
2872 1710 2904 1752 se

457 1779 873 1868 praedictis,
932 1779 997 1845 in
1054 1779 1321 1846 Ubedae
1381 1780 1734 1859 coenobiO,
1792 1804 1936 1849 xxix
1994 1779 2327 1849 Calendas
2380 1781 2905 1854 daunai-insana}

460 1867 714 1937 Salutis
762 1887 975 1946 nnxci,
1033 1867 1270 1936 aetatis
1326 1891 1501 1947 xcix,
1571 1868 1742 1937 vitae
1795 1868 2257 1937 coenobiticae
2313 1892 2483 1948 xxix,
2552 1867 2904 1956 purissimam

456 1957 706 2025 efflavit
752 1957 1052 2024 animam
1114 1956 1215 2022 vir
1282 1961 1409 2025 Deo
1473 1979 1848 2046 percaruS,
1903 1958 2221 2026 daemoni
2271 1957 2722 2034 formidatus,
2767 1955 2904 2022 animi

458 2046 754 2124 lenitate,
791 2044 1171 2113 constantia
1222 2046 1289 2112 in
1342 2045 1670 2126 adversiS‚
1711 2046 2201 2115 miraculorum
2255 2068 2332 2115 ac
2385 2046 2771 2135 prophetiae
2797 2043 2906 2109 dous

461 2157 578 2224 per
612 2148 817 2202 totam
869 2133 1271 2221 Hispaniam
1310 2132 1621 2213 illustris,
1665 2135 1874 2222 inque
1925 2135 2255 2234 mysticae
2307 2134 2688 2225 theologiae
2723 2129 2907 2202 arcanis

458 2224 711 2312 scripto
758 2220 1182 2311 explicandis
1230 2223 1305 2301 *,
1359 2245 1575 2310 aeque
1643 2245 1722 2292 ac
1797 2228 2108 2303 Teresia,
2178 2223 2513 2292 divinitus
2585 2223 2902 2292 instructus.

456 2335 693 2400 quam,
729 2310 998 2379 decreto
1049 2316 1113 2379 S.
1154 2316 1228 2378 R.
1267 2316 1339 2378 E.
1379 2312 1684 2380 nondum
1737 2311 1955 2381 beatis
1988 2311 2544 2392 adnumeratam,
2591 2313 2733 2402 ipse
2763 2305 2906 2378 sociat

458 2425 582 2503 suo
616 2401 799 2501 ‘inter
833 2411 1104 2471 sanctas
1143 2399 1251 2467 Dei
1305 2400 1628 2490 virgineS,
1669 2423 1747 2469 eo
1789 2401 2175 2491 superstite,
2215 2399 2642 2470 referendam
2693 2415 2907 2491 pronun-

456 2506 681 2558 ctavtt.

545 2582 580 2665 ξ
628 2584 711 2649 4.
765 2578 856 2645 Ad
898 2577 1067 2646 servi
1108 2578 1215 2645 Dei
1268 2578 1571 2657 exuvias,
1611 2579 1803 2647 suavi
1851 2578 2057 2648 odore
2095 2578 2430 2666 perfusas,
2469 2593 2533 2647 et
2577 2592 2784 2667 postea
2814 2593 2906 2641 cor·

459 2667 801 2756 ruptionis
855 2679 1186 2753 expertes,
1226 2665 1544 2735 eumdem
1599 2666 1804 2736 veluti
1858 2667 2128 2757 placido
2178 2689 2422 2736 somno
2471 2668 2758 2757 sopitum
2801 2660 2905 2730 rese

459 2770 703 2834 rentes,
762 2753 996 2854 populi
1051 2777 1166 2823 eas
1222 2754 1597 2823 osculantis
1655 2754 2025 2825 multitudo
2086 2757 2362 2845 copiosa
2424 2756 2764 2825 turmatim
2806 2770 2902 2845 coti·

458 2845 674 2923 fluxit,
715 2856 1001 2911 vestium
1050 2857 1114 2913 et
1163 2844 1380 2932 ipsius
1420 2843 1623 2912 etiam
1661 2845 2059 2933 corpusculi
2105 2845 2501 2932 particulas,
2544 2843 2904 2914 venerationis

460 2932 812 3012 instinctu,
867 2932 1134 3001 auferre
1189 2946 1450 3000 conata.
1510 2934 1701 3001 Tanti
1753 2933 1918 3015 viri,
1972 2955 2176 3019 quem
2236 2935 2505 3003 Teresia
2555 2948 2629 3003 ut
2671 2942 2905 3001 sanctum

459 3034 854 3110 suspexerat
918 3021 1270 3107 sanctique
1341 3021 1563 3111 elogio
1612 3021 2030 3110 compluries
2091 3035 2474 3101 ornaverat,
2531 3023 2824 3091 virtutum
2871 3028 2903 3078 et

462 3109 930 3200 prodigiorum
981 3109 1161 3178 fama
1206 3110 1270 3176 in
1323 3109 1469 3178 dies
1522 3109 2097 3199 percrebescente‚
2137 3124 2324 3211 gesta
2371 3113 2525 3201 ejus
2579 3124 2813 3180 maturo
2834 3105 2906 3192 jn·

457 3199 636 3268 dicio
686 3197 1179 3267 venerabilium
1232 3203 1542 3268 Fratrum
1598 3203 1662 3267 S.
1704 3203 1780 3268 R.
1836 3204 1906 3266 E.
1976 3198 2469 3281 cardinalium,
2512 3200 2765 3270 sedente
2811 3210 2906 3281 piae

458 3287 946 3357 recordationis
994 3288 1346 3356 decessore
1396 3301 1626 3355 nostro
1675 3287 2053 3357 Alexandro
2089 3293 2266 3378 Papa
2311 3294 2446 3368 VII,
2488 3289 2575 3357 ad
2623 3283 2906 3357 canonicos

460 3379 630 3447 ritus
679 3377 992 3445 discussa
1038 3389 1103 3443 et
1153 3376 1434 3464 probata
1483 3375 1806 3456 fuerunt,
1873 3377 2057 3445 unde
2132 3398 2248 3465 per
2294 3378 2549 3446 similis
2623 3370 2906 3446 memoriae

458 3465 819 3534 Clementis
870 3470 1087 3553 Papae
1120 3470 1169 3532 X
1206 3464 1615 3554 apostolicas
1652 3465 1907 3535 litteras
1941 3466 2117 3535 inter
2147 3466 2394 3535 -beatos
2434 3466 2688 3535 relatus
2720 3475 2814 3532 est.

544 3557 580 3641 ξ
627 3562 712 3625 5.
769 3554 967 3623 Novis
1015 3552 1264 3621 deinde
1314 3553 1713 3633 miraculiS,
1786 3568 1935 3643 post
1991 3554 2362 3624 solemnem
2419 3552 2901 3625 beatificationem

455 3644 541 3713 ob
589 3644 737 3730 ejus
773 3643 1013 3712 merita
1043 3664 1081 3710 a
1133 3646 1262 3710 Deo
1301 3643 1604 3731 patratis,
1634 3644 1841 3731 jussu
1889 3645 2267 3713 Innocentii
2304 3649 2523 3734 Papae
2564 3648 2647 3713 XI
2677 3638 2900 3720 undique

452 3732 881 3818 conquisitis,
936 3744 999 3799 et
1037 3752 1265 3799 coram
1321 3732 1519 3800 nobis
1568 3732 1736 3819 ipsis
1789 3754 1907 3822 per
1956 3732 2376 3803 venerabiles
2422 3738 2678 3803 Fratres
2711 3737 2900 3797 nostros

458 3823 524 3888 in
579 3843 859 3889 examen
912 3819 1251 3900 adductiS‚
1307 3842 1386 3888 ac
1427 3821 1632 3889 veteri
1686 3820 2096 3911 disciplinae
2143 3837 2206 3890 et
2264 3823 2601 3912 majorum
2654 3814 2899 3889 constitu·

459 3910 763 3979 tionibus
805 3908 1217 3998 respondere
1270 3930 1386 3997 per
1433 3910 1668 3978 omnia
1707 3911 2098 3998 compertis,
2139 3911 2347 3996 inque
2390 3912 2605 3980 tribus
2652 3904 2896 3977 consiste

459 4000 579 4067 riis
627 4012 691 4067 et
742 3998 1048 4088 plenario
1102 4011 1442 4067 conventu
1505 3998 1902 4068 eorumdem
1957 3998 2448 4068 venerabilium
2503 4004 2782 4067 Fratrum
2819 4007 2893 4057 mr

459 4101 753 4156 strorum
810 4092 872 4156 S.
931 4092 1006 4156 R.
1048 4091 1118 4154 E.
1174 4086 1666 4168 Gai-dinalium,
1729 4102 1930 4174 atque
1977 4089 2178 4156 etiam
2239 4084 2890 4176 Patriarcharumdr·

457 4177 1052 4266 cliiepiscoporum
1104 4190 1168 4245 et
1216 4176 1708 4265 Episcoporum
1751 4175 2108 4269 nobiseum
2165 4176 2234 4244 in
2294 4179 2470 4247 Urbe
2521 4182 2885 4264 praesentium

458 4278 793 4334 conventu
828 4266 953 4334 rite
1006 4266 1381 4355 perpensis,
1428 4266 1747 4334 unanimi
1796 4265 2196 4335 eorumdem
2241 4265 2571 4335 sententia
2611 4283 2716 4352 per
2752 4249 2886 4323 Sedis

514 4428 537 4447 ἱ*
567 4427 792 4473 mysticat·
820 4428 1081 4475 theologiae
1111 4440 1266 4478 opera,
1292 4440 1414 4479 quae
1446 4431 1489 4468 Β.
1519 4432 1723 4471 «Ioannes
1754 4441 1781 4469 a
1799 4431 1946 4471 cruce
1969 4427 2131 4475 edidit.
2148 4430 2245 4473 iuis
2270 4432 2313 4471 S.
2333 4433 2542 4472 Teresian·
2559 4420 2820 4475 aquitanam
2835 4419 2884 4450 *δ’

456 4478 757 4526 tepouuntur.
779 4482 843 4521 Es
860 4482 911 4521 iu
934 4483 1155 4532 gallicum
1174 4494 1452 4530 sermonem.
1473 4494 1597 4524 anno
1619 4485 1731 4530 1⁶94.
1753 4492 1888 4525 versa
1907 4484 2051 4526 fuere.
