2993 4837
43 317 174 383 lOV.
227 317 307 379 49
512 333 591 379 na
638 333 695 379 s.
745 333 1113 391 susanam,
1169 332 1349 381 aneis
1397 331 1766 380 nummatas.
1813 333 1981 381 1211.ss
2303 318 2429 382 607

43 441 194 489 unes
236 416 633 507 singulatim
685 430 751 487 et
796 438 996 487 senos
1049 439 1372 487 nummos
1420 416 1772 497 distribui,
1824 417 2260 503 quorundam
2312 418 2515 488 etiam

43 508 186 577 »edes
231 505 481 587 lavari,
536 506 865 595 ungique.
917 511 1086 575 Tum
1142 505 1416 595 repletis
1465 506 1727 594 ingenti
1781 505 2032 576 laetitia
2084 507 2514 596 pectoribus,

43 596 204 666 mnis
259 593 372 664 ille
432 608 666 664 coetus
723 595 1008 665 sublimi
1069 609 1279 665 cantu
1343 616 1709 684 personare
1769 594 2036 685 coepit:
2101 596 2215 665 cui
2279 609 2515 665 sancta

43 684 227 755 nulier
262 697 327 753 et
358 683 575 752 animi
620 694 687 752 et
733 683 965 753 vultus
1014 682 1356 752 hilaritate
1392 705 1528 753 non
1568 683 1933 753 minimum
1970 696 2071 754 est
2103 683 2465 774 gratulata.

82 775 111 859 ξ
157 777 308 844 ²8.
363 776 526 842 Cum
579 784 806 841 autem
863 771 1216 843 residuum
1274 773 1633 861 pecuniae,
1671 771 1855 841 unde
1894 786 2106 842 semet
2138 786 2521 849 sustentare

43 862 289 941 nabebat,
342 860 558 931 simili
619 861 1041 950 pauperibus
1091 862 1401 950 largitate
1454 860 1876 932 distribuere
1920 874 2269 951 pergeret,
2333 863 2516 949 quod

44 970 105 1019 or
134 950 339 1039 ipsius
372 950 807 1018 vehementer
837 949 920 1018 ad
961 949 1196 1038 inopes
1229 950 1589 1021 dilatatum
1633 963 1850 1029 esset;
1888 951 2203 1040 Magister
2237 948 2515 1020 futurae

43 1038 359 1108 necessitati
386 1038 815 1127 prospiciens
838 1038 1163 1119 inhibuit,
1186 1040 1542 1111 associatis
1567 1041 1630 1109 ei
1657 1037 1976 1108 foeminis
1999 1039 2514 1118 severiusculiS,

43 1149 158 1213 luae
178 1141 236 1197 et
266 1126 442 1196 facta
473 1126 663 1197 illius
703 1128 1042 1197 morosius
1080 1127 1540 1209 observarent,
1578 1142 1642 1197 et
1675 1125 1876 1195 dictis
1913 1148 2045 1195 non
2081 1127 2506 1208 audientem,

43 1238 119 1284 loc
149 1227 262 1298 est,
297 1214 534 1306 egenis
568 1214 771 1296 ultra,
816 1237 1025 1302 quam
1075 1214 1344 1297 licebat,
1398 1216 1660 1304 aliquid
1710 1236 1824 1284 ero
1875 1238 2024 1286 asse
2056 1227 2509 1305 compertam,

43 1303 334 1374 leierrent.
372 1303 602 1374 Deleta
634 1326 811 1385 vero,
849 1303 1205 1374 confestim
1239 1308 1636 1393 comparere
1659 1238 2058 1395 jubessatur,
2096 1317 2162 1374 et
2198 1305 2422 1373 verbis
2454 1318 2522 1373 et

43 1390 205 1482 ›lagis
257 1392 701 1484 castiganda,
763 1393 855 1462 ita
904 1406 978 1463 ut
1033 1394 1236 1463 etiam
1298 1392 1519 1483 alapis
1576 1416 1726 1464 eam
1770 1392 2096 1483 vapulare
2150 1392 2517 1481 aliquoties

43 1482 377 1571 :ontigeritz
431 1503 607 1569 quas
661 1479 779 1550 illa
818 1483 906 1551 ob
958 1481 1494 1552 recordationem
1541 1482 1932 1552 Dominicae
1973 1481 2314 1572 passionis
2364 1502 2513 1570 per·

44 1569 130 1637 ›eti
155 1569 514 1641 admodum
540 1569 904 1659 gaudebat.
939 1576 1144 1640 Jussa
1179 1569 1429 1638 dehinc
1456 1570 1771 1659 singulos
1804 1569 2158 1640 dumtaxat
2190 1591 2516 1639 nummos

43 1657 274 1751 singulis
302 1659 464 1728 dare
545 1659 944 1748 auperibus,
984 1659 1075 1728 ita
1117 1658 1345 1748 paruit
1387 1660 1736 1759 magistr0,
1775 1672 1852 1728 ut
1887 1659 2102 1729 nihilo
2152 1658 2513 1728 remissius

43 1745 402 1817 nisericordi
450 1681 941 1834 ohsequeretur
978 1747 1235 1828 animo,
1289 1746 1456 1815 dum
1499 1761 1677 1817 inter
1728 1746 2063 1837 plurimos
2106 1747 2512 1837 singulatim

43 1837 317 1923 erogabat,
356 1836 541 1924 quod
582 1857 714 1905 non
749 1835 996 1905 licebat
1038 1837 1106 1905 in
1162 1836 1541 1924 pauciores.
1594 1841 1741 1919 Quo
1772 1849 2144 1925 comperto,
2191 1836 2519 1925 magister

43 1921 91 1989 td
134 1938 340 1995 votum
394 1926 633 1994 minus
684 1925 994 2013 parenti,
1051 1946 1496 1994 nummorum
1549 1924 2009 2014 erogationem
2074 1946 2356 2013 prorsus
2413 1925 2519 1993 in-

44 2011 267 2094 erdicit,
319 2035 580 2104 panum
635 2034 790 2083 vero
841 2012 1211 2103 permittit:
1265 2035 1438 2101 quos
1475 2026 1542 2083 et
1575 2014 1760 2102 ipsos
1797 2011 2144 2102 profusius
2192 2013 2517 2082 distribui

43 2114 292 2187 neptus,
329 2102 412 2171 ad
463 2102 838 2171 minutiora
885 2101 1105 2171 frusta
1154 2101 1520 2183 restrinxit,
1559 2123 1717 2172 cum
1772 2101 1964 2192 prius
2012 2101 2256 2191 integri
2308 2101 2519 2191 largi·

43 2203 238 2258 rentur.
288 2196 387 2260 Ita
435 2190 615 2260 mira
665 2189 1159 2271 vicissitudine,
1212 2203 1277 2259 et
1322 2190 1765 2261 exercebatur
1795 2189 2223 2270 obedientia,
2275 2201 2340 2259 et
2390 2189 2519 2256 mi-

43 2275 340 2347 sericordia
375 2279 896 2370 provocabatur.
940 2280 1008 2348 Si
1046 2277 1325 2366 quando
1358 2279 1812 2369 eleemosynis
1842 2278 2208 2369 erogandis
2244 2278 2520 2368 penitus

43 2368 443 2452 supersedere,
503 2367 829 2458 lepraque
869 2382 1238 2449 contactos,
1273 2379 1394 2438 aut
1431 2367 1565 2438 alio
1617 2371 1853 2440 morbo
1901 2366 2203 2438 foedatos
2237 2366 2338 2436 vel
2382 2387 2515 2436 non

45 2454 298 2542 recipere,
339 2459 436 2528 vel
474 2470 782 2546 receptos
818 2457 1063 2528 missos
1096 2456 1317 2527 facere
1355 2458 1755 2546 jubebatur,
1796 2457 2022 2527 videre
2071 2457 2325 2526 mirum
2357 2454 2514 2535 fuit,

45 2552 93 2640 ut
128 2543 434 2635 singulari
489 2546 951 2615 miserationis
999 2547 1244 2616 affectu
1294 2546 1733 2628 discruciata,
1778 2548 1982 2616 etiam
2026 2544 2191 2616 foris
2240 2545 2350 2613 lan
2410 2544 2519 2613 ui-

45 2628 239 2702 liorem
286 2635 597 2725 corporis
646 2634 957 2704 habitum
1012 2634 1397 2724 praeferret.
1452 2636 1761 2706 Timebat
1818 2635 2149 2704 nimirum
2211 2656 2342 2723 pru
2396 2654 2521 2701 ens

45 2722 305 2820 magister
354 2723 801 2794 teneritudini
850 2722 1245 2805 foemineae,
1286 2746 1371 2793 ne
1417 2722 1587 2793 forte
1634 2737 1886 2795 attactu
1916 2737 1979 2793 et
2013 2722 2522 2793 deosculatione

45 2810 575 2883 wuudissimorum
629 2813 942 2882 ulcerum
989 2811 1104 2901 (ad
1142 2811 1321 2898 quod
1374 2834 1551 2902 opus
1602 2813 1774 2883 miro
1822 2835 1901 2882 ac
1951 2811 2288 2900 stupendo
2337 2810 2519 2881 desi·

47 2892 181 2967 ierio
227 2899 595 2989 ferebatur)
634 2901 701 2968 in
755 2901 1070 2969 morbum
1119 2901 1418 2987 aliquem
1473 2900 1824 2970 incideret.
1878 2900 2143 2983 Quibus
2184 2922 2338 2970 vero
2389 2899 2520 2967 mi-

47 2985 388 3080 sericordiae
433 2989 764 3080 operibus
813 2987 1251 3058 interdictum
1302 2990 1360 3059 ei
1416 2989 1584 3058 nihil
1637 3002 1834 3068 esset,
1889 2990 1979 3058 ita
2022 2989 2106 3058 iis
2140 2989 2521 3079 diligentis·

47 3090 234 3173 simam
283 3080 572 3149 navabat
626 3098 903 3168 operam
942 3131 957 3158 ‚
1012 3090 1087 3147 ut
1132 3099 1291 3146 cum
1359 3077 1425 3146 in
1491 3077 1965 3157 xenodochio,
2030 3076 2523 3166 adjuvantibus

48 3162 276 3256 inncilliS,
329 3167 743 3237 infirmiores
792 3167 1069 3246 lavaret,
1128 3166 1479 3236 mundatis
1521 3166 1725 3238 lectos
1773 3177 2150 3246 excuteret,
2194 3179 2398 3252 atque
2451 3164 2518 3233 in

56 3268 98 3315 is
136 3252 512 3337 reclinatos,
567 3255 911 3326 lodicibus
958 3277 1037 3324 ac
1086 3256 1315 3324 stratis
1362 3256 1678 3344 operiret,
1733 3253 2282 3342 frequentissime
2330 3252 2521 3321 dice-

49 3348 145 3404 et:
184 3364 215 3407 «
254 3347 462 3425 Quam
503 3346 673 3415 bene
711 3343 1134 3430 feliciterque
1170 3344 1528 3414 nobiscum
1570 3344 1821 3434 agitur,
1859 3343 2117 3431 quibus
2152 3342 2517 3411 Dominum

50 3444 239 3522 amre,
290 3433 659 3524 detergere,
715 3433 1047 3502 reclinare
1094 3447 1297 3520 atque
1330 3447 1686 3522 contegere
1729 3433 2138 3522 permissum
2174 3444 2364 3500 est.»
2401 3429 2520 3499 Cui

49 3509 355 3613 iliquando
381 3545 459 3592 ex
498 3521 889 3613 pedisequis
922 3543 1102 3591 una:
1159 3545 1194 3588 «
1224 3522 1394 3603 Tibi,
1440 3521 1557 3602 ait,
1604 3543 1761 3591 cum
1801 3518 2283 3610 hujuscemodi
2317 3540 2522 3606 squa-

52 3605 252 3676 eribus
282 3608 445 3681 bene
473 3623 615 3681 est:
652 3624 720 3681 at
757 3610 953 3681 nobis
991 3623 1055 3681 et
1083 3610 1240 3680 aliis
1271 3632 1403 3680 non
1436 3610 1550 3680 ita.
1581 3633 1617 3677 »
1645 3610 2056 3680 Hortabatur
2090 3619 2341 3677 matres
2374 3628 2522 3676 cre-

51 3705 172 3773 ³r02
211 3717 299 3794 ‚ne
346 3712 492 3786 post
538 3701 773 3770 enixos
823 3699 1098 3778 liberos,
1152 3699 1495 3788 baptisma
1545 3721 1817 3769 sacrum
1883 3710 2002 3768 aut
2051 3695 2518 3796 negligerent,

51 3790 129 3845 tut
163 3781 531 3869 differrent;
579 3788 746 3859 illud
788 3810 937 3860 esse
984 3789 1219 3858 dicens
1253 3787 1505 3868 stolidi,
1560 3787 1688 3857 hoc
1736 3785 2199 3877 imprudentis
2247 3806 2514 3864 animm

51 3875 355 3959 atrumque
405 3878 688 3965 periculi
742 3876 1048 3967 plenum.
1103 3877 1407 3945 Infirmis
1452 3897 1751 3964 quoque,
1804 3896 1963 3946 cum
2008 3872 2209 3944 morti
2256 3873 2522 3962 propin·

51 3969 320 4043 luarent,
370 3965 537 4035 adeo
584 3966 873 4036 sollicite
919 3964 1253 4036 suadebat
1281 4019 1296 4046 ,
1349 3977 1414 4034 et
1461 3964 1842 4055 expiandae
1887 3961 2345 4060 conscientiae
2410 3983 2523 4029 va-

53 4057 182 4124 mre,
231 4053 817 4141 Eucharistiaeque
850 4066 913 4123 et
952 4054 1301 4125 Unctionis
1348 4053 1634 4123 ultimae
1674 4064 2101 4123 sacramenta
2143 4070 2518 4140 percipere,

53 4139 106 4226 tlt⁸
126 4135 566 4212 mulierculam
608 4143 984 4231 quandam,
1038 4142 1287 4212 delicta
1333 4142 1641 4212 confiteri
1691 4140 1955 4211 diutius
2004 4140 2517 4218 detrectantem,

53 4227 204 4288 &uam
249 4227 448 4319 virgis
494 4233 659 4304 casti
714 4233 964 4313 averit,
1003 4252 1424 4318 excussoque
1467 4230 1864 4301 verberibus
1908 4227 2366 4320 negligentiae
2413 4249 2523 4297 so·

53 4320 195 4388 fimo,
234 4319 528 4390 consiliis
567 4345 657 4391 au
713 4321 958 4390 ientem
997 4320 1315 4390 effecerit.

113 4394 143 4478 ἓ
184 4403 321 4474 ²⁴1.
369 4410 662 4479 Tandem
712 4432 868 4481 vero
915 4432 1073 4479 cum
1130 4420 1279 4500 post
1326 4408 1687 4486 deductam
1746 4408 1951 4478 vitam
2016 4407 2220 4477 annis
2285 4404 2522 4475 multis
