2993 4837
623 296 750 357 428
1434 312 1512 357 na
1561 312 1614 357 s.
1670 310 1944 357 nmmo
1994 310 2149 355 rara
2728 289 2869 355 NOV.

537 395 926 464 sarracenis
967 394 1467 465 transmissam.
1524 400 1727 464 Porro
1775 393 1858 462 de
1915 395 2201 462 Domina
2248 406 2478 462 nostra
2529 392 2805 481 gloriosa

539 505 790 570 perque
841 484 1099 572 virgine
1155 483 1384 563 Maria,
1421 505 1599 569 quae
1642 483 1999 552 Dominum
2062 505 2141 551 ac
2182 486 2391 551 Deum
2458 495 2757 550 nostrum
2800 479 2904 547 lure

535 572 873 641 Christum
921 572 1200 661 peperit,
1254 594 1460 659 quam
1507 594 1745 641 omnes
1794 571 2009 640 sancti
2058 585 2121 640 et
2163 570 2478 639 catholici
2516 574 2902 659 patres'h-222

533 682 685 741 con,
730 659 795 727 id
846 673 948 729 est
1003 660 1112 728 Dei
1164 660 1612 741 Genitricem‚
1673 659 2066 750 appellant,
2130 658 2298 728 falso
2345 672 2587 728 contra
2639 680 2783 737 me,
2855 687 2922 730 01³.

533 762 766 817 contra
838 770 1000 818 suas
1076 750 1382 837 ipsorum
1448 749 1718 818 animas
1777 748 1996 834 iniqui
2070 749 2196 817 viri
2260 748 2599 817 testificati
2650 761 2817 816 sunt.
2856 750 2926 815 tt:-

532 837 847 924 quisquis
885 839 1147 906 beatam
1187 860 1393 926 super
1422 859 1695 906 omnem
1731 850 2139 917 creaturam,
2177 850 2241 906 et
2290 850 2611 906 naturam
2649 836 2922 904 human

533 927 791 1013 absque
837 948 914 995 eo
961 927 1080 1012 qui
1133 927 1315 993 nasci
1352 925 1678 1013 dignatus
1724 939 1823 996 est
1862 947 1940 994 ex
1971 947 2073 1004 ea,
2113 925 2596 1005 venerabilem,
2657 947 2849 995 sem·-
2895 957 2902 976 ·

536 1015 861 1104 virginem
916 1020 1188 1083 Matrem
1244 1014 1511 1083 Domini
1566 1016 1776 1084 nostri
1826 1037 1958 1082 non
2023 1015 2307 1084 honorat
2345 1028 2551 1100 atque
2593 1014 2836 1091 adorat,
2877 1043 2916 1070 :-

533 1103 760 1170 thema
812 1103 920 1183 sit,
958 1118 1021 1171 et
1077 1103 1142 1171 in
1191 1103 1522 1191 praesenti
1584 1119 1650 1172 et
1704 1103 1771 1170 in
1826 1102 2079 1172 futuro.
2137 1126 2171 1169 »
2220 1102 2498 1172 Talibus
2544 1125 2668 1191 pro
2710 1100 2920 1170 benefi

533 1200 609 1259 ac
647 1191 800 1259 fidei
843 1192 1221 1260 constantia
1269 1212 1458 1260 sacer
1507 1191 1750 1260 Christi
1808 1192 2134 1260 Martinus
2182 1191 2267 1259 de
2314 1191 2697 1279 Apostolira
2748 1190 2920 1259 sede

537 1280 777 1368 pulsus
817 1292 939 1358 est,
982 1281 1157 1350 sicut
1216 1301 1447 1368 passer
1482 1281 1727 1349 unicus
1779 1280 1866 1348 ab
1921 1280 2230 1349 aedilicio
2280 1293 2542 1368 raptus.
2604 1285 2731 1348 Nec
2773 1280 2850 1346 mi
2923 1357 2926 1360 ¹

530 1369 688 1454 quia
746 1369 1072 1437 Dominus
1139 1381 1363 1437 noster
1409 1368 1492 1436 de
1544 1390 1832 1454 nequam
1891 1369 2308 1457 temporibus
2359 1368 2494 1436 illis
2563 1369 2635 1435 in
2698 1373 2912 1449 Evan

534 1455 866 1545 praedixit
905 1456 1268 1539 discipulis
1305 1458 1480 1527 suis:
1520 1463 1754 1535 Erunt,
1798 1457 2042 1543 inquit,
2089 1460 2158 1526 in
2205 1457 2432 1526 diebus
2480 1459 2632 1525 illas·
2681 1458 2917 1525 ινὶὁιιὶι·

531 1569 643 1614 nes
682 1548 850 1613 tales
884 1600 898 1625 ,
955 1548 1189 1648 quales
1234 1569 1360 1614 non
1413 1547 1688 1637 fuerunt
1745 1547 1827 1614 ab
1882 1547 2140 1636 oriye‘ne
2187 1547 2424 1614 mundi
2466 1568 2685 1635 usque
2732 1568 2912 1613 nunc.-

529 1636 666 1701 m'sz'
707 1635 1078 1703 abbreviati
1109 1636 1388 1722 fuissent
1441 1635 1581 1703 dies
1630 1636 1760 1714 illi,
1808 1658 1936 1703 non
2040 1645 2203 1703 osset
2258 1637 2590 1703 sustinere
2651 1635 2849 1703 omnis
2891 1667 2906 1689 ν

527 1723 792 1810 (Μαιιὴ.
831 1722 1049 1810 xx1v):
1088 1721 1214 1791 hoc
1244 1723 1326 1790 ·in
1380 1724 1619 1812 paucis
1668 1721 1750 1791 de
1799 1723 1990 1791 Antio
2046 1723 2207 1791 risto
2255 1722 2531 1791 dicitur.
2575 1728 2744 1791 Nam
2785 1734 2841 1789 et
2919 1751 2924 1774 ε

529 1824 681 1879 ctus
723 1810 975 1879 Paulus
1025 1810 1403 1880 secundum
1456 1811 1682 1880 datam
1721 1812 1850 1882 sibi
1887 1811 2172 1910 gratiam
2228 1811 2547 1899 SpirituS,
2598 1808 2922 1899 pronunt'

530 1898 675 1967 dies
728 1898 880 1967 illos
920 1899 1269 1968 Timotheo
1317 1899 1661 1988 discipulo
1691 1922 1817 1968 suo
1854 1899 2126 1967 dicens:
2174 1904 2252 1967 ln
2282 1901 2666 1968 novissimis
2696 1900 2893 1967 diebus

527 1988 785 2056 scedent
827 1989 1119 2056 homines
1152 2011 1194 2056 a
1238 1990 1392 2077 fide,
1445 2000 1508 2056 ec
1547 2012 1589 2057 a
1622 1990 1901 2057 veritate
1939 1989 2248 2056 auditum
2298 1999 2597 2056 avertent
2630 1989 2873 2077 (Timet.
2908 2013 2918 2044 ι

528 2080 768 2145 Notum
821 2098 983 2166 ergo
1032 2076 1118 2144 sit
1165 2078 1475 2145 omnium
1528 2077 1842 2145 charitati
1895 2075 2243 2157 fidelium,
2294 2077 2455 2163 quia
2505 2078 2642 2147 hoc
2697 2075 2873 2145 m'odo

533 2164 857 2233 nerabilis
921 2165 1211 2233 Pontifex
1279 2166 1606 2233 Martinus
1654 2165 1967 2234 sublatus
2012 2180 2075 2233 et
2121 2165 2408 2234 eductus
2469 2180 2576 2235 est
2643 2188 2686 2235 a
2756 2171 2918 2234 Rom

526 2253 720 2322 urbe.
768 2253 1011 2322 Omnia
1059 2254 1241 2321 enim
1297 2255 1656 2343 praescivit
1707 2277 1824 2342 per
1874 2254 2163 2322 multum
2205 2256 2556 2343 tempori&
2606 2276 2783 2340 quae
2814 2272 2924 2319 con·

529 2342 724 2411 illum
782 2342 1291 2411 meditabantur
1341 2343 1601 2410 inimici
1655 2342 1972 2422 veritatis,
2018 2356 2083 2410 et
2142 2365 2299 2411 cum
2351 2346 2542 2411 omni
2591 2343 2781 2411 Clero
2824 2339 2899 2429 pri

530 2433 645 2499 tim
703 2433 951 2499 mansit
1001 2432 1067 2498 in
1112 2431 1394 2501 ecclesia
1449 2432 1812 2502 Salvatoris
1874 2433 2081 2501 nostri
2138 2438 2302 2500 Jesu
2353 2431 2655 2512 Christi,
2708 2451 2863 2519 quae
2915 2458 2924 2479 ν

527 2521 973 2608 gnominatur
1007 2520 1590 2600 Constantiniana,
1622 2543 1794 2605 quae
1829 2522 2048 2608 prima
2092 2520 2157 2587 in
2197 2533 2329 2588 toto
2366 2522 2631 2589 mundo
2666 2533 2934 2589 consti-u

526 2621 589 2676 et
638 2607 934 2676 stabilita
983 2621 1128 2687 est,
1197 2631 1234 2676 a
1297 2610 1530 2677 beatae
1596 2611 1960 2677 memoriae
2008 2609 2444 2677 Constantino
2492 2614 2902 2698 Imperatore,

525 2709 624 2763 est
664 2696 856 2780 juxta
922 2696 1374 2784 episcopium.
1447 2697 1592 2764 Illic
1653 2698 1833 2764 enim
1902 2699 2295 2766 morabatur
2349 2719 2505 2766 cum
2580 2699 2730 2767 suis
2775 2691 2910 2764 die‘

528 2783 800 2852 Sabbati
841 2784 1116 2870 quando
1168 2785 1349 2854 Calio
1401 2808 1500 2865 aS,
1546 2799 1618 2854 ut
1648 2786 1791 2873 jam
1850 2807 2057 2875 supra
2107 2786 2366 2855 dictum
2402 2799 2526 2864 est,
2575 2809 2736 2855 cum
2790 2789 2912 2852 nav

530 2873 665 2939 nati
716 2873 1013 2941 exercitu
1051 2886 1115 2942 et
1148 2876 1325 2942 Theo
1377 2896 1494 2942 oro
1528 2874 1952 2943 cubiculario
1985 2876 2320 2943 civitatem
2358 2875 2688 2944 introivit.
2724 2873 2879 2941 Misit
2907 2914 2911 2919 -

529 2975 655 3028 tem
697 2959 761 3026 in
798 2960 1063 3029 obviam
1098 2962 1245 3050 ejus
1278 2962 1611 3049 quosdam
1649 2984 1727 3030 ex
1759 2962 1968 3043 Clero,
1998 2964 2251 3050 quibus
2288 2962 2354 3029 in
2397 2963 2653 3052 palatio
2687 2980 2897 3046 suscep

524 3048 998 3118 aestimavitet
1046 3055 1293 3139 Papam
1346 3072 1502 3119 cum
1559 3049 1694 3118 illis
1742 3052 2002 3121 adesse:
2057 3074 2215 3121 cum
2268 3064 2494 3120 autem
2550 3051 2913 3138 quaesisset,

527 3158 660 3205 non
714 3137 1124 3217 invenisset,
1192 3139 1361 3208 dixit
1411 3138 1655 3227 primis
1703 3139 1919 3207 Cleri:
1989 3165 2023 3206 «
2094 3146 2224 3209 Nos
2278 3139 2628 3209 voluimus
2689 3137 2930 3207 domin

525 3225 978 3313 Apostolicum
1030 3227 1335 3307 adorare,
1383 3227 1499 3295 sed
1549 3248 1700 3296 cras
1754 3230 2096 3297 Dominica
2159 3229 2269 3296 die
2316 3228 2498 3296 obvii
2549 3229 2612 3297 ei
2661 3228 2915 3316 erimus*

525 3315 982 3385 salutabimus
1030 3338 1212 3400 eum,
1275 3316 1435 3403 quia
1472 3316 1673 3385 hodie
1715 3339 1846 3386 non
1900 3317 2305 3387 sufficimus.
2355 3341 2389 3383 »
2436 3321 2647 3385 Porro
2698 3311 2938 3402 Domini)

523 3404 657 3481 die,
713 3403 890 3472 datis
941 3405 1296 3473 Missarum
1364 3405 1741 3480 solemniis,
1780 3407 1843 3472 in
1894 3405 2234 3493 praedicta
2283 3417 2513 3475 sancta
2568 3406 2684 3473 Dei
2731 3400 2923 3494 eccles!

523 3493 913 3582 suspicatus
961 3506 1061 3561 est
1124 3494 1467 3561 Exarchus
1519 3493 1784 3561 turbam
1842 3494 2121 3562 multam
2196 3506 2468 3582 propter
2514 3493 2695 3562 diem
2750 3496 2931 3558 Domtss

523 3604 671 3649 cam
725 3582 1130 3658 convenire,
1191 3595 1254 3649 et
1299 3580 1385 3649 ob
1448 3582 1573 3649 hoc
1629 3582 2048 3650 remandavit
2120 3581 2312 3650 beato
2372 3583 2702 3659 Martino‚
2755 3578 2939 3666 dicens

523 3692 558 3734 «
612 3671 782 3750 Quia
837 3668 1126 3737 multum
1164 3669 1424 3758 fatigati
1460 3693 1701 3738 sumus
1741 3693 1820 3738 ex
1863 3671 2121 3748 itinere,
2167 3683 2232 3739 et
2275 3691 2404 3738 non
2442 3689 2802 3758 possumus
2830 3657 2944 3732 hodi

521 3779 899 3835 occurrere,
942 3780 1093 3826 cras
1131 3759 1311 3825 enim
1355 3758 1773 3826 omnimodis
1806 3780 2269 3828 occurremus,
2318 3782 2353 3824 »

608 3848 643 3931 ξ
696 3852 821 3917 u.
868 3850 1024 3914 Erat
1070 3859 1292 3914 autem
1360 3859 1643 3915 sanctus
1694 3847 1966 3935 praesul
2022 3862 2179 3916 tunc
2230 3848 2419 3936 gravi
2484 3769 2944 3989 infirmitate&

523 3947 770 4012 tentuS,
811 3935 895 4003 ab
930 3936 1243 4004 Octobrio
1291 3935 1553 4003 scilicet
1604 3957 1832 4005 mense
1865 3959 2083 4022 usque
2131 3931 2211 4003 ad
2268 3948 2537 4023 tempus
2580 3932 2766 4009 illud,
2800 3927 2852 3996 id
2912 3943 2923 3952 “

522 4045 740 4109 usque
780 4023 862 4090 ad
921 4023 1536 4092 sextumdecimum
1596 4024 1923 4093 Calendas
1969 4024 2138 4093 Julii
2185 4024 2239 4092 ’ἃ
2304 4028 2476 4112 Ergo
2525 4023 2688 4092 feria
2732 4005 2942 4114 secund!

519 4111 827 4179 diluculo
879 4112 1065 4179 misit
1094 4111 1590 4205 chartularium
1628 4112 1695 4145 ’μ’
1738 4135 1939 4182 suum
1975 4126 2039 4181 et
2076 4112 2410 4199 quosdam
2447 4134 2520 4180 ex
2562 4114 2899 4193 obsequias

520 4199 601 4266 ad
656 4204 931 4286 Papam,
980 4200 1260 4268 dicens:
1317 4223 1349 4264 «
1403 4203 1575 4282 Quia
1617 4223 1805 4270 arma
1863 4202 2321 4290 praeparasti,
2376 4213 2439 4268 et
2488 4211 2766 4268 armatos
2808 4191 2873 4285 [ιρι

521 4286 726 4363 intuS‚
765 4300 828 4354 et
871 4288 1379 4357 multitudinem
1435 4289 1743 4378 lapidum
1794 4290 2125 4380 collegisti
2166 4289 2247 4357 ad
2295 4286 2815 4379 repugnandum,
2851 4273 2899 4342 ¹1¹

577 4413 598 4434 ⁸
627 4414 757 4450 Anno
786 4413 875 4452 653.
1301 4414 1352 4440 ¹⁸⁰
1379 4415 1506 4456 idest
1527 4418 1606 4465 qui
1624 4416 1892 4457 tab-dariam·
1911 4418 1986 4456 vel
2006 4417 2244 4456 archivium
2265 4415 2568 4456 custodiebat.
