<?xml version="1.0" encoding="UTF-8"?>
<!DOCTYPE html PUBLIC "-//W3C//DTD XHTML 1.0 Transitional//EN"
    "http://www.w3.org/TR/xhtml1/DTD/xhtml1-transitional.dtd">
<html xmlns="http://www.w3.org/1999/xhtml" xml:lang="en" lang="en">
 <head>
  <title>
</title>
<meta http-equiv="Content-Type" content="text/html;charset=utf-8" />
  <meta name='ocr-system' content='tesseract 3.04.00' />
  <meta name='ocr-capabilities' content='ocr_page ocr_carea ocr_par ocr_line ocrx_word'/>
</head>
<body>
  <div class='ocr_page' id='page_1' title='image "./historiaeseuvit05lippgoog_0481.png"; bbox 0 0 2993 4837; ppageno 0'>
   <div class='ocr_carea' id='block_1_1' title="bbox 60 314 2443 381">
    <p class='ocr_par' dir='ltr' id='par_1_1' title="bbox 60 314 2443 381">
     <span class='ocr_line' id='line_1_1' title="bbox 60 314 2443 381; baseline -0.001 0"><span class='ocrx_word' id='word_1_1' title='bbox 60 314 194 381; x_wconf 60' lang='grc' dir='ltr'>ΠΟΥ.</span> <span class='ocrx_word' id='word_1_2' title='bbox 251 315 321 378; x_wconf 78' lang='grc'>13</span> <span class='ocrx_word' id='word_1_3' title='bbox 863 333 941 378; x_wconf 72' lang='lat' dir='ltr'>nr:</span> <span class='ocrx_word' id='word_1_4' title='bbox 989 333 1043 378; x_wconf 86' lang='lat' dir='ltr'>s.</span> <span class='ocrx_word' id='word_1_5' title='bbox 1099 332 1324 379; x_wconf 63' lang='lat' dir='ltr'>nicaeo</span> <span class='ocrx_word' id='word_1_6' title='bbox 1373 332 1673 380; x_wconf 69' lang='lat' dir='ltr'>conrssss.</span> <span class='ocrx_word' id='word_1_7' title='bbox 2329 318 2443 381; x_wconf 69' lang='lat'>441</span> 
     </span>
    </p>
   </div>
   <div class='ocr_carea' id='block_1_2' title="bbox 33 416 2543 2726">
    <p class='ocr_par' dir='ltr' id='par_1_2' title="bbox 33 416 2543 2726">
     <span class='ocr_line' id='line_1_2' title="bbox 156 416 2537 506; baseline 0.001 -22"><span class='ocrx_word' id='word_1_8' title='bbox 156 416 461 486; x_wconf 88' lang='lat' dir='ltr'>stolorum</span> <span class='ocrx_word' id='word_1_9' title='bbox 514 416 900 506; x_wconf 83' lang='lat' dir='ltr'>principem</span> <span class='ocrx_word' id='word_1_10' title='bbox 952 422 1248 498; x_wconf 89' lang='lat' dir='ltr'>Petrum,</span> <span class='ocrx_word' id='word_1_11' title='bbox 1297 417 1410 487; x_wconf 90' lang='lat' dir='ltr'>cui</span> <span class='ocrx_word' id='word_1_12' title='bbox 1462 429 1690 506; x_wconf 88' lang='lat' dir='ltr'>petrae</span> <span class='ocrx_word' id='word_1_13' title='bbox 1746 416 2137 486; x_wconf 88' lang='lat' dir='ltr'>firmitatem</span> <span class='ocrx_word' id='word_1_14' title='bbox 2188 416 2410 497; x_wconf 82' lang='lat' dir='ltr'>dedit,</span> <span class='ocrx_word' id='word_1_15' title='bbox 2468 418 2537 487; x_wconf 93' lang='lat' dir='ltr'>in</span> 
     </span>
     <span class='ocr_line' id='line_1_3' title="bbox 137 504 2540 596; baseline 0.001 -23"><span class='ocrx_word' id='word_1_16' title='bbox 137 510 278 595; x_wconf 90' lang='lat' dir='ltr'>Ipso</span> <span class='ocrx_word' id='word_1_17' title='bbox 321 526 594 574; x_wconf 88' lang='lat' dir='ltr'>summo</span> <span class='ocrx_word' id='word_1_18' title='bbox 642 505 964 595; x_wconf 88' lang='lat' dir='ltr'>angulari</span> <span class='ocrx_word' id='word_1_19' title='bbox 1002 504 1231 594; x_wconf 90' lang='lat' dir='ltr'>lapide</span> <span class='ocrx_word' id='word_1_20' title='bbox 1260 528 1300 574; x_wconf 92' lang='lat' dir='ltr'>a</span> <span class='ocrx_word' id='word_1_21' title='bbox 1331 506 1746 575; x_wconf 82' lang='lat' dir='ltr'>christianae</span> <span class='ocrx_word' id='word_1_22' title='bbox 1793 506 1955 575; x_wconf 89' lang='lat' dir='ltr'>fidei</span> <span class='ocrx_word' id='word_1_23' title='bbox 1991 507 2388 596; x_wconf 87' lang='lat' dir='ltr'>primordiis</span> <span class='ocrx_word' id='word_1_24' title='bbox 2428 529 2540 576; x_wconf 88' lang='lat' dir='ltr'>ae-</span> 
     </span>
     <span class='ocr_line' id='line_1_4' title="bbox 89 593 2541 684; baseline 0 -21"><span class='ocrx_word' id='word_1_25' title='bbox 89 593 98 605; x_wconf 83' lang='grc'>’</span> <span class='ocrx_word' id='word_1_26' title='bbox 140 594 343 674; x_wconf 85' lang='lat' dir='ltr'>cavit,</span> <span class='ocrx_word' id='word_1_27' title='bbox 395 605 458 663; x_wconf 90' lang='lat' dir='ltr'>et</span> <span class='ocrx_word' id='word_1_28' title='bbox 521 616 744 682; x_wconf 92' lang='lat' dir='ltr'>usque</span> <span class='ocrx_word' id='word_1_29' title='bbox 790 594 874 662; x_wconf 92' lang='lat' dir='ltr'>ad</span> <span class='ocrx_word' id='word_1_30' title='bbox 927 594 1141 664; x_wconf 89' lang='lat' dir='ltr'>seculi</span> <span class='ocrx_word' id='word_1_31' title='bbox 1191 595 1855 664; x_wconf 78' lang='lat' dir='ltr'>consummationem</span> <span class='ocrx_word' id='word_1_32' title='bbox 1910 617 2028 684; x_wconf 90' lang='lat' dir='ltr'>per</span> <span class='ocrx_word' id='word_1_33' title='bbox 2085 617 2326 664; x_wconf 84' lang='lat' dir='ltr'>omnes</span> <span class='ocrx_word' id='word_1_34' title='bbox 2376 607 2541 664; x_wconf 91' lang='lat' dir='ltr'>tem-</span> 
     </span>
     <span class='ocr_line' id='line_1_5' title="bbox 117 682 2542 769; baseline 0.001 -20"><span class='ocrx_word' id='word_1_35' title='bbox 117 704 247 750; x_wconf 86' lang='lat' dir='ltr'>rum</span> <span class='ocrx_word' id='word_1_36' title='bbox 288 694 536 752; x_wconf 86' lang='lat' dir='ltr'>aetates</span> <span class='ocrx_word' id='word_1_37' title='bbox 589 683 994 751; x_wconf 88' lang='lat' dir='ltr'>mirabiliter</span> <span class='ocrx_word' id='word_1_38' title='bbox 1042 704 1314 769; x_wconf 82' lang='lat' dir='ltr'>semper</span> <span class='ocrx_word' id='word_1_39' title='bbox 1361 682 1699 752; x_wconf 86' lang='lat' dir='ltr'>aedificat.</span> <span class='ocrx_word' id='word_1_40' title='bbox 1750 684 2066 753; x_wconf 90' lang='lat' dir='ltr'>Divinum</span> <span class='ocrx_word' id='word_1_41' title='bbox 2120 706 2274 753; x_wconf 87' lang='lat' dir='ltr'>vero</span> <span class='ocrx_word' id='word_1_42' title='bbox 2323 684 2542 752; x_wconf 90' lang='lat' dir='ltr'>admi-</span> 
     </span>
     <span class='ocr_line' id='line_1_6' title="bbox 101 770 2543 862; baseline 0 -23"><span class='ocrx_word' id='word_1_43' title='bbox 101 770 238 841; x_wconf 87' lang='lat' dir='ltr'>bilis</span> <span class='ocrx_word' id='word_1_44' title='bbox 286 772 494 861; x_wconf 72' lang='lat' dir='ltr'>huJus</span> <span class='ocrx_word' id='word_1_45' title='bbox 517 771 1020 844; x_wconf 84' lang='lat' dir='ltr'>aedificationis</span> <span class='ocrx_word' id='word_1_46' title='bbox 1052 772 1448 852; x_wconf 86' lang='lat' dir='ltr'>artificium,</span> <span class='ocrx_word' id='word_1_47' title='bbox 1487 793 1610 841; x_wconf 89' lang='lat' dir='ltr'>nec</span> <span class='ocrx_word' id='word_1_48' title='bbox 1638 774 1875 842; x_wconf 84' lang='lat' dir='ltr'>inflata</span> <span class='ocrx_word' id='word_1_49' title='bbox 1916 772 2157 841; x_wconf 90' lang='lat' dir='ltr'>mundi</span> <span class='ocrx_word' id='word_1_50' title='bbox 2206 773 2543 862; x_wconf 76' lang='lat' dir='ltr'>sapientia</span> 
     </span>
     <span class='ocr_line' id='line_1_7' title="bbox 33 860 2535 951; baseline 0 -22"><span class='ocrx_word' id='word_1_51' title='bbox 33 861 206 947; x_wconf 55' lang='lat' dir='ltr'>rapit,</span> <span class='ocrx_word' id='word_1_52' title='bbox 257 882 374 928; x_wconf 89' lang='lat' dir='ltr'>nec</span> <span class='ocrx_word' id='word_1_53' title='bbox 423 874 695 929; x_wconf 89' lang='lat' dir='ltr'>terrena</span> <span class='ocrx_word' id='word_1_54' title='bbox 750 872 814 929; x_wconf 93' lang='lat' dir='ltr'>et</span> <span class='ocrx_word' id='word_1_55' title='bbox 870 860 1170 931; x_wconf 88' lang='lat' dir='ltr'>carnalis</span> <span class='ocrx_word' id='word_1_56' title='bbox 1235 860 1598 951; x_wconf 89' lang='lat' dir='ltr'>prudentia</span> <span class='ocrx_word' id='word_1_57' title='bbox 1655 861 1798 930; x_wconf 92' lang='lat' dir='ltr'>ullo</span> <span class='ocrx_word' id='word_1_58' title='bbox 1849 861 2049 930; x_wconf 90' lang='lat' dir='ltr'>modo</span> <span class='ocrx_word' id='word_1_59' title='bbox 2104 862 2535 948; x_wconf 88' lang='lat' dir='ltr'>assequitur;</span> 
     </span>
     <span class='ocr_line' id='line_1_8' title="bbox 35 946 2542 1040; baseline 0.002 -26"><span class='ocrx_word' id='word_1_60' title='bbox 35 946 254 1033; x_wconf 65' lang='lat' dir='ltr'>{diaboli</span> <span class='ocrx_word' id='word_1_61' title='bbox 299 962 528 1018; x_wconf 91' lang='lat' dir='ltr'>autem</span> <span class='ocrx_word' id='word_1_62' title='bbox 565 949 818 1018; x_wconf 90' lang='lat' dir='ltr'>astutia</span> <span class='ocrx_word' id='word_1_63' title='bbox 842 961 905 1018; x_wconf 91' lang='lat' dir='ltr'>et</span> <span class='ocrx_word' id='word_1_64' title='bbox 939 950 1261 1040; x_wconf 89' lang='lat' dir='ltr'>superbia</span> <span class='ocrx_word' id='word_1_65' title='bbox 1294 949 1785 1019; x_wconf 78' lang='lat' dir='ltr'>contremiscit.</span> <span class='ocrx_word' id='word_1_66' title='bbox 1825 951 2161 1019; x_wconf 84' lang='lat' dir='ltr'>Nimirum</span> <span class='ocrx_word' id='word_1_67' title='bbox 2214 950 2542 1036; x_wconf 84' lang='lat' dir='ltr'>quemad-</span> 
     </span>
     <span class='ocr_line' id='line_1_9' title="bbox 41 1036 2539 1129; baseline 0.002 -27"><span class='ocrx_word' id='word_1_68' title='bbox 41 1036 278 1106; x_wconf 89' lang='lat' dir='ltr'>modum</span> <span class='ocrx_word' id='word_1_69' title='bbox 324 1059 401 1106; x_wconf 83' lang='lat' dir='ltr'>ex</span> <span class='ocrx_word' id='word_1_70' title='bbox 436 1037 864 1127; x_wconf 85' lang='lat' dir='ltr'>pauperibus</span> <span class='ocrx_word' id='word_1_71' title='bbox 909 1051 974 1106; x_wconf 88' lang='lat' dir='ltr'>et</span> <span class='ocrx_word' id='word_1_72' title='bbox 1010 1039 1421 1129; x_wconf 91' lang='lat' dir='ltr'>contemptis</span> <span class='ocrx_word' id='word_1_73' title='bbox 1470 1039 1880 1127; x_wconf 89' lang='lat' dir='ltr'>plerumque</span> <span class='ocrx_word' id='word_1_74' title='bbox 1931 1039 2353 1120; x_wconf 84' lang='lat' dir='ltr'>hominibuS,</span> <span class='ocrx_word' id='word_1_75' title='bbox 2407 1039 2539 1108; x_wconf 89' lang='lat' dir='ltr'>hu-</span> 
     </span>
     <span class='ocr_line' id='line_1_10' title="bbox 35 1124 2538 1215; baseline 0.002 -23"><span class='ocrx_word' id='word_1_76' title='bbox 35 1124 158 1203; x_wconf 81' lang='lat' dir='ltr'>mili</span> <span class='ocrx_word' id='word_1_77' title='bbox 198 1138 256 1194; x_wconf 90' lang='lat' dir='ltr'>et</span> <span class='ocrx_word' id='word_1_78' title='bbox 301 1126 598 1196; x_wconf 92' lang='lat' dir='ltr'>obscuro</span> <span class='ocrx_word' id='word_1_79' title='bbox 647 1127 795 1195; x_wconf 90' lang='lat' dir='ltr'>loco</span> <span class='ocrx_word' id='word_1_80' title='bbox 845 1127 1066 1209; x_wconf 91' lang='lat' dir='ltr'>natis,</span> <span class='ocrx_word' id='word_1_81' title='bbox 1123 1127 1334 1198; x_wconf 90' lang='lat' dir='ltr'>nullis</span> <span class='ocrx_word' id='word_1_82' title='bbox 1382 1127 1685 1209; x_wconf 78' lang='lat' dir='ltr'>artibuS,</span> <span class='ocrx_word' id='word_1_83' title='bbox 1755 1127 1948 1197; x_wconf 91' lang='lat' dir='ltr'>nulla</span> <span class='ocrx_word' id='word_1_84' title='bbox 1994 1127 2383 1215; x_wconf 84' lang='lat' dir='ltr'>eloquentia</span> <span class='ocrx_word' id='word_1_85' title='bbox 2431 1128 2538 1196; x_wconf 89' lang='lat' dir='ltr'>in·-</span> 
     </span>
     <span class='ocr_line' id='line_1_11' title="bbox 35 1215 2532 1316; baseline 0.003 -37"><span class='ocrx_word' id='word_1_86' title='bbox 35 1215 292 1295; x_wconf 44' lang='lat' dir='ltr'>‘structis‚</span> <span class='ocrx_word' id='word_1_87' title='bbox 338 1215 534 1285; x_wconf 92' lang='lat' dir='ltr'>nullo</span> <span class='ocrx_word' id='word_1_88' title='bbox 583 1215 880 1301; x_wconf 87' lang='lat' dir='ltr'>denique</span> <span class='ocrx_word' id='word_1_89' title='bbox 913 1216 1252 1284; x_wconf 85' lang='lat' dir='ltr'>humanae</span> <span class='ocrx_word' id='word_1_90' title='bbox 1303 1218 1641 1316; x_wconf 89' lang='lat' dir='ltr'>potentiae</span> <span class='ocrx_word' id='word_1_91' title='bbox 1672 1217 2012 1305; x_wconf 88' lang='lat' dir='ltr'>praesidio</span> <span class='ocrx_word' id='word_1_92' title='bbox 2060 1217 2532 1297; x_wconf 78' lang='lat' dir='ltr'>communitiS,</span> 
     </span>
     <span class='ocr_line' id='line_1_12' title="bbox 35 1302 2532 1396; baseline 0.002 -27"><span class='ocrx_word' id='word_1_93' title='bbox 35 1302 337 1389; x_wconf 70' lang='lat' dir='ltr'>&#39;tamquam</span> <span class='ocrx_word' id='word_1_94' title='bbox 388 1326 469 1373; x_wconf 79' lang='lat' dir='ltr'>ex</span> <span class='ocrx_word' id='word_1_95' title='bbox 521 1304 807 1394; x_wconf 87' lang='lat' dir='ltr'>abjectis</span> <span class='ocrx_word' id='word_1_96' title='bbox 867 1316 931 1373; x_wconf 91' lang='lat' dir='ltr'>et</span> <span class='ocrx_word' id='word_1_97' title='bbox 981 1305 1357 1394; x_wconf 78' lang='lat' dir='ltr'>reprobatis</span> <span class='ocrx_word' id='word_1_98' title='bbox 1421 1305 1808 1396; x_wconf 79' lang='lat' dir='ltr'>lapidibus,</span> <span class='ocrx_word' id='word_1_99' title='bbox 1863 1319 2048 1374; x_wconf 91' lang='lat' dir='ltr'>tanta</span> <span class='ocrx_word' id='word_1_100' title='bbox 2111 1306 2227 1376; x_wconf 84' lang='lat' dir='ltr'>fiat</span> <span class='ocrx_word' id='word_1_101' title='bbox 2278 1306 2532 1385; x_wconf 78' lang='lat' dir='ltr'>moleS‚</span> 
     </span>
     <span class='ocr_line' id='line_1_13' title="bbox 37 1392 2531 1480; baseline 0.002 -23"><span class='ocrx_word' id='word_1_102' title='bbox 37 1397 149 1458; x_wconf 73' lang='lat' dir='ltr'>tam</span> <span class='ocrx_word' id='word_1_103' title='bbox 215 1392 490 1480; x_wconf 89' lang='lat' dir='ltr'>pulcra,</span> <span class='ocrx_word' id='word_1_104' title='bbox 555 1405 694 1463; x_wconf 89' lang='lat' dir='ltr'>tam</span> <span class='ocrx_word' id='word_1_105' title='bbox 743 1404 1027 1471; x_wconf 88' lang='lat' dir='ltr'>ornata,</span> <span class='ocrx_word' id='word_1_106' title='bbox 1082 1405 1218 1462; x_wconf 87' lang='lat' dir='ltr'>tam</span> <span class='ocrx_word' id='word_1_107' title='bbox 1277 1394 1515 1474; x_wconf 80' lang='lat' dir='ltr'>fortiS‚</span> <span class='ocrx_word' id='word_1_108' title='bbox 1593 1408 1727 1463; x_wconf 91' lang='lat' dir='ltr'>tam</span> <span class='ocrx_word' id='word_1_109' title='bbox 1792 1395 2082 1474; x_wconf 78' lang='lat' dir='ltr'>stabilis,</span> <span class='ocrx_word' id='word_1_110' title='bbox 2154 1396 2221 1463; x_wconf 89' lang='lat' dir='ltr'>in</span> <span class='ocrx_word' id='word_1_111' title='bbox 2274 1408 2531 1464; x_wconf 89' lang='lat' dir='ltr'>tantam</span> 
     </span>
     <span class='ocr_line' id='line_1_14' title="bbox 41 1475 2538 1572; baseline 0.002 -26"><span class='ocrx_word' id='word_1_112' title='bbox 41 1475 269 1550; x_wconf 80' lang='lat' dir='ltr'>demum</span> <span class='ocrx_word' id='word_1_113' title='bbox 318 1494 697 1572; x_wconf 82' lang='lat' dir='ltr'>consurgat</span> <span class='ocrx_word' id='word_1_114' title='bbox 749 1481 1209 1562; x_wconf 82' lang='lat' dir='ltr'>altitudinem,</span> <span class='ocrx_word' id='word_1_115' title='bbox 1258 1496 1333 1552; x_wconf 91' lang='lat' dir='ltr'>ut</span> <span class='ocrx_word' id='word_1_116' title='bbox 1383 1483 1571 1572; x_wconf 88' lang='lat' dir='ltr'>ipsae</span> <span class='ocrx_word' id='word_1_117' title='bbox 1612 1483 1989 1552; x_wconf 88' lang='lat' dir='ltr'>inferorum</span> <span class='ocrx_word' id='word_1_118' title='bbox 2057 1497 2333 1572; x_wconf 90' lang='lat' dir='ltr'>portae,</span> <span class='ocrx_word' id='word_1_119' title='bbox 2387 1484 2538 1572; x_wconf 87' lang='lat' dir='ltr'>ejus</span> 
     </span>
     <span class='ocr_line' id='line_1_15' title="bbox 41 1568 2535 1659; baseline 0.002 -24"><span class='ocrx_word' id='word_1_120' title='bbox 41 1568 210 1637; x_wconf 74' lang='lat' dir='ltr'>robur</span> <span class='ocrx_word' id='word_1_121' title='bbox 237 1592 310 1639; x_wconf 90' lang='lat' dir='ltr'>ac</span> <span class='ocrx_word' id='word_1_122' title='bbox 345 1571 866 1640; x_wconf 85' lang='lat' dir='ltr'>firmamentum</span> <span class='ocrx_word' id='word_1_123' title='bbox 919 1573 1459 1659; x_wconf 86' lang='lat' dir='ltr'>perhorrescant.</span> <span class='ocrx_word' id='word_1_124' title='bbox 1504 1572 1627 1641; x_wconf 88' lang='lat' dir='ltr'>Sed</span> <span class='ocrx_word' id='word_1_125' title='bbox 1681 1572 1826 1641; x_wconf 90' lang='lat' dir='ltr'>viae</span> <span class='ocrx_word' id='word_1_126' title='bbox 1860 1573 1974 1641; x_wconf 87' lang='lat' dir='ltr'>Dei</span> <span class='ocrx_word' id='word_1_127' title='bbox 2007 1594 2139 1641; x_wconf 90' lang='lat' dir='ltr'>non</span> <span class='ocrx_word' id='word_1_128' title='bbox 2191 1586 2353 1642; x_wconf 91' lang='lat' dir='ltr'>sunt</span> <span class='ocrx_word' id='word_1_129' title='bbox 2388 1574 2535 1641; x_wconf 89' lang='lat' dir='ltr'>viae</span> 
     </span>
     <span class='ocr_line' id='line_1_16' title="bbox 41 1650 2538 1751; baseline 0.002 -27"><span class='ocrx_word' id='word_1_130' title='bbox 41 1650 374 1740; x_wconf 86' lang='lat' dir='ltr'>hominum,</span> <span class='ocrx_word' id='word_1_131' title='bbox 429 1683 561 1730; x_wconf 91' lang='lat' dir='ltr'>nec</span> <span class='ocrx_word' id='word_1_132' title='bbox 610 1660 1054 1750; x_wconf 89' lang='lat' dir='ltr'>cogitationes</span> <span class='ocrx_word' id='word_1_133' title='bbox 1103 1661 1253 1750; x_wconf 88' lang='lat' dir='ltr'>ejus</span> <span class='ocrx_word' id='word_1_134' title='bbox 1287 1661 1467 1731; x_wconf 91' lang='lat' dir='ltr'>sicut</span> <span class='ocrx_word' id='word_1_135' title='bbox 1496 1660 1942 1751; x_wconf 89' lang='lat' dir='ltr'>cogitationes</span> <span class='ocrx_word' id='word_1_136' title='bbox 1990 1683 2253 1730; x_wconf 90' lang='lat' dir='ltr'>eorum.</span> <span class='ocrx_word' id='word_1_137' title='bbox 2304 1666 2538 1748; x_wconf 87' lang='lat' dir='ltr'>Itaque</span> 
     </span>
     <span class='ocr_line' id='line_1_17' title="bbox 40 1748 2530 1838; baseline 0.002 -26"><span class='ocrx_word' id='word_1_138' title='bbox 40 1760 142 1813; x_wconf 76' lang='lat' dir='ltr'>non</span> <span class='ocrx_word' id='word_1_139' title='bbox 172 1748 357 1817; x_wconf 89' lang='lat' dir='ltr'>multi</span> <span class='ocrx_word' id='word_1_140' title='bbox 403 1749 754 1838; x_wconf 88' lang='lat' dir='ltr'>sapientes</span> <span class='ocrx_word' id='word_1_141' title='bbox 793 1749 1174 1817; x_wconf 89' lang='lat' dir='ltr'>secundum</span> <span class='ocrx_word' id='word_1_142' title='bbox 1216 1771 1516 1827; x_wconf 86' lang='lat' dir='ltr'>carnem,</span> <span class='ocrx_word' id='word_1_143' title='bbox 1574 1772 1707 1817; x_wconf 90' lang='lat' dir='ltr'>non</span> <span class='ocrx_word' id='word_1_144' title='bbox 1763 1750 1958 1819; x_wconf 91' lang='lat' dir='ltr'>multi</span> <span class='ocrx_word' id='word_1_145' title='bbox 2013 1763 2339 1838; x_wconf 85' lang='lat' dir='ltr'>potentes,</span> <span class='ocrx_word' id='word_1_146' title='bbox 2398 1771 2530 1818; x_wconf 88' lang='lat' dir='ltr'>non</span> 
     </span>
     <span class='ocr_line' id='line_1_18' title="bbox 41 1833 2533 1925; baseline 0.003 -25"><span class='ocrx_word' id='word_1_147' title='bbox 41 1833 199 1903; x_wconf 80' lang='lat' dir='ltr'>multi</span> <span class='ocrx_word' id='word_1_148' title='bbox 243 1838 529 1918; x_wconf 91' lang='lat' dir='ltr'>nobiles,</span> <span class='ocrx_word' id='word_1_149' title='bbox 569 1838 684 1907; x_wconf 69' lang='lat' dir='ltr'>sed</span> <span class='ocrx_word' id='word_1_150' title='bbox 736 1859 911 1925; x_wconf 89' lang='lat' dir='ltr'>quae</span> <span class='ocrx_word' id='word_1_151' title='bbox 944 1837 1150 1908; x_wconf 90' lang='lat' dir='ltr'>stulta</span> <span class='ocrx_word' id='word_1_152' title='bbox 1198 1850 1359 1906; x_wconf 88' lang='lat' dir='ltr'>sunt</span> <span class='ocrx_word' id='word_1_153' title='bbox 1410 1836 1677 1917; x_wconf 90' lang='lat' dir='ltr'>mundi,</span> <span class='ocrx_word' id='word_1_154' title='bbox 1734 1837 1935 1925; x_wconf 88' lang='lat' dir='ltr'>elegit</span> <span class='ocrx_word' id='word_1_155' title='bbox 1992 1844 2192 1917; x_wconf 80' lang='lat' dir='ltr'>DeuS‚</span> <span class='ocrx_word' id='word_1_156' title='bbox 2248 1856 2324 1909; x_wconf 91' lang='lat' dir='ltr'>ut</span> <span class='ocrx_word' id='word_1_157' title='bbox 2370 1861 2533 1907; x_wconf 87' lang='lat' dir='ltr'>con-</span> 
     </span>
     <span class='ocr_line' id='line_1_19' title="bbox 39 1916 2519 2017; baseline 0.003 -28"><span class='ocrx_word' id='word_1_158' title='bbox 39 1916 232 1993; x_wconf 82' lang='lat' dir='ltr'>fundat</span> <span class='ocrx_word' id='word_1_159' title='bbox 274 1924 495 2008; x_wconf 88' lang='lat' dir='ltr'>fortia;</span> <span class='ocrx_word' id='word_1_160' title='bbox 538 1939 602 1996; x_wconf 90' lang='lat' dir='ltr'>et</span> <span class='ocrx_word' id='word_1_161' title='bbox 650 1926 981 2017; x_wconf 84' lang='lat' dir='ltr'>ignobilia</span> <span class='ocrx_word' id='word_1_162' title='bbox 1047 1926 1290 1995; x_wconf 90' lang='lat' dir='ltr'>mundi</span> <span class='ocrx_word' id='word_1_163' title='bbox 1337 1938 1402 1994; x_wconf 90' lang='lat' dir='ltr'>et</span> <span class='ocrx_word' id='word_1_164' title='bbox 1447 1927 1992 2016; x_wconf 87' lang='lat' dir='ltr'>contemptibilia</span> <span class='ocrx_word' id='word_1_165' title='bbox 2049 1927 2252 2015; x_wconf 88' lang='lat' dir='ltr'>elegit</span> <span class='ocrx_word' id='word_1_166' title='bbox 2300 1932 2519 2004; x_wconf 86' lang='lat' dir='ltr'>Deus,</span> 
     </span>
     <span class='ocr_line' id='line_1_20' title="bbox 41 2014 2535 2104; baseline 0.002 -27"><span class='ocrx_word' id='word_1_167' title='bbox 41 2020 88 2077; x_wconf 69' lang='lat' dir='ltr'>et</span> <span class='ocrx_word' id='word_1_168' title='bbox 121 2033 184 2079; x_wconf 85' lang='lat' dir='ltr'>ea</span> <span class='ocrx_word' id='word_1_169' title='bbox 224 2035 391 2100; x_wconf 88' lang='lat' dir='ltr'>quae</span> <span class='ocrx_word' id='word_1_170' title='bbox 425 2038 565 2085; x_wconf 90' lang='lat' dir='ltr'>non</span> <span class='ocrx_word' id='word_1_171' title='bbox 609 2027 792 2095; x_wconf 90' lang='lat' dir='ltr'>sunt,</span> <span class='ocrx_word' id='word_1_172' title='bbox 837 2028 909 2083; x_wconf 89' lang='lat' dir='ltr'>ut</span> <span class='ocrx_word' id='word_1_173' title='bbox 941 2038 1021 2084; x_wconf 87' lang='lat' dir='ltr'>ea</span> <span class='ocrx_word' id='word_1_174' title='bbox 1067 2037 1243 2103; x_wconf 83' lang='lat' dir='ltr'>quae</span> <span class='ocrx_word' id='word_1_175' title='bbox 1270 2026 1430 2085; x_wconf 90' lang='lat' dir='ltr'>sunt</span> <span class='ocrx_word' id='word_1_176' title='bbox 1477 2014 1878 2096; x_wconf 88' lang='lat' dir='ltr'>destrueret,</span> <span class='ocrx_word' id='word_1_177' title='bbox 1916 2028 1989 2084; x_wconf 90' lang='lat' dir='ltr'>ut</span> <span class='ocrx_word' id='word_1_178' title='bbox 2030 2037 2162 2084; x_wconf 90' lang='lat' dir='ltr'>non</span> <span class='ocrx_word' id='word_1_179' title='bbox 2202 2015 2535 2104; x_wconf 82' lang='lat' dir='ltr'>glorietur</span> 
     </span>
     <span class='ocr_line' id='line_1_21' title="bbox 43 2101 2533 2194; baseline 0.003 -30"><span class='ocrx_word' id='word_1_180' title='bbox 43 2101 221 2170; x_wconf 81' lang='lat' dir='ltr'>omnis</span> <span class='ocrx_word' id='word_1_181' title='bbox 262 2126 415 2174; x_wconf 90' lang='lat' dir='ltr'>caro</span> <span class='ocrx_word' id='word_1_182' title='bbox 467 2106 540 2173; x_wconf 93' lang='lat' dir='ltr'>in</span> <span class='ocrx_word' id='word_1_183' title='bbox 591 2115 960 2192; x_wconf 89' lang='lat' dir='ltr'>conspectu</span> <span class='ocrx_word' id='word_1_184' title='bbox 1008 2105 1182 2194; x_wconf 88' lang='lat' dir='ltr'>ejus.</span> <span class='ocrx_word' id='word_1_185' title='bbox 1223 2105 1330 2173; x_wconf 91' lang='lat' dir='ltr'>Sic</span> <span class='ocrx_word' id='word_1_186' title='bbox 1362 2105 1799 2192; x_wconf 88' lang='lat' dir='ltr'>omnipotens</span> <span class='ocrx_word' id='word_1_187' title='bbox 1850 2109 2024 2173; x_wconf 89' lang='lat' dir='ltr'>Deus</span> <span class='ocrx_word' id='word_1_188' title='bbox 2076 2125 2194 2192; x_wconf 91' lang='lat' dir='ltr'>per</span> <span class='ocrx_word' id='word_1_189' title='bbox 2242 2105 2533 2172; x_wconf 88' lang='lat' dir='ltr'>scanda-</span> 
     </span>
     <span class='ocr_line' id='line_1_22' title="bbox 43 2180 2527 2283; baseline 0.002 -27"><span class='ocrx_word' id='word_1_190' title='bbox 43 2180 154 2283; x_wconf 69' lang='lat' dir='ltr'>lum</span> <span class='ocrx_word' id='word_1_191' title='bbox 187 2193 405 2262; x_wconf 85' lang='lat' dir='ltr'>Crucis</span> <span class='ocrx_word' id='word_1_192' title='bbox 444 2207 513 2262; x_wconf 93' lang='lat' dir='ltr'>et</span> <span class='ocrx_word' id='word_1_193' title='bbox 553 2214 674 2282; x_wconf 91' lang='lat' dir='ltr'>per</span> <span class='ocrx_word' id='word_1_194' title='bbox 713 2192 1070 2262; x_wconf 81' lang='lat' dir='ltr'>stultitiam</span> <span class='ocrx_word' id='word_1_195' title='bbox 1107 2192 1633 2283; x_wconf 87' lang='lat' dir='ltr'>praedicationis</span> <span class='ocrx_word' id='word_1_196' title='bbox 1682 2193 1903 2263; x_wconf 87' lang='lat' dir='ltr'>salvos</span> <span class='ocrx_word' id='word_1_197' title='bbox 1952 2191 2107 2261; x_wconf 84' lang='lat' dir='ltr'>fecit</span> <span class='ocrx_word' id='word_1_198' title='bbox 2152 2191 2527 2271; x_wconf 78' lang='lat' dir='ltr'>credente5‚</span> 
     </span>
     <span class='ocr_line' id='line_1_23' title="bbox 47 2278 2530 2371; baseline 0.002 -29"><span class='ocrx_word' id='word_1_199' title='bbox 47 2290 123 2371; x_wconf 62' lang='grc' dir='ltr'>ξω</span> <span class='ocrx_word' id='word_1_200' title='bbox 155 2278 226 2347; x_wconf 88' lang='lat' dir='ltr'>ab</span> <span class='ocrx_word' id='word_1_201' title='bbox 257 2281 421 2370; x_wconf 90' lang='lat' dir='ltr'>ipsis</span> <span class='ocrx_word' id='word_1_202' title='bbox 473 2282 822 2351; x_wconf 87' lang='lat' dir='ltr'>nascentis</span> <span class='ocrx_word' id='word_1_203' title='bbox 855 2281 1192 2351; x_wconf 87' lang='lat' dir='ltr'>Ecclesiae</span> <span class='ocrx_word' id='word_1_204' title='bbox 1235 2283 1447 2350; x_wconf 91' lang='lat' dir='ltr'>initiis</span> <span class='ocrx_word' id='word_1_205' title='bbox 1491 2304 1609 2371; x_wconf 91' lang='lat' dir='ltr'>per</span> <span class='ocrx_word' id='word_1_206' title='bbox 1643 2283 2016 2370; x_wconf 86' lang='lat' dir='ltr'>sapientem</span> <span class='ocrx_word' id='word_1_207' title='bbox 2056 2281 2530 2369; x_wconf 79' lang='lat' dir='ltr'>Apostolorum</span> 
     </span>
     <span class='ocr_line' id='line_1_24' title="bbox 51 2362 2524 2459; baseline 0.002 -29"><span class='ocrx_word' id='word_1_208' title='bbox 51 2362 344 2439; x_wconf 70' lang='lat' dir='ltr'>infantiam</span> <span class='ocrx_word' id='word_1_209' title='bbox 395 2383 460 2440; x_wconf 94' lang='lat' dir='ltr'>et</span> <span class='ocrx_word' id='word_1_210' title='bbox 515 2393 634 2459; x_wconf 89' lang='lat' dir='ltr'>per</span> <span class='ocrx_word' id='word_1_211' title='bbox 667 2370 1108 2441; x_wconf 81' lang='lat' dir='ltr'>fortissimam</span> <span class='ocrx_word' id='word_1_212' title='bbox 1155 2377 1522 2459; x_wconf 80' lang='lat' dir='ltr'>Martyrum</span> <span class='ocrx_word' id='word_1_213' title='bbox 1577 2370 2072 2450; x_wconf 81' lang='lat' dir='ltr'>infirmitatem,</span> <span class='ocrx_word' id='word_1_214' title='bbox 2117 2374 2524 2440; x_wconf 87' lang='lat' dir='ltr'>Graecorum</span> 
     </span>
     <span class='ocr_line' id='line_1_25' title="bbox 45 2456 2534 2559; baseline 0.002 -37"><span class='ocrx_word' id='word_1_215' title='bbox 45 2456 390 2550; x_wconf 66' lang='lat' dir='ltr'>sapientiam</span> <span class='ocrx_word' id='word_1_216' title='bbox 446 2460 831 2539; x_wconf 80' lang='lat' dir='ltr'>infatuavit,</span> <span class='ocrx_word' id='word_1_217' title='bbox 869 2472 933 2528; x_wconf 91' lang='lat' dir='ltr'>et</span> <span class='ocrx_word' id='word_1_218' title='bbox 965 2462 1271 2548; x_wconf 87' lang='lat' dir='ltr'>gentium</span> <span class='ocrx_word' id='word_1_219' title='bbox 1317 2460 1684 2548; x_wconf 90' lang='lat' dir='ltr'>potentiam</span> <span class='ocrx_word' id='word_1_220' title='bbox 1715 2459 2186 2559; x_wconf 74' lang='lat' dir='ltr'>dejecitatque</span> <span class='ocrx_word' id='word_1_221' title='bbox 2238 2475 2534 2548; x_wconf 89' lang='lat' dir='ltr'>prostra-</span> 
     </span>
     <span class='ocr_line' id='line_1_26' title="bbox 39 2546 2533 2638; baseline -0.001 -20"><span class='ocrx_word' id='word_1_222' title='bbox 39 2555 132 2618; x_wconf 60' lang='lat' dir='ltr'>:nn</span> <span class='ocrx_word' id='word_1_223' title='bbox 176 2546 260 2615; x_wconf 90' lang='lat' dir='ltr'>sic</span> <span class='ocrx_word' id='word_1_224' title='bbox 306 2548 607 2635; x_wconf 89' lang='lat' dir='ltr'>denique</span> <span class='ocrx_word' id='word_1_225' title='bbox 660 2572 777 2638; x_wconf 91' lang='lat' dir='ltr'>per</span> <span class='ocrx_word' id='word_1_226' title='bbox 823 2548 1264 2617; x_wconf 86' lang='lat' dir='ltr'>succedentes</span> <span class='ocrx_word' id='word_1_227' title='bbox 1295 2561 1545 2617; x_wconf 84' lang='lat' dir='ltr'>aetates</span> <span class='ocrx_word' id='word_1_228' title='bbox 1584 2549 1863 2616; x_wconf 80' lang='lat' dir='ltr'>brachio</span> <span class='ocrx_word' id='word_1_229' title='bbox 1912 2547 2333 2618; x_wconf 87' lang='lat' dir='ltr'>fortitudinis</span> <span class='ocrx_word' id='word_1_230' title='bbox 2370 2571 2533 2618; x_wconf 89' lang='lat' dir='ltr'>suae</span> 
     </span>
     <span class='ocr_line' id='line_1_27' title="bbox 39 2624 2392 2726; baseline 0.002 -25"><span class='ocrx_word' id='word_1_231' title='bbox 39 2624 304 2719; x_wconf 76' lang='lat' dir='ltr'>deposuit</span> <span class='ocrx_word' id='word_1_232' title='bbox 355 2652 661 2726; x_wconf 79' lang='lat' dir='ltr'>potentes</span> <span class='ocrx_word' id='word_1_233' title='bbox 711 2637 795 2705; x_wconf 91' lang='lat' dir='ltr'>de</span> <span class='ocrx_word' id='word_1_234' title='bbox 845 2637 1025 2718; x_wconf 89' lang='lat' dir='ltr'>sede,</span> <span class='ocrx_word' id='word_1_235' title='bbox 1080 2650 1144 2707; x_wconf 89' lang='lat' dir='ltr'>et</span> <span class='ocrx_word' id='word_1_236' title='bbox 1190 2637 1506 2707; x_wconf 86' lang='lat' dir='ltr'>exaltavit</span> <span class='ocrx_word' id='word_1_237' title='bbox 1541 2637 1839 2706; x_wconf 88' lang='lat' dir='ltr'>humiles</span> <span class='ocrx_word' id='word_1_238' title='bbox 1889 2649 2161 2707; x_wconf 88' lang='lat' dir='ltr'>sanctos</span> <span class='ocrx_word' id='word_1_239' title='bbox 2209 2659 2392 2708; x_wconf 89' lang='lat' dir='ltr'>suos.</span> 
     </span>
    </p>
   </div>
   <div class='ocr_carea' id='block_1_3' title="bbox 41 2808 2534 4501">
    <p class='ocr_par' dir='ltr' id='par_1_3' title="bbox 41 2808 2534 3781">
     <span class='ocr_line' id='line_1_28' title="bbox 108 2808 2531 2905; baseline 0 -22"><span class='ocrx_word' id='word_1_240' title='bbox 108 2808 237 2892; x_wconf 65' lang='grc' dir='ltr'>ξι.</span> <span class='ocrx_word' id='word_1_241' title='bbox 311 2816 487 2884; x_wconf 82' lang='lat' dir='ltr'>Hinc</span> <span class='ocrx_word' id='word_1_242' title='bbox 539 2815 878 2905; x_wconf 83' lang='lat' dir='ltr'>superiori</span> <span class='ocrx_word' id='word_1_243' title='bbox 927 2815 1203 2894; x_wconf 67' lang='lat' dir='ltr'>secum,</span> <span class='ocrx_word' id='word_1_244' title='bbox 1256 2827 1323 2884; x_wconf 91' lang='lat' dir='ltr'>et</span> <span class='ocrx_word' id='word_1_245' title='bbox 1386 2827 1655 2905; x_wconf 90' lang='lat' dir='ltr'>patrum</span> <span class='ocrx_word' id='word_1_246' title='bbox 1710 2828 2096 2885; x_wconf 91' lang='lat' dir='ltr'>nostrorum</span> <span class='ocrx_word' id='word_1_247' title='bbox 2162 2816 2531 2885; x_wconf 90' lang='lat' dir='ltr'>memoriae</span> 
     </span>
     <span class='ocr_line' id='line_1_29' title="bbox 49 2898 2534 2994; baseline 0.006 -35"><span class='ocrx_word' id='word_1_248' title='bbox 49 2898 196 2967; x_wconf 86' lang='lat' dir='ltr'>valde</span> <span class='ocrx_word' id='word_1_249' title='bbox 241 2906 647 2994; x_wconf 90' lang='lat' dir='ltr'>propinquo,</span> <span class='ocrx_word' id='word_1_250' title='bbox 705 2927 783 2973; x_wconf 86' lang='lat' dir='ltr'>ex</span> <span class='ocrx_word' id='word_1_251' title='bbox 833 2904 1081 2972; x_wconf 91' lang='lat' dir='ltr'>humili</span> <span class='ocrx_word' id='word_1_252' title='bbox 1131 2904 1390 2973; x_wconf 89' lang='lat' dir='ltr'>familia</span> <span class='ocrx_word' id='word_1_253' title='bbox 1433 2910 1744 2973; x_wconf 86' lang='lat' dir='ltr'>Fratrum</span> <span class='ocrx_word' id='word_1_254' title='bbox 1799 2906 2139 2974; x_wconf 86' lang='lat' dir='ltr'>Minorum</span> <span class='ocrx_word' id='word_1_255' title='bbox 2194 2910 2257 2974; x_wconf 90' lang='lat' dir='ltr'>S.</span> <span class='ocrx_word' id='word_1_256' title='bbox 2320 2906 2534 2974; x_wconf 87' lang='lat' dir='ltr'>Patris</span> 
     </span>
     <span class='ocr_line' id='line_1_30' title="bbox 47 2983 2527 3081; baseline 0.004 -29"><span class='ocrx_word' id='word_1_257' title='bbox 47 2983 329 3060; x_wconf 84' lang='lat' dir='ltr'>Francisci</span> <span class='ocrx_word' id='word_1_258' title='bbox 386 2994 727 3062; x_wconf 91' lang='lat' dir='ltr'>humilem</span> <span class='ocrx_word' id='word_1_259' title='bbox 793 2993 1061 3062; x_wconf 88' lang='lat' dir='ltr'>beatum</span> <span class='ocrx_word' id='word_1_260' title='bbox 1121 2993 1495 3073; x_wconf 88' lang='lat' dir='ltr'>Didacum‚</span> <span class='ocrx_word' id='word_1_261' title='bbox 1556 2994 1622 3061; x_wconf 89' lang='lat' dir='ltr'>in</span> <span class='ocrx_word' id='word_1_262' title='bbox 1676 2994 2009 3081; x_wconf 86' lang='lat' dir='ltr'>Hispania</span> <span class='ocrx_word' id='word_1_263' title='bbox 2061 3006 2332 3074; x_wconf 89' lang='lat' dir='ltr'>natum,</span> <span class='ocrx_word' id='word_1_264' title='bbox 2393 3017 2527 3063; x_wconf 86' lang='lat' dir='ltr'>non</span> 
     </span>
     <span class='ocr_line' id='line_1_31' title="bbox 46 3069 2530 3172; baseline 0.005 -33"><span class='ocrx_word' id='word_1_265' title='bbox 46 3069 297 3172; x_wconf 74' lang='lat' dir='ltr'>doctrina</span> <span class='ocrx_word' id='word_1_266' title='bbox 348 3081 863 3171; x_wconf 89' lang='lat' dir='ltr'>praecellentem</span> <span class='ocrx_word' id='word_1_267' title='bbox 897 3137 911 3162; x_wconf 96' lang='lat'>,</span> <span class='ocrx_word' id='word_1_268' title='bbox 966 3081 1082 3150; x_wconf 91' lang='lat' dir='ltr'>sed</span> <span class='ocrx_word' id='word_1_269' title='bbox 1134 3082 1373 3168; x_wconf 84' lang='lat' dir='ltr'>quales</span> <span class='ocrx_word' id='word_1_270' title='bbox 1437 3082 1641 3172; x_wconf 86' lang='lat' dir='ltr'>primi</span> <span class='ocrx_word' id='word_1_271' title='bbox 1692 3081 1790 3149; x_wconf 90' lang='lat' dir='ltr'>illi</span> <span class='ocrx_word' id='word_1_272' title='bbox 1844 3082 2055 3151; x_wconf 91' lang='lat' dir='ltr'>nostri</span> <span class='ocrx_word' id='word_1_273' title='bbox 2111 3083 2416 3170; x_wconf 84' lang='lat' dir='ltr'>magistri</span> <span class='ocrx_word' id='word_1_274' title='bbox 2467 3096 2530 3151; x_wconf 88' lang='lat' dir='ltr'>et</span> 
     </span>
     <span class='ocr_line' id='line_1_32' title="bbox 47 3168 2527 3259; baseline 0.006 -33"><span class='ocrx_word' id='word_1_275' title='bbox 47 3168 332 3258; x_wconf 66' lang='lat' dir='ltr'>principes</span> <span class='ocrx_word' id='word_1_276' title='bbox 383 3171 686 3250; x_wconf 88' lang='lat' dir='ltr'>fuerunt,</span> <span class='ocrx_word' id='word_1_277' title='bbox 742 3171 887 3240; x_wconf 89' lang='lat' dir='ltr'>sine</span> <span class='ocrx_word' id='word_1_278' title='bbox 938 3170 1178 3239; x_wconf 88' lang='lat' dir='ltr'>litteris</span> <span class='ocrx_word' id='word_1_279' title='bbox 1239 3171 1546 3240; x_wconf 88' lang='lat' dir='ltr'>humano</span> <span class='ocrx_word' id='word_1_280' title='bbox 1603 3171 1831 3239; x_wconf 89' lang='lat' dir='ltr'>studio</span> <span class='ocrx_word' id='word_1_281' title='bbox 1888 3173 2350 3259; x_wconf 86' lang='lat' dir='ltr'>comparatis,</span> <span class='ocrx_word' id='word_1_282' title='bbox 2408 3171 2527 3240; x_wconf 91' lang='lat' dir='ltr'>sed</span> 
     </span>
     <span class='ocr_line' id='line_1_33' title="bbox 44 3247 2522 3348; baseline 0.006 -36"><span class='ocrx_word' id='word_1_283' title='bbox 44 3247 272 3324; x_wconf 78' lang='lat' dir='ltr'>idiotam</span> <span class='ocrx_word' id='word_1_284' title='bbox 331 3272 393 3327; x_wconf 93' lang='lat' dir='ltr'>et</span> <span class='ocrx_word' id='word_1_285' title='bbox 444 3261 512 3328; x_wconf 90' lang='lat' dir='ltr'>in</span> <span class='ocrx_word' id='word_1_286' title='bbox 577 3271 813 3328; x_wconf 87' lang='lat' dir='ltr'>sancta</span> <span class='ocrx_word' id='word_1_287' title='bbox 869 3260 1246 3348; x_wconf 88' lang='lat' dir='ltr'>Religionis</span> <span class='ocrx_word' id='word_1_288' title='bbox 1317 3260 1732 3348; x_wconf 87' lang='lat' dir='ltr'>professione</span> <span class='ocrx_word' id='word_1_289' title='bbox 1781 3259 2062 3338; x_wconf 89' lang='lat' dir='ltr'>laicum,</span> <span class='ocrx_word' id='word_1_290' title='bbox 2118 3258 2394 3347; x_wconf 85' lang='lat' dir='ltr'>delegit,</span> <span class='ocrx_word' id='word_1_291' title='bbox 2454 3260 2522 3327; x_wconf 92' lang='lat' dir='ltr'>in</span> 
     </span>
     <span class='ocr_line' id='line_1_34' title="bbox 41 3346 2530 3437; baseline 0.004 -31"><span class='ocrx_word' id='word_1_292' title='bbox 41 3355 145 3433; x_wconf 72' lang='lat' dir='ltr'>quo</span> <span class='ocrx_word' id='word_1_293' title='bbox 172 3348 537 3417; x_wconf 88' lang='lat' dir='ltr'>ostenderet</span> <span class='ocrx_word' id='word_1_294' title='bbox 575 3347 1006 3417; x_wconf 87' lang='lat' dir='ltr'>abundantes</span> <span class='ocrx_word' id='word_1_295' title='bbox 1055 3349 1327 3417; x_wconf 88' lang='lat' dir='ltr'>divitias</span> <span class='ocrx_word' id='word_1_296' title='bbox 1361 3349 1618 3437; x_wconf 88' lang='lat' dir='ltr'>gratiae</span> <span class='ocrx_word' id='word_1_297' title='bbox 1652 3369 1839 3428; x_wconf 91' lang='lat' dir='ltr'>suae;</span> <span class='ocrx_word' id='word_1_298' title='bbox 1877 3348 2078 3436; x_wconf 88' lang='lat' dir='ltr'>cujus</span> <span class='ocrx_word' id='word_1_299' title='bbox 2127 3346 2530 3415; x_wconf 86' lang='lat' dir='ltr'>admirabili</span> 
     </span>
     <span class='ocr_line' id='line_1_35' title="bbox 43 3435 2528 3525; baseline 0.006 -36"><span class='ocrx_word' id='word_1_300' title='bbox 43 3438 177 3497; x_wconf 77' lang='lat' dir='ltr'>vitae</span> <span class='ocrx_word' id='word_1_301' title='bbox 213 3437 557 3506; x_wconf 89' lang='lat' dir='ltr'>sanctitate</span> <span class='ocrx_word' id='word_1_302' title='bbox 604 3448 668 3505; x_wconf 89' lang='lat' dir='ltr'>et</span> <span class='ocrx_word' id='word_1_303' title='bbox 699 3437 1010 3525; x_wconf 85' lang='lat' dir='ltr'>exemplo</span> <span class='ocrx_word' id='word_1_304' title='bbox 1049 3436 1299 3506; x_wconf 89' lang='lat' dir='ltr'>multos</span> <span class='ocrx_word' id='word_1_305' title='bbox 1348 3437 1431 3505; x_wconf 90' lang='lat' dir='ltr'>ad</span> <span class='ocrx_word' id='word_1_306' title='bbox 1471 3439 1648 3505; x_wconf 91' lang='lat' dir='ltr'>viam</span> <span class='ocrx_word' id='word_1_307' title='bbox 1700 3436 1943 3505; x_wconf 88' lang='lat' dir='ltr'>salutis</span> <span class='ocrx_word' id='word_1_308' title='bbox 1997 3435 2420 3524; x_wconf 88' lang='lat' dir='ltr'>perduceret,</span> <span class='ocrx_word' id='word_1_309' title='bbox 2463 3448 2528 3503; x_wconf 84' lang='lat' dir='ltr'>et</span> 
     </span>
     <span class='ocr_line' id='line_1_36' title="bbox 45 3524 2527 3615; baseline 0.005 -36"><span class='ocrx_word' id='word_1_310' title='bbox 45 3531 447 3593; x_wconf 82' lang='lat' dir='ltr'>senescentem</span> <span class='ocrx_word' id='word_1_311' title='bbox 484 3548 562 3594; x_wconf 91' lang='lat' dir='ltr'>ac</span> <span class='ocrx_word' id='word_1_312' title='bbox 600 3547 769 3615; x_wconf 89' lang='lat' dir='ltr'>pene</span> <span class='ocrx_word' id='word_1_313' title='bbox 817 3525 1240 3614; x_wconf 87' lang='lat' dir='ltr'>decrepitum</span> <span class='ocrx_word' id='word_1_314' title='bbox 1281 3526 1619 3594; x_wconf 87' lang='lat' dir='ltr'>mundum</span> <span class='ocrx_word' id='word_1_315' title='bbox 1677 3525 1895 3614; x_wconf 86' lang='lat' dir='ltr'>magis</span> <span class='ocrx_word' id='word_1_316' title='bbox 1926 3524 2283 3614; x_wconf 87' lang='lat' dir='ltr'>magisque</span> <span class='ocrx_word' id='word_1_317' title='bbox 2330 3545 2527 3592; x_wconf 91' lang='lat' dir='ltr'>coar-</span> 
     </span>
     <span class='ocr_line' id='line_1_37' title="bbox 43 3613 2529 3702; baseline 0.005 -32"><span class='ocrx_word' id='word_1_318' title='bbox 43 3620 251 3689; x_wconf 80' lang='lat' dir='ltr'>gueret,</span> <span class='ocrx_word' id='word_1_319' title='bbox 300 3614 458 3697; x_wconf 89' lang='lat' dir='ltr'>quia</span> <span class='ocrx_word' id='word_1_320' title='bbox 489 3613 671 3700; x_wconf 89' lang='lat' dir='ltr'>quod</span> <span class='ocrx_word' id='word_1_321' title='bbox 723 3614 1006 3684; x_wconf 89' lang='lat' dir='ltr'>stultum</span> <span class='ocrx_word' id='word_1_322' title='bbox 1057 3627 1157 3683; x_wconf 92' lang='lat' dir='ltr'>est</span> <span class='ocrx_word' id='word_1_323' title='bbox 1210 3615 1345 3694; x_wconf 87' lang='lat' dir='ltr'>Dei,</span> <span class='ocrx_word' id='word_1_324' title='bbox 1401 3615 1778 3702; x_wconf 87' lang='lat' dir='ltr'>sapientius</span> <span class='ocrx_word' id='word_1_325' title='bbox 1812 3625 1912 3682; x_wconf 90' lang='lat' dir='ltr'>est</span> <span class='ocrx_word' id='word_1_326' title='bbox 1971 3613 2397 3692; x_wconf 83' lang='lat' dir='ltr'>hominibuS,</span> <span class='ocrx_word' id='word_1_327' title='bbox 2463 3624 2529 3682; x_wconf 89' lang='lat' dir='ltr'>et</span> 
     </span>
     <span class='ocr_line' id='line_1_38' title="bbox 44 3695 1797 3781; baseline 0.006 -22"><span class='ocrx_word' id='word_1_328' title='bbox 44 3695 186 3772; x_wconf 82' lang='lat' dir='ltr'>quod</span> <span class='ocrx_word' id='word_1_329' title='bbox 234 3697 576 3772; x_wconf 86' lang='lat' dir='ltr'>infirmum</span> <span class='ocrx_word' id='word_1_330' title='bbox 610 3715 710 3771; x_wconf 91' lang='lat' dir='ltr'>est</span> <span class='ocrx_word' id='word_1_331' title='bbox 760 3703 896 3781; x_wconf 88' lang='lat' dir='ltr'>Dei,</span> <span class='ocrx_word' id='word_1_332' title='bbox 933 3703 1175 3772; x_wconf 83' lang='lat' dir='ltr'>fortius</span> <span class='ocrx_word' id='word_1_333' title='bbox 1224 3717 1325 3770; x_wconf 89' lang='lat' dir='ltr'>est</span> <span class='ocrx_word' id='word_1_334' title='bbox 1376 3703 1797 3772; x_wconf 89' lang='lat' dir='ltr'>hominibus.</span> 
     </span>
    </p>

    <p class='ocr_par' dir='ltr' id='par_1_4' title="bbox 48 3783 2531 4501">
     <span class='ocr_line' id='line_1_39' title="bbox 107 3783 2526 3878; baseline 0.002 -23"><span class='ocrx_word' id='word_1_335' title='bbox 107 3783 135 3865; x_wconf 71' lang='lat'><strong>§</strong></span> <span class='ocrx_word' id='word_1_336' title='bbox 180 3789 258 3855; x_wconf 68' lang='lat'>2.</span> <span class='ocrx_word' id='word_1_337' title='bbox 308 3793 537 3876; x_wconf 85' lang='lat' dir='ltr'>Itaque</span> <span class='ocrx_word' id='word_1_338' title='bbox 587 3797 782 3860; x_wconf 89' lang='lat' dir='ltr'>Pater</span> <span class='ocrx_word' id='word_1_339' title='bbox 825 3791 1476 3871; x_wconf 89' lang='lat' dir='ltr'>misericordiarum,</span> <span class='ocrx_word' id='word_1_340' title='bbox 1534 3797 1732 3870; x_wconf 84' lang='lat' dir='ltr'>Deus,</span> <span class='ocrx_word' id='word_1_341' title='bbox 1785 3793 1905 3878; x_wconf 91' lang='lat' dir='ltr'>qui</span> <span class='ocrx_word' id='word_1_342' title='bbox 1955 3791 2114 3861; x_wconf 89' lang='lat' dir='ltr'>facit</span> <span class='ocrx_word' id='word_1_343' title='bbox 2183 3790 2526 3859; x_wconf 87' lang='lat' dir='ltr'>mirabilia</span> 
     </span>
     <span class='ocr_line' id='line_1_40' title="bbox 49 3878 2528 3968; baseline 0.004 -31"><span class='ocrx_word' id='word_1_344' title='bbox 49 3885 249 3963; x_wconf 72' lang='lat' dir='ltr'>magna</span> <span class='ocrx_word' id='word_1_345' title='bbox 285 3878 490 3959; x_wconf 85' lang='lat' dir='ltr'>solus,</span> <span class='ocrx_word' id='word_1_346' title='bbox 544 3880 731 3949; x_wconf 85' lang='lat' dir='ltr'>hunc</span> <span class='ocrx_word' id='word_1_347' title='bbox 764 3902 1032 3948; x_wconf 90' lang='lat' dir='ltr'>servum</span> <span class='ocrx_word' id='word_1_348' title='bbox 1094 3902 1297 3948; x_wconf 91' lang='lat' dir='ltr'>suum</span> <span class='ocrx_word' id='word_1_349' title='bbox 1363 3881 1721 3968; x_wconf 87' lang='lat' dir='ltr'>parvulum</span> <span class='ocrx_word' id='word_1_350' title='bbox 1758 3893 1821 3949; x_wconf 91' lang='lat' dir='ltr'>et</span> <span class='ocrx_word' id='word_1_351' title='bbox 1873 3880 2250 3949; x_wconf 89' lang='lat' dir='ltr'>demissum</span> <span class='ocrx_word' id='word_1_352' title='bbox 2310 3879 2528 3948; x_wconf 86' lang='lat' dir='ltr'>coele-</span> 
     </span>
     <span class='ocr_line' id='line_1_41' title="bbox 48 3955 2526 4059; baseline 0.006 -39"><span class='ocrx_word' id='word_1_353' title='bbox 48 3955 222 4059; x_wconf 76' lang='lat' dir='ltr'>stibus</span> <span class='ocrx_word' id='word_1_354' title='bbox 264 3964 458 4036; x_wconf 89' lang='lat' dir='ltr'>donis</span> <span class='ocrx_word' id='word_1_355' title='bbox 505 3970 651 4039; x_wconf 90' lang='lat' dir='ltr'>suis</span> <span class='ocrx_word' id='word_1_356' title='bbox 690 3969 859 4038; x_wconf 89' lang='lat' dir='ltr'>adeo</span> <span class='ocrx_word' id='word_1_357' title='bbox 899 3969 1187 4048; x_wconf 87' lang='lat' dir='ltr'>ornavit,</span> <span class='ocrx_word' id='word_1_358' title='bbox 1234 3982 1553 4055; x_wconf 90' lang='lat' dir='ltr'>tantoque</span> <span class='ocrx_word' id='word_1_359' title='bbox 1602 3968 1894 4057; x_wconf 90' lang='lat' dir='ltr'>Spiritus</span> <span class='ocrx_word' id='word_1_360' title='bbox 1936 3968 2162 4037; x_wconf 86' lang='lat' dir='ltr'>Sancti</span> <span class='ocrx_word' id='word_1_361' title='bbox 2216 3968 2370 4055; x_wconf 88' lang='lat' dir='ltr'>igne</span> <span class='ocrx_word' id='word_1_362' title='bbox 2420 3970 2526 4035; x_wconf 86' lang='lat' dir='ltr'>in-</span> 
     </span>
     <span class='ocr_line' id='line_1_42' title="bbox 49 4047 2530 4147; baseline 0.004 -33"><span class='ocrx_word' id='word_1_363' title='bbox 49 4047 247 4139; x_wconf 68' lang='lat' dir='ltr'>cendit,</span> <span class='ocrx_word' id='word_1_364' title='bbox 298 4076 714 4145; x_wconf 90' lang='lat' dir='ltr'>manumque</span> <span class='ocrx_word' id='word_1_365' title='bbox 747 4080 943 4127; x_wconf 89' lang='lat' dir='ltr'>suam</span> <span class='ocrx_word' id='word_1_366' title='bbox 996 4058 1079 4126; x_wconf 91' lang='lat' dir='ltr'>ad</span> <span class='ocrx_word' id='word_1_367' title='bbox 1117 4057 1441 4128; x_wconf 88' lang='lat' dir='ltr'>sanitates</span> <span class='ocrx_word' id='word_1_368' title='bbox 1488 4070 1553 4127; x_wconf 89' lang='lat' dir='ltr'>et</span> <span class='ocrx_word' id='word_1_369' title='bbox 1600 4058 1799 4146; x_wconf 86' lang='lat' dir='ltr'>signa</span> <span class='ocrx_word' id='word_1_370' title='bbox 1846 4071 1911 4126; x_wconf 90' lang='lat' dir='ltr'>et</span> <span class='ocrx_word' id='word_1_371' title='bbox 1960 4056 2296 4147; x_wconf 85' lang='lat' dir='ltr'>prodigia,</span> <span class='ocrx_word' id='word_1_372' title='bbox 2351 4056 2530 4124; x_wconf 87' lang='lat' dir='ltr'>beati</span> 
     </span>
     <span class='ocr_line' id='line_1_43' title="bbox 55 4130 2523 4239; baseline 0.008 -45"><span class='ocrx_word' id='word_1_373' title='bbox 55 4130 580 4239; x_wconf 32' lang='lat' dir='ltr'>audaci-meritis,</span> <span class='ocrx_word' id='word_1_374' title='bbox 635 4168 794 4215; x_wconf 90' lang='lat' dir='ltr'>cum</span> <span class='ocrx_word' id='word_1_375' title='bbox 847 4147 914 4214; x_wconf 92' lang='lat' dir='ltr'>in</span> <span class='ocrx_word' id='word_1_376' title='bbox 975 4147 1123 4233; x_wconf 89' lang='lat' dir='ltr'>ejus</span> <span class='ocrx_word' id='word_1_377' title='bbox 1174 4147 1329 4224; x_wconf 85' lang='lat' dir='ltr'>vita,</span> <span class='ocrx_word' id='word_1_378' title='bbox 1386 4159 1528 4214; x_wconf 91' lang='lat' dir='ltr'>tum</span> <span class='ocrx_word' id='word_1_379' title='bbox 1585 4159 1735 4234; x_wconf 92' lang='lat' dir='ltr'>post</span> <span class='ocrx_word' id='word_1_380' title='bbox 1792 4159 2074 4214; x_wconf 90' lang='lat' dir='ltr'>mortem</span> <span class='ocrx_word' id='word_1_381' title='bbox 2126 4144 2523 4223; x_wconf 83' lang='lat' dir='ltr'>efficienda,</span> 
     </span>
     <span class='ocr_line' id='line_1_44' title="bbox 54 4227 2528 4324; baseline 0.004 -32"><span class='ocrx_word' id='word_1_382' title='bbox 54 4227 153 4315; x_wconf 66' lang='lat' dir='ltr'>lam</span> <span class='ocrx_word' id='word_1_383' title='bbox 188 4231 455 4302; x_wconf 80' lang='lat' dir='ltr'>mirifice</span> <span class='ocrx_word' id='word_1_384' title='bbox 493 4235 812 4314; x_wconf 84' lang='lat' dir='ltr'>extendit,</span> <span class='ocrx_word' id='word_1_385' title='bbox 852 4247 927 4304; x_wconf 90' lang='lat' dir='ltr'>ut</span> <span class='ocrx_word' id='word_1_386' title='bbox 956 4235 1012 4303; x_wconf 91' lang='lat' dir='ltr'>is</span> <span class='ocrx_word' id='word_1_387' title='bbox 1043 4256 1176 4302; x_wconf 89' lang='lat' dir='ltr'>non</span> <span class='ocrx_word' id='word_1_388' title='bbox 1216 4233 1438 4303; x_wconf 90' lang='lat' dir='ltr'>solum</span> <span class='ocrx_word' id='word_1_389' title='bbox 1486 4234 1668 4324; x_wconf 87' lang='lat' dir='ltr'>apud</span> <span class='ocrx_word' id='word_1_390' title='bbox 1707 4256 1868 4303; x_wconf 87' lang='lat' dir='ltr'>suos</span> <span class='ocrx_word' id='word_1_391' title='bbox 1917 4235 1983 4302; x_wconf 90' lang='lat' dir='ltr'>in</span> <span class='ocrx_word' id='word_1_392' title='bbox 2021 4232 2528 4302; x_wconf 89' lang='lat' dir='ltr'>florentissimis</span> 
     </span>
     <span class='ocr_line' id='line_1_45' title="bbox 55 4304 2524 4411; baseline 0.003 -31"><span class='ocrx_word' id='word_1_393' title='bbox 55 4304 362 4400; x_wconf 64' lang='lat' dir='ltr'>Hispaniae</span> <span class='ocrx_word' id='word_1_394' title='bbox 408 4325 634 4411; x_wconf 90' lang='lat' dir='ltr'>regnis</span> <span class='ocrx_word' id='word_1_395' title='bbox 685 4335 885 4391; x_wconf 89' lang='lat' dir='ltr'>notus</span> <span class='ocrx_word' id='word_1_396' title='bbox 933 4338 994 4392; x_wconf 89' lang='lat' dir='ltr'>et</span> <span class='ocrx_word' id='word_1_397' title='bbox 1055 4323 1286 4392; x_wconf 90' lang='lat' dir='ltr'>clarus</span> <span class='ocrx_word' id='word_1_398' title='bbox 1334 4336 1545 4401; x_wconf 88' lang='lat' dir='ltr'>esset,</span> <span class='ocrx_word' id='word_1_399' title='bbox 1600 4321 1715 4389; x_wconf 88' lang='lat' dir='ltr'>sed</span> <span class='ocrx_word' id='word_1_400' title='bbox 1768 4323 1951 4409; x_wconf 89' lang='lat' dir='ltr'>apud</span> <span class='ocrx_word' id='word_1_401' title='bbox 2001 4334 2262 4390; x_wconf 81' lang='lat' dir='ltr'>exteros</span> <span class='ocrx_word' id='word_1_402' title='bbox 2320 4322 2524 4388; x_wconf 87' lang='lat' dir='ltr'>etiam</span> 
     </span>
     <span class='ocr_line' id='line_1_46' title="bbox 55 4409 2531 4501; baseline 0 -25"><span class='ocrx_word' id='word_1_403' title='bbox 55 4413 166 4476; x_wconf 65' lang='lat' dir='ltr'>‘&#39;JUS</span> <span class='ocrx_word' id='word_1_404' title='bbox 219 4426 446 4478; x_wconf 87' lang='lat' dir='ltr'>nomen</span> <span class='ocrx_word' id='word_1_405' title='bbox 500 4434 748 4501; x_wconf 86' lang='lat' dir='ltr'>magna</span> <span class='ocrx_word' id='word_1_406' title='bbox 819 4434 973 4480; x_wconf 89' lang='lat' dir='ltr'>cum</span> <span class='ocrx_word' id='word_1_407' title='bbox 1028 4411 1244 4499; x_wconf 87' lang='lat' dir='ltr'>gloria</span> <span class='ocrx_word' id='word_1_408' title='bbox 1317 4411 1857 4499; x_wconf 83' lang='lat' dir='ltr'>pervulgaretur.</span> <span class='ocrx_word' id='word_1_409' title='bbox 1936 4418 2179 4481; x_wconf 70' lang='lat' dir='ltr'>‚Iustus</span> <span class='ocrx_word' id='word_1_410' title='bbox 2226 4409 2409 4477; x_wconf 85' lang='lat' dir='ltr'>enim</span> <span class='ocrx_word' id='word_1_411' title='bbox 2466 4423 2531 4477; x_wconf 86' lang='lat' dir='ltr'>et</span> 
     </span>
    </p>
   </div>
  </div>
 </body>
</html>
