2993 4837
57 311 202 376 Nov.
250 312 331 374 26
804 330 880 375 ne
928 330 982 375 s.
1040 328 1234 375 enno
1284 331 1384 375 ΕΡ.
1439 330 1515 375 m·
1562 331 1751 376 naar.
2338 317 2462 378 687

54 412 282 481 clericis
314 412 411 481 vel
449 410 644 482 laicis
676 412 1329 484 anathematizantes
1361 414 1570 482 ritum
1607 413 1996 503 gentilium,
2054 415 2120 482 in
2159 416 2554 485 carceribus

55 502 286 580 retrusi,
325 513 389 571 et
418 500 685 572 diversa
746 503 1166 572 sustinentes
1205 501 1574 591 supplicia,
1611 524 1934 572 coronam
1990 515 2372 593 martyrum
2420 527 2556 574 me-

52 603 320 661 ruerunt.
372 595 675 672 Quorum
714 591 1062 660 victoriam
1097 612 1222 680 ego
1254 591 1569 669 audiens,
1616 591 1831 660 laetus
1872 592 2149 662 adoravi
2189 594 2553 662 Dominum

55 683 225 748 Deum
276 701 528 759 meum,
584 679 705 765 qui
752 701 868 749 eos
915 678 1343 761 confortavit,
1397 693 1462 750 et
1494 679 1698 769 elegit
1740 681 1808 749 in
1843 702 2134 750 numero
2170 696 2550 770 martyrum

51 789 320 838 suorum.
375 769 536 836 Mihi
573 790 728 836 vero
759 782 1019 855 quanta
1050 782 1323 839 ostensa
1356 782 1519 839 sunt
1551 770 1618 837 in
1659 771 1996 858 Lycaonia
2043 772 2130 839 ab
2164 769 2551 848 haereticis,

48 856 216 925 credo
246 858 406 943 quia
442 878 565 925 nec
600 879 716 926 vos
757 857 951 927 latet:
987 857 1333 943 quomodo
1362 857 1670 929 Meletius
1703 859 2246 929 Christianorum
2278 882 2553 949 gregem

49 946 114 1013 ab
164 945 450 1015 Ecclesia
509 947 866 1035 separarit,
924 969 1045 1034 pro
1096 968 1233 1032 quo
1274 947 1388 1015 Dei
1439 946 1652 1017 Filius
1693 948 1996 1016 animam
2048 970 2247 1017 suam
2302 949 2552 1038 posuit,

48 1047 95 1101 et
140 1034 365 1103 effudit
424 1035 838 1124 sanguinem
882 1034 1281 1134 pretiosum.
1335 1035 1674 1104 Adversus
1733 1058 1936 1122 quem
1983 1036 2290 1115 Meletius
2342 1037 2555 1125 impie

46 1144 426 1212 repugnans,
466 1138 741 1193 sanctos
776 1129 1144 1213 Episcopos
1178 1146 1258 1193 ac
1291 1124 1646 1214 religiosos
1683 1125 1861 1193 viros
1889 1124 1959 1193 in
1995 1147 2338 1194 carcerem
2368 1124 2557 1193 clau-

49 1210 237 1290 debat,
279 1236 356 1282 ac
402 1211 796 1293 tribulabat,
843 1235 1094 1302 cogens
1124 1235 1239 1282 eos
1275 1213 1757 1302 praevaricari.

117 1304 146 1384 ξ
188 1305 261 1371 S.
311 1324 348 1368 «
386 1307 666 1391 Propter
697 1301 907 1388 quod,
960 1302 1304 1371 carissimi
1358 1303 1554 1382 mihi,
1603 1324 1846 1372 moneo
1882 1325 2021 1383 vos,
2076 1316 2281 1389 atque
2324 1303 2557 1372 hortor

51 1388 268 1459 viscera
302 1413 477 1470 mea,
520 1390 859 1460 custodite
892 1390 1124 1468 fidem,
1185 1392 1251 1459 in
1292 1412 1431 1476 qua
1481 1392 1697 1459 renati
1743 1391 1948 1460 estis:
2004 1391 2222 1460 videte
2255 1413 2338 1459 ne
2375 1393 2552 1461 Arrii

52 1477 127 1545 vel
157 1480 487 1549 sociorum
517 1480 667 1568 ejus
701 1478 1223 1568 deceptionibus
1254 1481 1722 1549 consentiatis,
1759 1479 2013 1549 Videtis
2046 1503 2176 1561 me,
2210 1480 2555 1566 quomodo

50 1565 116 1633 ob
158 1567 497 1638 vinculum
556 1566 910 1637 charitatis
970 1569 1237 1638 Domini
1292 1568 1504 1637 nostri
1562 1570 1630 1637 in
1673 1567 1988 1638 custodia
2037 1570 2166 1638 sim
2218 1568 2500 1640 clausus
2535 1626 2549 1649 ‚

50 1652 102 1721 in
133 1677 199 1724 ea
232 1657 450 1744 ipsius
496 1657 1036 1727 misericordiam
1073 1669 1499 1747 exspectans.
1555 1658 1865 1746 Comperi
1901 1670 2154 1738 autem,
2209 1657 2389 1744 quod
2431 1659 2555 1726 im-

48 1742 175 1830 pius
206 1744 506 1815 Meletius
554 1758 793 1815 contra
835 1768 942 1814 me
992 1745 1208 1814 multa
1261 1746 1442 1815 mala
1484 1746 1902 1827 testificetur,
1967 1760 2041 1815 ut
2098 1746 2406 1834 amplius
2456 1759 2556 1835 ty-

48 1833 210 1901 ranni
241 1834 590 1903 Maximini
632 1833 822 1904 furor
853 1835 1206 1915 excitetur,
1247 1847 1312 1904 et
1344 1858 1450 1904 me
1488 1835 1874 1904 interficiat.
1923 1840 2139 1917 Quam
2207 1857 2334 1935 ego
2378 1858 2557 1905 mor-

50 1931 152 1986 tem
200 1944 313 2011 pro
346 1923 614 1993 Christo
673 1945 823 1991 meo
874 1923 1163 1992 libenter
1222 1924 1333 1992 die
1381 1946 1459 1992 ac
1500 1936 1692 1993 nocte
1748 1938 2086 2012 exspecto,
2140 1935 2216 1992 ut
2267 1946 2332 1991 in
2391 1947 2555 2013 pace

49 2029 270 2079 merear
328 2012 413 2081 de
484 2011 610 2080 hoc
652 2012 906 2091 secul0‚
963 2012 1029 2079 in
1082 2012 1219 2082 fide
1281 2034 1431 2081 mea
1485 2026 2012 2082 consummatus
2077 2012 2158 2080 ad
2205 2012 2548 2082 Christum

49 2100 340 2169 transire:
392 2101 562 2188 quia
603 2122 737 2169 non
765 2100 939 2169 facio
973 2102 1277 2170 animam
1318 2123 1540 2170 meam
1603 2101 2098 2190 pretiosiorem,
2153 2123 2363 2187 quam
2419 2124 2546 2180 me,

50 2185 415 2270 (secundum
454 2189 850 2279 Apostolum
889 2189 1094 2278 dico),
1124 2190 1269 2260 sed
1303 2190 1588 2259 Domino
1631 2212 1778 2260 meo
1808 2213 1958 2258 eam
2000 2189 2436 2268 commendo,
2483 2191 2550 2258 in

57 2277 472 2359 cujusmanu
517 2277 761 2366 pendet
799 2279 1085 2366 spiritus
1128 2301 1363 2348 meus:
1420 2293 1493 2348 ut
1533 2278 1825 2349 celerius
1874 2277 2202 2367 impleam
2264 2301 2551 2355 cursum

60 2368 316 2456 martyrii
355 2366 517 2447 mei,
572 2367 1168 2455 secundumquod
1228 2367 1396 2436 mihi
1435 2368 1770 2457 praedixit
1819 2368 2151 2438 Dominus
2204 2389 2422 2437 meus.
2479 2372 2555 2436 Et

56 2471 201 2522 nunc
232 2478 346 2545 pro
378 2468 566 2527 certo
616 2458 778 2537 sei0,
835 2457 998 2543 quia
1046 2457 1346 2546 amplius
1390 2480 1519 2525 non
1560 2457 1876 2527 videbitis
1924 2455 2164 2526 faciem
2213 2479 2431 2525 meam
2486 2457 2552 2525 in

48 2562 285 2632 corpore
320 2546 476 2616 isto.
513 2550 792 2635 Propter
823 2546 1005 2632 quod
1039 2546 1362 2615 testificor
1413 2546 1624 2620 vobis.
1679 2546 1844 2633 quia
1896 2547 2202 2615 mundus
2237 2567 2362 2647 ego
2398 2566 2550 2615 sum

46 2629 112 2698 ab
137 2636 475 2705 omnibus.
513 2640 747 2703 Cavete
780 2636 972 2704 vobis
1011 2658 1049 2702 a
1098 2634 1411 2704 doctrina
1460 2635 1631 2704 Arrii
1671 2650 1735 2704 et
1787 2634 2054 2705 Meletii.
2113 2634 2380 2704 Domini
2435 2656 2554 2702 no-

47 2720 143 2789 stri
176 2728 331 2817 Jesu
365 2723 617 2793 Christi
671 2734 933 2792 tantum
977 2736 1333 2812 praecepta
1382 2736 1664 2792 servate.
1721 2729 1943 2794 Estote
1982 2723 2256 2792 solliciti
2286 2745 2405 2811 pro
2445 2745 2557 2811 po·

49 2809 163 2892 puli
196 2813 430 2893 salute,
484 2812 550 2879 in
580 2834 718 2898 quo
756 2834 869 2880 vos
921 2812 1215 2900 Spiritus
1255 2824 1538 2881 sanctus
1582 2813 1807 2901 posuit
1859 2825 2160 2902 pastores
2190 2824 2255 2880 et
2287 2812 2558 2900 Episco-

46 2916 142 2981 ρος
161 2901 495 2970 Ecclesiae
528 2922 715 2969 suae.
758 2901 907 2969 Scio
938 2923 1257 2986 namque,
1293 2901 1472 2987 quod
1511 2913 1657 2990 post
1699 2902 1903 2970 finem
1939 2922 2162 2969 meum
2191 2916 2560 2989 exsurgent

46 2987 210 3055 multi
269 3003 404 3059 tani
474 2989 556 3056 de
605 2988 895 3069 clericis,
970 3011 1176 3075 quam
1230 2989 1312 3056 de
1363 2989 1580 3068 laiciS,
1635 3001 1699 3058 et
1751 2990 2118 3075 loquentur
2183 3012 2492 3076 perversa
2533 3044 2547 3061 .

44 3074 479 3148 subvertentes
533 3077 802 3147 animas
845 3078 1339 3154 innocentium,
1379 3090 1454 3146 ut
1502 3098 1617 3146 eos
1658 3096 1973 3167 separent
2021 3101 2057 3145 a
2093 3076 2228 3145 fide
2278 3078 2549 3145 Christi.

42 3162 363 3259 lfropterea
401 3189 591 3255 rog0‚
651 3166 918 3255 vigilate
966 3167 1051 3235 ab
1084 3165 1258 3235 Arrii
1308 3166 1706 3235 intentione.
1763 3168 1914 3236 Scio
1951 3167 2114 3251 quia
2157 3166 2223 3233 in
2267 3165 2556 3235 tribula-

42 3260 257 3324 tionem
314 3257 687 3325 maximam
752 3255 1017 3325 habetis
1073 3256 1366 3325 intrare:
1423 3255 1539 3323 sed
1591 3255 1819 3335 cred0,
1884 3257 2042 3340 quia
2101 3255 2293 3323 labor
2344 3268 2559 3324 vester

43 3360 149 3408 non
208 3346 332 3414 erit
382 3344 612 3411 inanis
659 3344 844 3434 apud
917 3344 1272 3412 Dominum
1342 3349 1550 3412 Deum
1621 3357 1946 3413 vestrum.
2025 3344 2248 3413 Nostis
2297 3356 2554 3429 quanta

43 3430 308 3513 pericula
345 3432 677 3503 sustinuit
728 3456 847 3520 pro
901 3432 1190 3511 ChristO,
1237 3434 1353 3519 qui
1398 3455 1504 3501 me
1543 3433 1846 3509 nutrivit,
1887 3445 2074 3522 pater
2118 3454 2308 3501 meus
2344 3432 2556 3501 Theo-

40 3537 142 3588 nas
174 3523 548 3611 Episcopus
597 3522 682 3589 ab
716 3522 844 3602 his,
891 3522 1010 3607 qui
1046 3521 1242 3590 idolis
1292 3523 1698 3602 serviebant,
1737 3535 1811 3592 ut
1859 3544 1972 3591 eos
2022 3544 2144 3591 sua
2201 3522 2553 3608 praedica-

43 3605 197 3676 tione
255 3611 571 3679 salvaret.
627 3615 778 3679 Post
838 3610 1040 3699 cujus
1106 3610 1311 3678 finem
1386 3622 1450 3679 et
1516 3610 1884 3680 transitum
1947 3632 2071 3699 ego
2121 3610 2351 3679 sedem
2403 3610 2556 3697 ejus

41 3699 305 3783 suscepi,
368 3721 590 3767 mores
620 3699 771 3788 ejus
817 3713 882 3767 et
932 3700 1134 3766 vitam
1191 3699 1494 3768 imitatus
1530 3721 1708 3768 sum.

109 3787 140 3869 ἓ
185 3790 274 3856 9.
321 3811 355 3853 «
396 3788 572 3871 Quid
615 3802 839 3857 autem
875 3787 1101 3857 dicam
1130 3786 1214 3855 de
1245 3787 1580 3867 Heraclio,
1612 3803 1675 3858 et
1707 3788 2060 3867 Demetrio,
2101 3788 2199 3856 vel
2235 3788 2556 3875 Dionysio

39 3866 428 3945 beatissimis
477 3877 855 3966 Episcopis,
900 3876 1140 3962 quales
1193 3878 1595 3946 tentationes
1625 3890 1690 3946 et
1723 3876 2026 3965 pericula
2076 3877 2558 3945 sustinuerunt

41 3960 110 4028 ab
148 3961 246 4042 iis,
282 3964 401 4051 qui
438 3966 738 4033 schisma
771 3965 1112 4034 faciebant
1139 3965 1205 4032 in
1244 3978 1582 4034 conventu
1613 3964 1949 4035 Ecclesiae
1984 3965 2551 4042 Christianorum,

39 4059 91 4114 et
124 4054 620 4122 conturbabant
657 4054 916 4142 plebem
961 4054 1114 4122 Dei‘?
1148 4059 1272 4123 Pro
1305 4076 1600 4141 quorum
1631 4053 1850 4123 salute
1899 4054 1982 4122 de
2033 4054 2178 4123 loco
2230 4054 2296 4120 in
2332 4053 2554 4121 locum

41 4138 406 4210 seinvicem
463 4142 702 4216 litteris
752 4143 1141 4222 monebant,
1198 4165 1280 4212 ne
1331 4143 1722 4212 recederent
1760 4166 1800 4211 a
1849 4143 1982 4211 lide
2023 4143 2293 4220 Christi,
2347 4163 2553 4226 quam

40 4243 439 4316 acceperant.
480 4237 668 4310 Ecce,
726 4231 1043 4300 sudorem
1096 4244 1160 4299 et
1202 4232 1500 4300 laborem
1559 4232 1985 4320 pertulerunt
2035 4253 2155 4319 pro
2184 4230 2553 4298 animabus

43 4318 267 4407 postris
316 4320 473 4387 boni
530 4332 833 4409 pastores
867 4320 1258 4388 animarum
1314 4334 1725 4389 nostrarum.
1783 4320 1904 4388 Sed
1953 4319 2066 4386 illa
2101 4319 2343 4407 gratia,
2382 4339 2557 4402 quae

38 4398 161 4472 illis
204 4407 461 4496 jugiter
492 4408 774 4489 adstitit,
841 4431 998 4478 curn
1043 4409 1141 4477 eis
1182 4431 1399 4495 usque
1450 4410 1518 4476 in
1568 4408 1770 4476 finem
1837 4408 2310 4498 perseveravit.
2365 4411 2555 4474 Nunc
