<?xml version="1.0" encoding="UTF-8"?>
<!DOCTYPE html PUBLIC "-//W3C//DTD XHTML 1.0 Transitional//EN"
    "http://www.w3.org/TR/xhtml1/DTD/xhtml1-transitional.dtd">
<html xmlns="http://www.w3.org/1999/xhtml" xml:lang="en" lang="en">
 <head>
  <title>
</title>
<meta http-equiv="Content-Type" content="text/html;charset=utf-8" />
  <meta name='ocr-system' content='tesseract 3.04.00' />
  <meta name='ocr-capabilities' content='ocr_page ocr_carea ocr_par ocr_line ocrx_word'/>
</head>
<body>
  <div class='ocr_page' id='page_1' title='image "./historiaeseuvit05lippgoog_0061.png"; bbox 0 0 2993 4837; ppageno 0'>
   <div class='ocr_carea' id='block_1_1' title="bbox 106 331 2535 396">
    <p class='ocr_par' dir='ltr' id='par_1_1' title="bbox 106 331 2535 396">
     <span class='ocr_line' id='line_1_1' title="bbox 106 331 2535 396; baseline 0.001 -2"><span class='ocrx_word' id='word_1_1' title='bbox 106 331 253 395; x_wconf 63' lang='lat'>503.</span> <span class='ocrx_word' id='word_1_2' title='bbox 306 331 348 394; x_wconf 69' lang='lat'>2</span> <span class='ocrx_word' id='word_1_3' title='bbox 939 351 1010 394; x_wconf 75' lang='lat' dir='ltr'>as</span> <span class='ocrx_word' id='word_1_4' title='bbox 1060 348 1385 394; x_wconf 62' lang='lat' dir='ltr'>sinamus</span> <span class='ocrx_word' id='word_1_5' title='bbox 1435 348 1776 395; x_wconf 57' lang='lat' dir='ltr'>nerui-icus</span> <span class='ocrx_word' id='word_1_6' title='bbox 2451 334 2535 396; x_wconf 76' lang='lat'>49</span> 
     </span>
    </p>
   </div>
   <div class='ocr_carea' id='block_1_2' title="bbox 88 431 2629 1944">
    <p class='ocr_par' dir='ltr' id='par_1_2' title="bbox 96 431 2621 700">
     <span class='ocr_line' id='line_1_2' title="bbox 102 431 2621 523; baseline 0 -20"><span class='ocrx_word' id='word_1_7' title='bbox 102 431 484 503; x_wconf 80' lang='lat' dir='ltr'>subsidiaria</span> <span class='ocrx_word' id='word_1_8' title='bbox 514 455 740 522; x_wconf 87' lang='lat' dir='ltr'>opera</span> <span class='ocrx_word' id='word_1_9' title='bbox 767 446 1008 513; x_wconf 79' lang='lat' dir='ltr'>carent,</span> <span class='ocrx_word' id='word_1_10' title='bbox 1041 454 1162 501; x_wconf 87' lang='lat' dir='ltr'>nec</span> <span class='ocrx_word' id='word_1_11' title='bbox 1187 432 1558 519; x_wconf 89' lang='lat' dir='ltr'>quicquam</span> <span class='ocrx_word' id='word_1_12' title='bbox 1595 434 1662 500; x_wconf 91' lang='lat' dir='ltr'>in</span> <span class='ocrx_word' id='word_1_13' title='bbox 1693 433 1933 501; x_wconf 81' lang='lat' dir='ltr'>Missas</span> <span class='ocrx_word' id='word_1_14' title='bbox 1971 432 2254 522; x_wconf 72' lang='lat' dir='ltr'>piasque</span> <span class='ocrx_word' id='word_1_15' title='bbox 2288 437 2621 523; x_wconf 75' lang='lat' dir='ltr'>erogatio·</span> 
     </span>
     <span class='ocr_line' id='line_1_3' title="bbox 98 520 2616 610; baseline 0.001 -21"><span class='ocrx_word' id='word_1_16' title='bbox 98 544 196 591; x_wconf 84' lang='lat' dir='ltr'>nes</span> <span class='ocrx_word' id='word_1_17' title='bbox 242 521 649 609; x_wconf 76' lang='lat' dir='ltr'>relinquere</span> <span class='ocrx_word' id='word_1_18' title='bbox 689 536 997 610; x_wconf 85' lang='lat' dir='ltr'>possunt,</span> <span class='ocrx_word' id='word_1_19' title='bbox 1043 521 1125 589; x_wconf 89' lang='lat' dir='ltr'>ad</span> <span class='ocrx_word' id='word_1_20' title='bbox 1173 522 1356 590; x_wconf 88' lang='lat' dir='ltr'>hunc</span> <span class='ocrx_word' id='word_1_21' title='bbox 1409 520 1690 590; x_wconf 88' lang='lat' dir='ltr'>modum</span> <span class='ocrx_word' id='word_1_22' title='bbox 1745 522 2068 608; x_wconf 85' lang='lat' dir='ltr'>loquitur.</span> <span class='ocrx_word' id='word_1_23' title='bbox 2126 522 2296 605; x_wconf 84' lang='lat' dir='ltr'>Quid</span> <span class='ocrx_word' id='word_1_24' title='bbox 2348 523 2616 591; x_wconf 84' lang='lat' dir='ltr'>tandem</span> 
     </span>
     <span class='ocr_line' id='line_1_4' title="bbox 96 610 2588 700; baseline 0.001 -23"><span class='ocrx_word' id='word_1_25' title='bbox 96 611 200 679; x_wconf 86' lang='lat' dir='ltr'>iste</span> <span class='ocrx_word' id='word_1_26' title='bbox 228 611 364 678; x_wconf 78' lang='lat' dir='ltr'>ait?</span> <span class='ocrx_word' id='word_1_27' title='bbox 403 618 503 679; x_wconf 83' lang='lat' dir='ltr'>An</span> <span class='ocrx_word' id='word_1_28' title='bbox 553 612 725 698; x_wconf 89' lang='lat' dir='ltr'>quia</span> <span class='ocrx_word' id='word_1_29' title='bbox 774 610 899 699; x_wconf 89' lang='lat' dir='ltr'>ipsi</span> <span class='ocrx_word' id='word_1_30' title='bbox 930 611 1178 700; x_wconf 90' lang='lat' dir='ltr'>opibus</span> <span class='ocrx_word' id='word_1_31' title='bbox 1205 610 1697 690; x_wconf 88' lang='lat' dir='ltr'>destituuntur,</span> <span class='ocrx_word' id='word_1_32' title='bbox 1742 626 2140 696; x_wconf 79' lang='lat' dir='ltr'>exterasque</span> <span class='ocrx_word' id='word_1_33' title='bbox 2176 612 2487 700; x_wconf 82' lang='lat' dir='ltr'>regiones</span> <span class='ocrx_word' id='word_1_34' title='bbox 2524 614 2588 680; x_wconf 89' lang='lat' dir='ltr'>in</span> 
     </span>
    </p>

    <p class='ocr_par' dir='ltr' id='par_1_3' title="bbox 88 697 2627 1500">
     <span class='ocr_line' id='line_1_5' title="bbox 90 697 2622 787; baseline -0.001 -18"><span class='ocrx_word' id='word_1_35' title='bbox 90 697 323 779; x_wconf 79' lang='lat' dir='ltr'>colum,</span> <span class='ocrx_word' id='word_1_36' title='bbox 353 699 704 785; x_wconf 89' lang='lat' dir='ltr'>nulloque</span> <span class='ocrx_word' id='word_1_37' title='bbox 730 699 872 768; x_wconf 87' lang='lat' dir='ltr'>loco</span> <span class='ocrx_word' id='word_1_38' title='bbox 904 722 978 768; x_wconf 91' lang='lat' dir='ltr'>ac</span> <span class='ocrx_word' id='word_1_39' title='bbox 1017 721 1303 768; x_wconf 88' lang='lat' dir='ltr'>numero</span> <span class='ocrx_word' id='word_1_40' title='bbox 1343 711 1733 778; x_wconf 71' lang='lat' dir='ltr'>censentur,</span> <span class='ocrx_word' id='word_1_41' title='bbox 1776 721 1896 768; x_wconf 91' lang='lat' dir='ltr'>nec</span> <span class='ocrx_word' id='word_1_42' title='bbox 1930 699 2183 768; x_wconf 87' lang='lat' dir='ltr'>habent</span> <span class='ocrx_word' id='word_1_43' title='bbox 2212 701 2329 787; x_wconf 87' lang='lat' dir='ltr'>qui</span> <span class='ocrx_word' id='word_1_44' title='bbox 2370 700 2622 770; x_wconf 74' lang='lat' dir='ltr'>laboris</span> 
     </span>
     <span class='ocr_line' id='line_1_6' title="bbox 95 787 2627 879; baseline -0.001 -22"><span class='ocrx_word' id='word_1_45' title='bbox 95 789 290 857; x_wconf 83' lang='lat' dir='ltr'>socios</span> <span class='ocrx_word' id='word_1_46' title='bbox 338 810 494 858; x_wconf 86' lang='lat' dir='ltr'>sese</span> <span class='ocrx_word' id='word_1_47' title='bbox 540 789 685 858; x_wconf 90' lang='lat' dir='ltr'>illis</span> <span class='ocrx_word' id='word_1_48' title='bbox 730 787 1127 879; x_wconf 81' lang='lat' dir='ltr'>adjungant,</span> <span class='ocrx_word' id='word_1_49' title='bbox 1186 800 1538 878; x_wconf 87' lang='lat' dir='ltr'>propterea</span> <span class='ocrx_word' id='word_1_50' title='bbox 1586 787 1875 857; x_wconf 88' lang='lat' dir='ltr'>salutem</span> <span class='ocrx_word' id='word_1_51' title='bbox 1940 811 2070 858; x_wconf 91' lang='lat' dir='ltr'>non</span> <span class='ocrx_word' id='word_1_52' title='bbox 2119 794 2627 876; x_wconf 49' lang='lat' dir='ltr'>assequentur?</span> 
     </span>
     <span class='ocr_line' id='line_1_7' title="bbox 94 875 2618 967; baseline -0.001 -22"><span class='ocrx_word' id='word_1_53' title='bbox 94 875 409 963; x_wconf 76' lang='lat' dir='ltr'>iniquitas</span> <span class='ocrx_word' id='word_1_54' title='bbox 460 899 635 967; x_wconf 85' lang='lat' dir='ltr'>ergo</span> <span class='ocrx_word' id='word_1_55' title='bbox 665 878 730 945; x_wconf 90' lang='lat' dir='ltr'>in</span> <span class='ocrx_word' id='word_1_56' title='bbox 774 882 974 945; x_wconf 91' lang='lat' dir='ltr'>Deum</span> <span class='ocrx_word' id='word_1_57' title='bbox 1010 877 1227 956; x_wconf 82' lang='lat' dir='ltr'>cadet,</span> <span class='ocrx_word' id='word_1_58' title='bbox 1269 876 1606 962; x_wconf 87' lang='lat' dir='ltr'>siquidem</span> <span class='ocrx_word' id='word_1_59' title='bbox 1654 877 1928 946; x_wconf 83' lang='lat' dir='ltr'>habenti</span> <span class='ocrx_word' id='word_1_60' title='bbox 1978 878 2267 947; x_wconf 85' lang='lat' dir='ltr'>daturus</span> <span class='ocrx_word' id='word_1_61' title='bbox 2315 892 2437 959; x_wconf 90' lang='lat' dir='ltr'>est,</span> <span class='ocrx_word' id='word_1_62' title='bbox 2489 900 2618 945; x_wconf 83' lang='lat' dir='ltr'>non</span> 
     </span>
     <span class='ocr_line' id='line_1_8' title="bbox 90 965 2614 1055; baseline -0.001 -22"><span class='ocrx_word' id='word_1_63' title='bbox 90 979 294 1034; x_wconf 82' lang='lat' dir='ltr'>autem</span> <span class='ocrx_word' id='word_1_64' title='bbox 348 965 641 1036; x_wconf 87' lang='lat' dir='ltr'>habenti</span> <span class='ocrx_word' id='word_1_65' title='bbox 692 965 860 1035; x_wconf 86' lang='lat' dir='ltr'>nihil</span> <span class='ocrx_word' id='word_1_66' title='bbox 910 966 1213 1035; x_wconf 77' lang='lat' dir='ltr'>tribuet?</span> <span class='ocrx_word' id='word_1_67' title='bbox 1260 965 1583 1055; x_wconf 80' lang='lat' dir='ltr'>Apagesis</span> <span class='ocrx_word' id='word_1_68' title='bbox 1618 965 1826 1045; x_wconf 90' lang='lat' dir='ltr'>istud,</span> <span class='ocrx_word' id='word_1_69' title='bbox 1874 966 2192 1053; x_wconf 85' lang='lat' dir='ltr'>quisquis</span> <span class='ocrx_word' id='word_1_70' title='bbox 2222 989 2301 1034; x_wconf 82' lang='lat' dir='ltr'>ex</span> <span class='ocrx_word' id='word_1_71' title='bbox 2337 967 2486 1055; x_wconf 90' lang='lat' dir='ltr'>ipso</span> <span class='ocrx_word' id='word_1_72' title='bbox 2519 990 2614 1033; x_wconf 74' lang='lat' dir='ltr'>es.</span> 
     </span>
     <span class='ocr_line' id='line_1_9' title="bbox 88 1052 2622 1145; baseline 0.002 -28"><span class='ocrx_word' id='word_1_73' title='bbox 88 1052 307 1123; x_wconf 68' lang='lat' dir='ltr'>iustus</span> <span class='ocrx_word' id='word_1_74' title='bbox 339 1056 536 1124; x_wconf 90' lang='lat' dir='ltr'>enim</span> <span class='ocrx_word' id='word_1_75' title='bbox 589 1068 688 1123; x_wconf 91' lang='lat' dir='ltr'>est</span> <span class='ocrx_word' id='word_1_76' title='bbox 738 1060 910 1123; x_wconf 91' lang='lat' dir='ltr'>Deus</span> <span class='ocrx_word' id='word_1_77' title='bbox 949 1078 1027 1124; x_wconf 87' lang='lat' dir='ltr'>ac</span> <span class='ocrx_word' id='word_1_78' title='bbox 1072 1054 1427 1135; x_wconf 84' lang='lat' dir='ltr'>Dominus,</span> <span class='ocrx_word' id='word_1_79' title='bbox 1485 1055 1718 1134; x_wconf 86' lang='lat' dir='ltr'>immo.</span> <span class='ocrx_word' id='word_1_80' title='bbox 1777 1068 1851 1122; x_wconf 88' lang='lat' dir='ltr'>ut</span> <span class='ocrx_word' id='word_1_81' title='bbox 1893 1056 2118 1123; x_wconf 90' lang='lat' dir='ltr'>verius</span> <span class='ocrx_word' id='word_1_82' title='bbox 2176 1054 2415 1141; x_wconf 84' lang='lat' dir='ltr'>loquar</span> <span class='ocrx_word' id='word_1_83' title='bbox 2446 1111 2460 1135; x_wconf 91' lang='lat'>,</span> <span class='ocrx_word' id='word_1_84' title='bbox 2505 1057 2622 1145; x_wconf 88' lang='lat' dir='ltr'>ju-</span> 
     </span>
     <span class='ocr_line' id='line_1_10' title="bbox 88 1143 2623 1233; baseline 0.001 -24"><span class='ocrx_word' id='word_1_85' title='bbox 88 1143 251 1211; x_wconf 84' lang='lat' dir='ltr'>stitia</span> <span class='ocrx_word' id='word_1_86' title='bbox 296 1143 476 1230; x_wconf 85' lang='lat' dir='ltr'>ipsa,</span> <span class='ocrx_word' id='word_1_87' title='bbox 510 1156 577 1211; x_wconf 91' lang='lat' dir='ltr'>et</span> <span class='ocrx_word' id='word_1_88' title='bbox 603 1143 958 1233; x_wconf 78' lang='lat' dir='ltr'>sapientia,</span> <span class='ocrx_word' id='word_1_89' title='bbox 989 1157 1053 1214; x_wconf 88' lang='lat' dir='ltr'>et</span> <span class='ocrx_word' id='word_1_90' title='bbox 1078 1144 1371 1223; x_wconf 75' lang='lat' dir='ltr'>bonitaS,</span> <span class='ocrx_word' id='word_1_91' title='bbox 1407 1155 1471 1211; x_wconf 89' lang='lat' dir='ltr'>et</span> <span class='ocrx_word' id='word_1_92' title='bbox 1507 1143 1801 1231; x_wconf 88' lang='lat' dir='ltr'>potentia</span> <span class='ocrx_word' id='word_1_93' title='bbox 1836 1165 2012 1222; x_wconf 90' lang='lat' dir='ltr'>vera,</span> <span class='ocrx_word' id='word_1_94' title='bbox 2051 1167 2127 1211; x_wconf 87' lang='lat' dir='ltr'>ac</span> <span class='ocrx_word' id='word_1_95' title='bbox 2159 1166 2277 1232; x_wconf 91' lang='lat' dir='ltr'>per</span> <span class='ocrx_word' id='word_1_96' title='bbox 2305 1166 2372 1214; x_wconf 88' lang='lat' dir='ltr'>se</span> <span class='ocrx_word' id='word_1_97' title='bbox 2399 1146 2623 1214; x_wconf 89' lang='lat' dir='ltr'>consi-</span> 
     </span>
     <span class='ocr_line' id='line_1_11' title="bbox 90 1232 2624 1323; baseline 0 -23"><span class='ocrx_word' id='word_1_98' title='bbox 90 1244 278 1300; x_wconf 86' lang='lat' dir='ltr'>stens.</span> <span class='ocrx_word' id='word_1_99' title='bbox 310 1234 656 1314; x_wconf 87' lang='lat' dir='ltr'>Quocirca</span> <span class='ocrx_word' id='word_1_100' title='bbox 690 1254 812 1323; x_wconf 91' lang='lat' dir='ltr'>pro</span> <span class='ocrx_word' id='word_1_101' title='bbox 846 1255 964 1301; x_wconf 84' lang='lat' dir='ltr'>sua</span> <span class='ocrx_word' id='word_1_102' title='bbox 999 1232 1292 1322; x_wconf 90' lang='lat' dir='ltr'>justitia,</span> <span class='ocrx_word' id='word_1_103' title='bbox 1328 1232 1637 1320; x_wconf 87' lang='lat' dir='ltr'>pauperi,</span> <span class='ocrx_word' id='word_1_104' title='bbox 1674 1254 1750 1300; x_wconf 88' lang='lat' dir='ltr'>ac</span> <span class='ocrx_word' id='word_1_105' title='bbox 1790 1254 2014 1300; x_wconf 91' lang='lat' dir='ltr'>rerum</span> <span class='ocrx_word' id='word_1_106' title='bbox 2049 1234 2359 1301; x_wconf 88' lang='lat' dir='ltr'>omnium</span> <span class='ocrx_word' id='word_1_107' title='bbox 2396 1233 2624 1322; x_wconf 90' lang='lat' dir='ltr'>inopia</span> 
     </span>
     <span class='ocr_line' id='line_1_12' title="bbox 95 1319 2619 1411; baseline 0.001 -23"><span class='ocrx_word' id='word_1_108' title='bbox 95 1319 440 1401; x_wconf 80' lang='lat' dir='ltr'>laboranti,</span> <span class='ocrx_word' id='word_1_109' title='bbox 486 1322 723 1411; x_wconf 87' lang='lat' dir='ltr'>copias</span> <span class='ocrx_word' id='word_1_110' title='bbox 755 1320 1222 1411; x_wconf 87' lang='lat' dir='ltr'>amplissimas</span> <span class='ocrx_word' id='word_1_111' title='bbox 1260 1320 1613 1410; x_wconf 88' lang='lat' dir='ltr'>rependet:</span> <span class='ocrx_word' id='word_1_112' title='bbox 1653 1342 1774 1410; x_wconf 90' lang='lat' dir='ltr'>pro</span> <span class='ocrx_word' id='word_1_113' title='bbox 1815 1342 1936 1389; x_wconf 90' lang='lat' dir='ltr'>sua</span> <span class='ocrx_word' id='word_1_114' title='bbox 1972 1321 2304 1409; x_wconf 78' lang='lat' dir='ltr'>sapientia</span> <span class='ocrx_word' id='word_1_115' title='bbox 2340 1320 2402 1388; x_wconf 93' lang='lat' dir='ltr'>id</span> <span class='ocrx_word' id='word_1_116' title='bbox 2443 1336 2619 1411; x_wconf 85' lang='lat' dir='ltr'>aget,</span> 
     </span>
     <span class='ocr_line' id='line_1_13' title="bbox 93 1407 2593 1500; baseline 0.002 -25"><span class='ocrx_word' id='word_1_117' title='bbox 93 1422 159 1476; x_wconf 87' lang='lat' dir='ltr'>ut</span> <span class='ocrx_word' id='word_1_118' title='bbox 191 1430 267 1478; x_wconf 84' lang='lat' dir='ltr'>ea</span> <span class='ocrx_word' id='word_1_119' title='bbox 303 1432 491 1496; x_wconf 87' lang='lat' dir='ltr'>quae</span> <span class='ocrx_word' id='word_1_120' title='bbox 539 1411 672 1499; x_wconf 88' lang='lat' dir='ltr'>ipsi</span> <span class='ocrx_word' id='word_1_121' title='bbox 729 1410 999 1481; x_wconf 81' lang='lat' dir='ltr'>desunt.</span> <span class='ocrx_word' id='word_1_122' title='bbox 1056 1408 1556 1499; x_wconf 87' lang='lat' dir='ltr'>permutatione</span> <span class='ocrx_word' id='word_1_123' title='bbox 1605 1407 2104 1498; x_wconf 77' lang='lat' dir='ltr'>suppleantur:</span> <span class='ocrx_word' id='word_1_124' title='bbox 2161 1433 2281 1499; x_wconf 92' lang='lat' dir='ltr'>pro</span> <span class='ocrx_word' id='word_1_125' title='bbox 2333 1432 2457 1480; x_wconf 89' lang='lat' dir='ltr'>sua</span> <span class='ocrx_word' id='word_1_126' title='bbox 2510 1432 2593 1500; x_wconf 89' lang='lat' dir='ltr'>po</span> 
     </span>
    </p>

    <p class='ocr_par' dir='ltr' id='par_1_4' title="bbox 94 1496 2629 1944">
     <span class='ocr_line' id='line_1_14' title="bbox 96 1496 2627 1586; baseline 0.001 -22"><span class='ocrx_word' id='word_1_127' title='bbox 96 1497 283 1566; x_wconf 87' lang='lat' dir='ltr'>tentia</span> <span class='ocrx_word' id='word_1_128' title='bbox 334 1499 400 1566; x_wconf 91' lang='lat' dir='ltr'>id</span> <span class='ocrx_word' id='word_1_129' title='bbox 456 1499 643 1586; x_wconf 92' lang='lat' dir='ltr'>quod</span> <span class='ocrx_word' id='word_1_130' title='bbox 700 1499 1056 1568; x_wconf 90' lang='lat' dir='ltr'>robustum</span> <span class='ocrx_word' id='word_1_131' title='bbox 1108 1510 1210 1566; x_wconf 90' lang='lat' dir='ltr'>est</span> <span class='ocrx_word' id='word_1_132' title='bbox 1248 1496 1537 1586; x_wconf 84' lang='lat' dir='ltr'>franget,</span> <span class='ocrx_word' id='word_1_133' title='bbox 1568 1510 1656 1565; x_wconf 87' lang='lat' dir='ltr'>·et</span> <span class='ocrx_word' id='word_1_134' title='bbox 1694 1497 1872 1582; x_wconf 89' lang='lat' dir='ltr'>quod</span> <span class='ocrx_word' id='word_1_135' title='bbox 1929 1499 2282 1568; x_wconf 86' lang='lat' dir='ltr'>infirmum</span> <span class='ocrx_word' id='word_1_136' title='bbox 2328 1511 2427 1567; x_wconf 88' lang='lat' dir='ltr'>est</span> <span class='ocrx_word' id='word_1_137' title='bbox 2475 1521 2627 1568; x_wconf 88' lang='lat' dir='ltr'>cor—</span> 
     </span>
     <span class='ocr_line' id='line_1_15' title="bbox 94 1585 2626 1678; baseline 0 -25"><span class='ocrx_word' id='word_1_138' title='bbox 94 1585 470 1668; x_wconf 89' lang='lat' dir='ltr'>roborabit;</span> <span class='ocrx_word' id='word_1_139' title='bbox 529 1609 651 1678; x_wconf 92' lang='lat' dir='ltr'>pro</span> <span class='ocrx_word' id='word_1_140' title='bbox 692 1610 813 1657; x_wconf 90' lang='lat' dir='ltr'>sua</span> <span class='ocrx_word' id='word_1_141' title='bbox 872 1587 1168 1656; x_wconf 89' lang='lat' dir='ltr'>bonitate</span> <span class='ocrx_word' id='word_1_142' title='bbox 1219 1585 1285 1653; x_wconf 93' lang='lat' dir='ltr'>id</span> <span class='ocrx_word' id='word_1_143' title='bbox 1331 1585 1515 1673; x_wconf 91' lang='lat' dir='ltr'>quod</span> <span class='ocrx_word' id='word_1_144' title='bbox 1570 1587 1890 1656; x_wconf 90' lang='lat' dir='ltr'>manibus</span> <span class='ocrx_word' id='word_1_145' title='bbox 1940 1588 2083 1657; x_wconf 87' lang='lat' dir='ltr'>suis</span> <span class='ocrx_word' id='word_1_146' title='bbox 2133 1586 2416 1667; x_wconf 83' lang='lat' dir='ltr'>effinxit,</span> <span class='ocrx_word' id='word_1_147' title='bbox 2461 1611 2626 1656; x_wconf 87' lang='lat' dir='ltr'>con-</span> 
     </span>
     <span class='ocr_line' id='line_1_16' title="bbox 97 1674 2622 1765; baseline 0.001 -22"><span class='ocrx_word' id='word_1_148' title='bbox 97 1676 428 1745; x_wconf 77' lang='lat' dir='ltr'>servabit:</span> <span class='ocrx_word' id='word_1_149' title='bbox 518 1676 649 1746; x_wconf 89' lang='lat' dir='ltr'>nisi</span> <span class='ocrx_word' id='word_1_150' title='bbox 727 1676 884 1762; x_wconf 87' lang='lat' dir='ltr'>quis</span> <span class='ocrx_word' id='word_1_151' title='bbox 964 1674 1320 1765; x_wconf 86' lang='lat' dir='ltr'>perspicue</span> <span class='ocrx_word' id='word_1_152' title='bbox 1385 1674 1778 1765; x_wconf 86' lang='lat' dir='ltr'>deploratae</span> <span class='ocrx_word' id='word_1_153' title='bbox 1818 1674 2301 1762; x_wconf 81' lang='lat' dir='ltr'>improbitatis</span> <span class='ocrx_word' id='word_1_154' title='bbox 2366 1676 2569 1745; x_wconf 81' lang='lat' dir='ltr'>fuerit</span> <span class='ocrx_word' id='word_1_155' title='bbox 2607 1734 2622 1753; x_wconf 88' lang='lat'>‚</span> 
     </span>
     <span class='ocr_line' id='line_1_17' title="bbox 100 1764 2629 1854; baseline 0 -22"><span class='ocrx_word' id='word_1_156' title='bbox 100 1777 479 1851; x_wconf 82' lang='lat' dir='ltr'>rectamque</span> <span class='ocrx_word' id='word_1_157' title='bbox 530 1765 733 1834; x_wconf 86' lang='lat' dir='ltr'>fidem</span> <span class='ocrx_word' id='word_1_158' title='bbox 786 1764 1314 1854; x_wconf 84' lang='lat' dir='ltr'>contempserit,</span> <span class='ocrx_word' id='word_1_159' title='bbox 1373 1764 1437 1831; x_wconf 90' lang='lat' dir='ltr'>in</span> <span class='ocrx_word' id='word_1_160' title='bbox 1488 1785 1704 1850; x_wconf 84' lang='lat' dir='ltr'>eaque</span> <span class='ocrx_word' id='word_1_161' title='bbox 1765 1786 1972 1834; x_wconf 86' lang='lat' dir='ltr'>causa</span> <span class='ocrx_word' id='word_1_162' title='bbox 2033 1765 2168 1845; x_wconf 85' lang='lat' dir='ltr'>sit,</span> <span class='ocrx_word' id='word_1_163' title='bbox 2225 1779 2299 1833; x_wconf 90' lang='lat' dir='ltr'>ut</span> <span class='ocrx_word' id='word_1_164' title='bbox 2349 1766 2629 1834; x_wconf 82' lang='lat' dir='ltr'>sinistra</span> 
     </span>
     <span class='ocr_line' id='line_1_18' title="bbox 100 1850 2628 1944; baseline 0.001 -25"><span class='ocrx_word' id='word_1_165' title='bbox 100 1850 303 1940; x_wconf 87' lang='lat' dir='ltr'>ipsius</span> <span class='ocrx_word' id='word_1_166' title='bbox 372 1855 536 1923; x_wconf 80' lang='lat' dir='ltr'>lanx</span> <span class='ocrx_word' id='word_1_167' title='bbox 599 1854 919 1923; x_wconf 79' lang='lat' dir='ltr'>deorsum</span> <span class='ocrx_word' id='word_1_168' title='bbox 977 1875 1135 1941; x_wconf 88' lang='lat' dir='ltr'>prae</span> <span class='ocrx_word' id='word_1_169' title='bbox 1196 1854 1525 1942; x_wconf 84' lang='lat' dir='ltr'>gravitate</span> <span class='ocrx_word' id='word_1_170' title='bbox 1594 1853 1916 1941; x_wconf 88' lang='lat' dir='ltr'>majorem</span> <span class='ocrx_word' id='word_1_171' title='bbox 1989 1853 2052 1920; x_wconf 86' lang='lat' dir='ltr'>in</span> <span class='ocrx_word' id='word_1_172' title='bbox 2121 1853 2400 1922; x_wconf 87' lang='lat' dir='ltr'>modum</span> <span class='ocrx_word' id='word_1_173' title='bbox 2471 1876 2628 1944; x_wconf 86' lang='lat' dir='ltr'>pro·</span> 
     </span>
    </p>
   </div>
   <div class='ocr_carea' id='block_1_3' title="bbox 106 1941 2622 2117">
    <p class='ocr_par' dir='ltr' id='par_1_5' title="bbox 106 1941 2622 2117">
     <span class='ocr_line' id='line_1_19' title="bbox 106 1941 2622 2117; baseline -0.002 -15"><span class='ocrx_word' id='word_1_174' title='bbox 106 1941 400 2117; x_wconf 49' lang='grc' dir='ltr'>1)θὲἀίῗῖ</span> <span class='ocrx_word' id='word_1_175' title='bbox 459 2036 749 2100; x_wconf 84' lang='lat' dir='ltr'>Narrant</span> <span class='ocrx_word' id='word_1_176' title='bbox 797 2030 979 2098; x_wconf 73' lang='lat' dir='ltr'>enim</span> <span class='ocrx_word' id='word_1_177' title='bbox 1026 1996 1469 2116; x_wconf 61' lang='lat' dir='ltr'>vin-{quidam</span> <span class='ocrx_word' id='word_1_178' title='bbox 1516 2028 1848 2098; x_wconf 87' lang='lat' dir='ltr'>divinitus</span> <span class='ocrx_word' id='word_1_179' title='bbox 1880 2029 2224 2108; x_wconf 87' lang='lat' dir='ltr'>illustrati,</span> <span class='ocrx_word' id='word_1_180' title='bbox 2264 2031 2622 2098; x_wconf 87' lang='lat' dir='ltr'>hominum</span> 
     </span>
    </p>
   </div>
   <div class='ocr_carea' id='block_1_4' title="bbox 104 2118 2664 4518">
    <p class='ocr_par' dir='ltr' id='par_1_6' title="bbox 104 2118 2664 4518">
     <span class='ocr_line' id='line_1_20' title="bbox 114 2118 2632 2207; baseline -0.001 -20"><span class='ocrx_word' id='word_1_181' title='bbox 114 2121 382 2188; x_wconf 72' lang='lat' dir='ltr'>actiones</span> <span class='ocrx_word' id='word_1_182' title='bbox 434 2120 506 2187; x_wconf 91' lang='lat' dir='ltr'>in</span> <span class='ocrx_word' id='word_1_183' title='bbox 558 2131 856 2187; x_wconf 72' lang='lat' dir='ltr'>extremo</span> <span class='ocrx_word' id='word_1_184' title='bbox 906 2118 1077 2186; x_wconf 87' lang='lat' dir='ltr'>vitae</span> <span class='ocrx_word' id='word_1_185' title='bbox 1116 2118 1387 2205; x_wconf 88' lang='lat' dir='ltr'>spiritu,</span> <span class='ocrx_word' id='word_1_186' title='bbox 1434 2139 1565 2186; x_wconf 92' lang='lat' dir='ltr'>non</span> <span class='ocrx_word' id='word_1_187' title='bbox 1607 2139 1804 2186; x_wconf 85' lang='lat' dir='ltr'>secus</span> <span class='ocrx_word' id='word_1_188' title='bbox 1837 2132 2038 2204; x_wconf 87' lang='lat' dir='ltr'>atque</span> <span class='ocrx_word' id='word_1_189' title='bbox 2069 2118 2135 2185; x_wconf 91' lang='lat' dir='ltr'>in</span> <span class='ocrx_word' id='word_1_190' title='bbox 2189 2118 2446 2187; x_wconf 89' lang='lat' dir='ltr'>trutina</span> <span class='ocrx_word' id='word_1_191' title='bbox 2484 2141 2632 2207; x_wconf 91' lang='lat' dir='ltr'>per-</span> 
     </span>
     <span class='ocr_line' id='line_1_21' title="bbox 126 2206 2632 2296; baseline -0.001 -21"><span class='ocrx_word' id='word_1_192' title='bbox 126 2206 314 2293; x_wconf 78' lang='lat' dir='ltr'>pendi.</span> <span class='ocrx_word' id='word_1_193' title='bbox 368 2214 460 2277; x_wconf 78' lang='lat' dir='ltr'>Ac</span> <span class='ocrx_word' id='word_1_194' title='bbox 503 2207 841 2295; x_wconf 88' lang='lat' dir='ltr'>siquidem</span> <span class='ocrx_word' id='word_1_195' title='bbox 886 2206 1117 2274; x_wconf 86' lang='lat' dir='ltr'>dextra</span> <span class='ocrx_word' id='word_1_196' title='bbox 1168 2206 1323 2274; x_wconf 82' lang='lat' dir='ltr'>lanx</span> <span class='ocrx_word' id='word_1_197' title='bbox 1360 2229 1570 2296; x_wconf 89' lang='lat' dir='ltr'>supra</span> <span class='ocrx_word' id='word_1_198' title='bbox 1607 2206 1886 2275; x_wconf 86' lang='lat' dir='ltr'>alteram</span> <span class='ocrx_word' id='word_1_199' title='bbox 1925 2206 2266 2286; x_wconf 78' lang='lat' dir='ltr'>efferatur,</span> <span class='ocrx_word' id='word_1_200' title='bbox 2316 2228 2448 2274; x_wconf 88' lang='lat' dir='ltr'>non</span> <span class='ocrx_word' id='word_1_201' title='bbox 2485 2229 2632 2276; x_wconf 84' lang='lat' dir='ltr'>esse</span> 
     </span>
     <span class='ocr_line' id='line_1_22' title="bbox 128 2288 2624 2385; baseline 0.001 -25"><span class='ocrx_word' id='word_1_202' title='bbox 128 2288 575 2376; x_wconf 83' lang='lat' dir='ltr'>dubitandum,</span> <span class='ocrx_word' id='word_1_203' title='bbox 615 2297 781 2383; x_wconf 91' lang='lat' dir='ltr'>quin</span> <span class='ocrx_word' id='word_1_204' title='bbox 824 2296 1141 2382; x_wconf 87' lang='lat' dir='ltr'>quisquis</span> <span class='ocrx_word' id='word_1_205' title='bbox 1177 2294 1288 2363; x_wconf 88' lang='lat' dir='ltr'>ille</span> <span class='ocrx_word' id='word_1_206' title='bbox 1322 2294 1431 2374; x_wconf 90' lang='lat' dir='ltr'>sit,</span> <span class='ocrx_word' id='word_1_207' title='bbox 1484 2296 1658 2365; x_wconf 88' lang='lat' dir='ltr'>inter</span> <span class='ocrx_word' id='word_1_208' title='bbox 1691 2295 1960 2364; x_wconf 79' lang='lat' dir='ltr'>dextros</span> <span class='ocrx_word' id='word_1_209' title='bbox 2000 2294 2288 2385; x_wconf 79' lang='lat' dir='ltr'>Angelos</span> <span class='ocrx_word' id='word_1_210' title='bbox 2323 2295 2624 2363; x_wconf 88' lang='lat' dir='ltr'>animam</span> 
     </span>
     <span class='ocr_line' id='line_1_23' title="bbox 124 2379 2632 2471; baseline 0.002 -21"><span class='ocrx_word' id='word_1_211' title='bbox 124 2379 369 2455; x_wconf 74' lang='lat' dir='ltr'>exhalet.</span> <span class='ocrx_word' id='word_1_212' title='bbox 427 2385 495 2456; x_wconf 89' lang='lat' dir='ltr'>Si</span> <span class='ocrx_word' id='word_1_213' title='bbox 546 2399 786 2455; x_wconf 88' lang='lat' dir='ltr'>autem</span> <span class='ocrx_word' id='word_1_214' title='bbox 867 2385 1010 2453; x_wconf 88' lang='lat' dir='ltr'>aria</span> <span class='ocrx_word' id='word_1_215' title='bbox 1046 2384 1405 2471; x_wconf 87' lang='lat' dir='ltr'>utriusque</span> <span class='ocrx_word' id='word_1_216' title='bbox 1456 2383 1675 2454; x_wconf 88' lang='lat' dir='ltr'>lancis</span> <span class='ocrx_word' id='word_1_217' title='bbox 1727 2398 2070 2460; x_wconf 88' lang='lat' dir='ltr'>momenta</span> <span class='ocrx_word' id='word_1_218' title='bbox 2120 2385 2277 2463; x_wconf 87' lang='lat' dir='ltr'>sint,</span> <span class='ocrx_word' id='word_1_219' title='bbox 2336 2384 2445 2452; x_wconf 86' lang='lat' dir='ltr'>Dei</span> <span class='ocrx_word' id='word_1_220' title='bbox 2497 2383 2632 2454; x_wconf 89' lang='lat' dir='ltr'>cle-</span> 
     </span>
     <span class='ocr_line' id='line_1_24' title="bbox 104 2408 2632 2564; baseline 0.001 -24"><span class='ocrx_word' id='word_1_221' title='bbox 104 2475 412 2544; x_wconf 83' lang='lat' dir='ltr'>&#39;mentiam</span> <span class='ocrx_word' id='word_1_222' title='bbox 472 2408 927 2564; x_wconf 57' lang='lat' dir='ltr'>proculdubio</span> <span class='ocrx_word' id='word_1_223' title='bbox 976 2473 1325 2542; x_wconf 89' lang='lat' dir='ltr'>victoriam</span> <span class='ocrx_word' id='word_1_224' title='bbox 1379 2473 1707 2546; x_wconf 87' lang='lat' dir='ltr'>obtinere.</span> <span class='ocrx_word' id='word_1_225' title='bbox 1749 2474 1951 2556; x_wconf 87' lang='lat' dir='ltr'>Quin,</span> <span class='ocrx_word' id='word_1_226' title='bbox 1993 2486 2067 2542; x_wconf 92' lang='lat' dir='ltr'>ut</span> <span class='ocrx_word' id='word_1_227' title='bbox 2099 2496 2139 2541; x_wconf 92' lang='lat' dir='ltr'>a</span> <span class='ocrx_word' id='word_1_228' title='bbox 2178 2473 2632 2543; x_wconf 83' lang='lat' dir='ltr'>sanctissimis</span> 
     </span>
     <span class='ocr_line' id='line_1_25' title="bbox 120 2557 2626 2652; baseline 0.001 -25"><span class='ocrx_word' id='word_1_229' title='bbox 120 2557 262 2630; x_wconf 79' lang='lat' dir='ltr'>viris</span> <span class='ocrx_word' id='word_1_230' title='bbox 306 2563 652 2652; x_wconf 90' lang='lat' dir='ltr'>proditum</span> <span class='ocrx_word' id='word_1_231' title='bbox 705 2576 842 2642; x_wconf 88' lang='lat' dir='ltr'>est,</span> <span class='ocrx_word' id='word_1_232' title='bbox 895 2563 1165 2630; x_wconf 81' lang='lat' dir='ltr'>etiamsi</span> <span class='ocrx_word' id='word_1_233' title='bbox 1216 2563 1467 2630; x_wconf 90' lang='lat' dir='ltr'>trutina</span> <span class='ocrx_word' id='word_1_234' title='bbox 1531 2562 1842 2632; x_wconf 85' lang='lat' dir='ltr'>nonnihil</span> <span class='ocrx_word' id='word_1_235' title='bbox 1895 2561 1976 2630; x_wconf 88' lang='lat' dir='ltr'>ad</span> <span class='ocrx_word' id='word_1_236' title='bbox 2029 2562 2288 2631; x_wconf 83' lang='lat' dir='ltr'>laevam</span> <span class='ocrx_word' id='word_1_237' title='bbox 2354 2574 2626 2650; x_wconf 79' lang='lat' dir='ltr'>vergat,</span> 
     </span>
     <span class='ocr_line' id='line_1_26' title="bbox 118 2650 2627 2739; baseline 0 -23"><span class='ocrx_word' id='word_1_238' title='bbox 118 2659 249 2717; x_wconf 87' lang='lat' dir='ltr'>tum</span> <span class='ocrx_word' id='word_1_239' title='bbox 295 2666 512 2721; x_wconf 83' lang='lat' dir='ltr'>tamen</span> <span class='ocrx_word' id='word_1_240' title='bbox 562 2652 671 2720; x_wconf 91' lang='lat' dir='ltr'>Dei</span> <span class='ocrx_word' id='word_1_241' title='bbox 714 2673 986 2737; x_wconf 89' lang='lat' dir='ltr'>quoque</span> <span class='ocrx_word' id='word_1_242' title='bbox 1024 2650 1487 2719; x_wconf 73' lang='lat' dir='ltr'>misericordia</span> <span class='ocrx_word' id='word_1_243' title='bbox 1533 2650 1807 2739; x_wconf 89' lang='lat' dir='ltr'>supplet</span> <span class='ocrx_word' id='word_1_244' title='bbox 1844 2650 1906 2718; x_wconf 92' lang='lat' dir='ltr'>id</span> <span class='ocrx_word' id='word_1_245' title='bbox 1943 2651 2120 2737; x_wconf 89' lang='lat' dir='ltr'>quod</span> <span class='ocrx_word' id='word_1_246' title='bbox 2175 2651 2627 2720; x_wconf 83' lang='lat' dir='ltr'>desideratur.</span> 
     </span>
     <span class='ocr_line' id='line_1_27' title="bbox 120 2737 2636 2829; baseline 0.002 -25"><span class='ocrx_word' id='word_1_247' title='bbox 120 2737 322 2809; x_wconf 74' lang='lat' dir='ltr'>Habes</span> <span class='ocrx_word' id='word_1_248' title='bbox 348 2741 490 2829; x_wconf 89' lang='lat' dir='ltr'>jam</span> <span class='ocrx_word' id='word_1_249' title='bbox 545 2754 681 2809; x_wconf 90' lang='lat' dir='ltr'>tres</span> <span class='ocrx_word' id='word_1_250' title='bbox 720 2739 989 2808; x_wconf 86' lang='lat' dir='ltr'>divinas</span> <span class='ocrx_word' id='word_1_251' title='bbox 1043 2740 1306 2808; x_wconf 80' lang='lat' dir='ltr'>Domini</span> <span class='ocrx_word' id='word_1_252' title='bbox 1360 2740 1779 2820; x_wconf 84' lang='lat' dir='ltr'>sententias,</span> <span class='ocrx_word' id='word_1_253' title='bbox 1846 2762 2135 2827; x_wconf 88' lang='lat' dir='ltr'>quarum</span> <span class='ocrx_word' id='word_1_254' title='bbox 2186 2741 2404 2829; x_wconf 88' lang='lat' dir='ltr'>prima</span> <span class='ocrx_word' id='word_1_255' title='bbox 2446 2739 2636 2826; x_wconf 81' lang='lat' dir='ltr'>justa</span> 
     </span>
     <span class='ocr_line' id='line_1_28' title="bbox 124 2827 2631 2918; baseline 0.001 -25"><span class='ocrx_word' id='word_1_256' title='bbox 124 2838 247 2906; x_wconf 76' lang='lat' dir='ltr'>est,</span> <span class='ocrx_word' id='word_1_257' title='bbox 296 2828 498 2898; x_wconf 87' lang='lat' dir='ltr'>altera</span> <span class='ocrx_word' id='word_1_258' title='bbox 561 2829 858 2918; x_wconf 86' lang='lat' dir='ltr'>benigna</span> <span class='ocrx_word' id='word_1_259' title='bbox 919 2842 1120 2914; x_wconf 89' lang='lat' dir='ltr'>atque</span> <span class='ocrx_word' id='word_1_260' title='bbox 1184 2827 1633 2916; x_wconf 83' lang='lat' dir='ltr'>humanitatis</span> <span class='ocrx_word' id='word_1_261' title='bbox 1686 2827 1882 2915; x_wconf 87' lang='lat' dir='ltr'>plena</span> <span class='ocrx_word' id='word_1_262' title='bbox 1922 2883 1936 2906; x_wconf 85' lang='lat'>.</span> <span class='ocrx_word' id='word_1_263' title='bbox 2006 2828 2195 2897; x_wconf 91' lang='lat' dir='ltr'>tertia</span> <span class='ocrx_word' id='word_1_264' title='bbox 2263 2829 2631 2897; x_wconf 86' lang='lat' dir='ltr'>bonitatem</span> 
     </span>
     <span class='ocr_line' id='line_1_29' title="bbox 132 2916 2631 3005; baseline 0.001 -23"><span class='ocrx_word' id='word_1_265' title='bbox 132 2933 361 2990; x_wconf 77' lang='lat' dir='ltr'>omnem</span> <span class='ocrx_word' id='word_1_266' title='bbox 397 2917 687 2988; x_wconf 87' lang='lat' dir='ltr'>excedit.</span> <span class='ocrx_word' id='word_1_267' title='bbox 730 2917 1050 3004; x_wconf 88' lang='lat' dir='ltr'>Sequitur</span> <span class='ocrx_word' id='word_1_268' title='bbox 1081 2930 1345 3002; x_wconf 87' lang='lat' dir='ltr'>quarta,</span> <span class='ocrx_word' id='word_1_269' title='bbox 1377 2939 1552 3003; x_wconf 87' lang='lat' dir='ltr'>quae</span> <span class='ocrx_word' id='word_1_270' title='bbox 1586 2916 1861 3003; x_wconf 92' lang='lat' dir='ltr'>quidem</span> <span class='ocrx_word' id='word_1_271' title='bbox 1904 2930 2041 2984; x_wconf 90' lang='lat' dir='ltr'>tum</span> <span class='ocrx_word' id='word_1_272' title='bbox 2078 2917 2372 3005; x_wconf 82' lang='lat' dir='ltr'>denique</span> <span class='ocrx_word' id='word_1_273' title='bbox 2405 2917 2631 2986; x_wconf 90' lang='lat' dir='ltr'>locum</span> 
     </span>
     <span class='ocr_line' id='line_1_30' title="bbox 138 2997 2637 3096; baseline 0.001 -27"><span class='ocrx_word' id='word_1_274' title='bbox 138 2997 320 3086; x_wconf 79' lang='lat' dir='ltr'>habet,</span> <span class='ocrx_word' id='word_1_275' title='bbox 372 3028 534 3076; x_wconf 91' lang='lat' dir='ltr'>cum</span> <span class='ocrx_word' id='word_1_276' title='bbox 591 3006 941 3096; x_wconf 84' lang='lat' dir='ltr'>improbae</span> <span class='ocrx_word' id='word_1_277' title='bbox 982 3019 1046 3073; x_wconf 93' lang='lat' dir='ltr'>et</span> <span class='ocrx_word' id='word_1_278' title='bbox 1092 3006 1471 3095; x_wconf 84' lang='lat' dir='ltr'>flagitiosae</span> <span class='ocrx_word' id='word_1_279' title='bbox 1519 3005 1819 3075; x_wconf 89' lang='lat' dir='ltr'>actiones</span> <span class='ocrx_word' id='word_1_280' title='bbox 1871 3006 2159 3075; x_wconf 90' lang='lat' dir='ltr'>nimium</span> <span class='ocrx_word' id='word_1_281' title='bbox 2217 3005 2637 3096; x_wconf 88' lang='lat' dir='ltr'>praeponde-</span> 
     </span>
     <span class='ocr_line' id='line_1_31' title="bbox 134 3094 2637 3182; baseline 0.002 -24"><span class='ocrx_word' id='word_1_282' title='bbox 134 3106 276 3162; x_wconf 73' lang='lat' dir='ltr'>mut.</span> <span class='ocrx_word' id='word_1_283' title='bbox 325 3096 556 3175; x_wconf 85' lang='lat' dir='ltr'>Eheu,</span> <span class='ocrx_word' id='word_1_284' title='bbox 610 3100 918 3163; x_wconf 87' lang='lat' dir='ltr'>Fratres:</span> <span class='ocrx_word' id='word_1_285' title='bbox 978 3117 1132 3163; x_wconf 91' lang='lat' dir='ltr'>nam</span> <span class='ocrx_word' id='word_1_286' title='bbox 1189 3097 1353 3164; x_wconf 85' lang='lat' dir='ltr'>haec</span> <span class='ocrx_word' id='word_1_287' title='bbox 1400 3116 1671 3182; x_wconf 84' lang='lat' dir='ltr'>quoque</span> <span class='ocrx_word' id='word_1_288' title='bbox 1714 3094 2099 3178; x_wconf 83' lang='lat' dir='ltr'>justissima</span> <span class='ocrx_word' id='word_1_289' title='bbox 2152 3111 2274 3174; x_wconf 88' lang='lat' dir='ltr'>est,</span> <span class='ocrx_word' id='word_1_290' title='bbox 2339 3109 2410 3162; x_wconf 89' lang='lat' dir='ltr'>ut</span> <span class='ocrx_word' id='word_1_291' title='bbox 2459 3115 2637 3180; x_wconf 90' lang='lat' dir='ltr'>quae</span> 
     </span>
     <span class='ocr_line' id='line_1_32' title="bbox 129 3175 2638 3282; baseline 0.002 -37"><span class='ocrx_word' id='word_1_292' title='bbox 129 3175 437 3255; x_wconf 80' lang='lat' dir='ltr'>damnatis</span> <span class='ocrx_word' id='word_1_293' title='bbox 488 3206 622 3253; x_wconf 90' lang='lat' dir='ltr'>non</span> <span class='ocrx_word' id='word_1_294' title='bbox 679 3185 805 3252; x_wconf 91' lang='lat' dir='ltr'>nisi</span> <span class='ocrx_word' id='word_1_295' title='bbox 863 3183 1036 3251; x_wconf 85' lang='lat' dir='ltr'>&#39;usta</span> <span class='ocrx_word' id='word_1_296' title='bbox 1088 3184 1517 3282; x_wconf 83' lang='lat' dir='ltr'>pronunciet.</span> <span class='ocrx_word' id='word_1_297' title='bbox 1575 3189 1649 3252; x_wconf 80' lang='lat' dir='ltr'>At</span> <span class='ocrx_word' id='word_1_298' title='bbox 1681 3183 1850 3250; x_wconf 86' lang='lat' dir='ltr'>illud</span> <span class='ocrx_word' id='word_1_299' title='bbox 1896 3182 2177 3269; x_wconf 87' lang='lat' dir='ltr'>quidam</span> <span class='ocrx_word' id='word_1_300' title='bbox 2221 3205 2638 3251; x_wconf 77' lang='lat' dir='ltr'>commemo·</span> 
     </span>
     <span class='ocr_line' id='line_1_33' title="bbox 126 3207 2633 3360; baseline 0.001 -24"><span class='ocrx_word' id='word_1_301' title='bbox 126 3269 375 3349; x_wconf 82' lang='lat' dir='ltr'>rabum,</span> <span class='ocrx_word' id='word_1_302' title='bbox 431 3271 612 3360; x_wconf 88' lang='lat' dir='ltr'>quod</span> <span class='ocrx_word' id='word_1_303' title='bbox 672 3273 758 3341; x_wconf 91' lang='lat' dir='ltr'>ab</span> <span class='ocrx_word' id='word_1_304' title='bbox 802 3207 915 3341; x_wconf 66' lang='lat' dir='ltr'>illo</span> <span class='ocrx_word' id='word_1_305' title='bbox 954 3272 1141 3341; x_wconf 80' lang='lat' dir='ltr'>orbis</span> <span class='ocrx_word' id='word_1_306' title='bbox 1190 3271 1487 3342; x_wconf 88' lang='lat' dir='ltr'>universi</span> <span class='ocrx_word' id='word_1_307' title='bbox 1543 3271 1804 3340; x_wconf 76' lang='lat' dir='ltr'>lumine</span> <span class='ocrx_word' id='word_1_308' title='bbox 1855 3271 2045 3339; x_wconf 89' lang='lat' dir='ltr'>beato</span> <span class='ocrx_word' id='word_1_309' title='bbox 2093 3271 2341 3339; x_wconf 82' lang='lat' dir='ltr'>Basilio</span> <span class='ocrx_word' id='word_1_310' title='bbox 2374 3272 2633 3339; x_wconf 83' lang='lat' dir='ltr'>dictum</span> 
     </span>
     <span class='ocr_line' id='line_1_34' title="bbox 125 3359 2636 3439; baseline 0.001 -16"><span class='ocrx_word' id='word_1_311' title='bbox 125 3371 247 3425; x_wconf 84' lang='lat' dir='ltr'>est:</span> <span class='ocrx_word' id='word_1_312' title='bbox 278 3364 488 3430; x_wconf 78' lang='lat' dir='ltr'>Nolite</span> <span class='ocrx_word' id='word_1_313' title='bbox 520 3384 775 3439; x_wconf 84' lang='lat' dir='ltr'>errare,</span> <span class='ocrx_word' id='word_1_314' title='bbox 825 3366 996 3429; x_wconf 84' lang='lat' dir='ltr'>Deas</span> <span class='ocrx_word' id='word_1_315' title='bbox 1028 3371 1159 3429; x_wconf 67' lang='lat' dir='ltr'>nort</span> <span class='ocrx_word' id='word_1_316' title='bbox 1189 3361 1535 3429; x_wconf 76' lang='lat' dir='ltr'>irridetur.</span> <span class='ocrx_word' id='word_1_317' title='bbox 1579 3361 1882 3432; x_wconf 84' lang='lat' dir='ltr'>Cadaver</span> <span class='ocrx_word' id='word_1_318' title='bbox 1913 3361 2002 3427; x_wconf 86' lang='lat' dir='ltr'>ad</span> <span class='ocrx_word' id='word_1_319' title='bbox 2034 3363 2249 3428; x_wconf 76' lang='lat' dir='ltr'>altare</span> <span class='ocrx_word' id='word_1_320' title='bbox 2283 3383 2409 3427; x_wconf 84' lang='lat' dir='ltr'>non</span> <span class='ocrx_word' id='word_1_321' title='bbox 2442 3359 2636 3427; x_wconf 74' lang='lat' dir='ltr'>adhi-</span> 
     </span>
     <span class='ocr_line' id='line_1_35' title="bbox 125 3445 2641 3539; baseline 0 -26"><span class='ocrx_word' id='word_1_322' title='bbox 125 3445 312 3516; x_wconf 78' lang='lat' dir='ltr'>betur.</span> <span class='ocrx_word' id='word_1_323' title='bbox 361 3453 587 3520; x_wconf 84' lang='lat' dir='ltr'>Vivum</span> <span class='ocrx_word' id='word_1_324' title='bbox 636 3453 832 3528; x_wconf 79' lang='lat' dir='ltr'>enim,</span> <span class='ocrx_word' id='word_1_325' title='bbox 878 3449 1098 3536; x_wconf 89' lang='lat' dir='ltr'>inquit</span> <span class='ocrx_word' id='word_1_326' title='bbox 1147 3447 1283 3527; x_wconf 88' lang='lat' dir='ltr'>ille,</span> <span class='ocrx_word' id='word_1_327' title='bbox 1327 3452 1733 3539; x_wconf 80' lang='lat' dir='ltr'>sacrificium</span> <span class='ocrx_word' id='word_1_328' title='bbox 1782 3459 1967 3517; x_wconf 81' lang='lat' dir='ltr'>taam</span> <span class='ocrx_word' id='word_1_329' title='bbox 2011 3450 2193 3539; x_wconf 77' lang='lat' dir='ltr'>offer.</span> <span class='ocrx_word' id='word_1_330' title='bbox 2243 3450 2436 3537; x_wconf 65' lang='lat' dir='ltr'>Regis</span> <span class='ocrx_word' id='word_1_331' title='bbox 2473 3470 2641 3536; x_wconf 83' lang='lat' dir='ltr'>par-</span> 
     </span>
     <span class='ocr_line' id='line_1_36' title="bbox 120 3537 2642 3629; baseline -0.001 -23"><span class='ocrx_word' id='word_1_332' title='bbox 120 3549 375 3623; x_wconf 76' lang='lat' dir='ltr'>puratos</span> <span class='ocrx_word' id='word_1_333' title='bbox 421 3562 513 3608; x_wconf 75' lang='lat' dir='ltr'>eoe</span> <span class='ocrx_word' id='word_1_334' title='bbox 543 3561 810 3607; x_wconf 79' lang='lat' dir='ltr'>mensae</span> <span class='ocrx_word' id='word_1_335' title='bbox 842 3548 995 3606; x_wconf 79' lang='lat' dir='ltr'>tuae</span> <span class='ocrx_word' id='word_1_336' title='bbox 1042 3539 1348 3629; x_wconf 78' lang='lat' dir='ltr'>reliquiis</span> <span class='ocrx_word' id='word_1_337' title='bbox 1397 3542 1591 3628; x_wconf 84' lang='lat' dir='ltr'>epulo</span> <span class='ocrx_word' id='word_1_338' title='bbox 1626 3540 1925 3628; x_wconf 79' lang='lat' dir='ltr'>accipere</span> <span class='ocrx_word' id='word_1_339' title='bbox 1962 3560 2088 3605; x_wconf 82' lang='lat' dir='ltr'>non</span> <span class='ocrx_word' id='word_1_340' title='bbox 2124 3547 2331 3626; x_wconf 78' lang='lat' dir='ltr'>potes.</span> <span class='ocrx_word' id='word_1_341' title='bbox 2383 3537 2642 3604; x_wconf 81' lang='lat' dir='ltr'>Etenim</span> 
     </span>
     <span class='ocr_line' id='line_1_37' title="bbox 127 3625 2643 3718; baseline 0 -27"><span class='ocrx_word' id='word_1_342' title='bbox 127 3627 233 3712; x_wconf 75' lang='lat' dir='ltr'>qui</span> <span class='ocrx_word' id='word_1_343' title='bbox 271 3650 357 3695; x_wconf 70' lang='lat' dir='ltr'>eso</span> <span class='ocrx_word' id='word_1_344' title='bbox 400 3651 494 3710; x_wconf 83' lang='lat' dir='ltr'>ea,</span> <span class='ocrx_word' id='word_1_345' title='bbox 539 3628 717 3718; x_wconf 79' lang='lat' dir='ltr'>qaod</span> <span class='ocrx_word' id='word_1_346' title='bbox 744 3626 1100 3704; x_wconf 77' lang='lat' dir='ltr'>redundat,</span> <span class='ocrx_word' id='word_1_347' title='bbox 1158 3628 1367 3716; x_wconf 78' lang='lat' dir='ltr'>offert,</span> <span class='ocrx_word' id='word_1_348' title='bbox 1405 3636 1479 3695; x_wconf 77' lang='lat' dir='ltr'>ut</span> <span class='ocrx_word' id='word_1_349' title='bbox 1520 3628 1723 3716; x_wconf 77' lang='lat' dir='ltr'>hujus</span> <span class='ocrx_word' id='word_1_350' title='bbox 1763 3648 2003 3694; x_wconf 72' lang='lat' dir='ltr'>mimus</span> <span class='ocrx_word' id='word_1_351' title='bbox 2033 3636 2230 3715; x_wconf 75' lang='lat' dir='ltr'>qrato</span> <span class='ocrx_word' id='word_1_352' title='bbox 2264 3625 2486 3693; x_wconf 79' lang='lat' dir='ltr'>animo</span> <span class='ocrx_word' id='word_1_353' title='bbox 2535 3648 2643 3692; x_wconf 86' lang='lat' dir='ltr'>ac-</span> 
     </span>
     <span class='ocr_line' id='line_1_38' title="bbox 126 3713 2643 3812; baseline -0.001 -30"><span class='ocrx_word' id='word_1_354' title='bbox 126 3713 416 3812; x_wconf 77' lang='lat' dir='ltr'>cipiatur,</span> <span class='ocrx_word' id='word_1_355' title='bbox 465 3718 626 3805; x_wconf 80' lang='lat' dir='ltr'>fieri</span> <span class='ocrx_word' id='word_1_356' title='bbox 653 3718 916 3785; x_wconf 77' lang='lat' dir='ltr'>omnino</span> <span class='ocrx_word' id='word_1_357' title='bbox 953 3716 1205 3806; x_wconf 78' lang='lat' dir='ltr'>nequit.</span> <span class='ocrx_word' id='word_1_358' title='bbox 1266 3720 1356 3783; x_wconf 88' lang='lat' dir='ltr'>Ta</span> <span class='ocrx_word' id='word_1_359' title='bbox 1387 3738 1541 3784; x_wconf 84' lang='lat' dir='ltr'>vero</span> <span class='ocrx_word' id='word_1_360' title='bbox 1574 3738 1675 3792; x_wconf 82' lang='lat' dir='ltr'>ea.</span> <span class='ocrx_word' id='word_1_361' title='bbox 1717 3738 1888 3806; x_wconf 82' lang='lat' dir='ltr'>quae</span> <span class='ocrx_word' id='word_1_362' title='bbox 1916 3725 2061 3804; x_wconf 74' lang='lat' dir='ltr'>post</span> <span class='ocrx_word' id='word_1_363' title='bbox 2099 3724 2403 3783; x_wconf 75' lang='lat' dir='ltr'>eoeactum</span> <span class='ocrx_word' id='word_1_364' title='bbox 2442 3715 2643 3782; x_wconf 76' lang='lat' dir='ltr'>colias</span> 
     </span>
     <span class='ocr_line' id='line_1_39' title="bbox 128 3804 2646 3894; baseline 0.001 -27"><span class='ocrx_word' id='word_1_365' title='bbox 128 3812 285 3870; x_wconf 71' lang='lat' dir='ltr'>mae</span> <span class='ocrx_word' id='word_1_366' title='bbox 313 3807 725 3873; x_wconf 81' lang='lat' dir='ltr'>curriculum</span> <span class='ocrx_word' id='word_1_367' title='bbox 758 3806 880 3872; x_wconf 77' lang='lat' dir='ltr'>tibi</span> <span class='ocrx_word' id='word_1_368' title='bbox 904 3806 1403 3893; x_wconf 80' lang='lat' dir='ltr'>superfuerunt,</span> <span class='ocrx_word' id='word_1_369' title='bbox 1438 3808 1522 3883; x_wconf 82' lang='lat' dir='ltr'>ei,</span> <span class='ocrx_word' id='word_1_370' title='bbox 1554 3806 1763 3894; x_wconf 79' lang='lat' dir='ltr'>quite</span> <span class='ocrx_word' id='word_1_371' title='bbox 1791 3805 2119 3893; x_wconf 77' lang='lat' dir='ltr'>beneficiis</span> <span class='ocrx_word' id='word_1_372' title='bbox 2145 3805 2388 3893; x_wconf 72' lang='lat' dir='ltr'>affecit,</span> <span class='ocrx_word' id='word_1_373' title='bbox 2415 3804 2646 3892; x_wconf 83' lang='lat' dir='ltr'>offerre</span> 
     </span>
     <span class='ocr_line' id='line_1_40' title="bbox 126 3891 2647 3981; baseline 0.001 -25"><span class='ocrx_word' id='word_1_374' title='bbox 126 3911 239 3957; x_wconf 80' lang='lat' dir='ltr'>non</span> <span class='ocrx_word' id='word_1_375' title='bbox 269 3893 582 3963; x_wconf 77' lang='lat' dir='ltr'>dubitas?</span> <span class='ocrx_word' id='word_1_376' title='bbox 614 3893 703 3962; x_wconf 79' lang='lat' dir='ltr'>Ad</span> <span class='ocrx_word' id='word_1_377' title='bbox 745 3893 871 3961; x_wconf 84' lang='lat' dir='ltr'>hoc</span> <span class='ocrx_word' id='word_1_378' title='bbox 916 3914 1037 3962; x_wconf 88' lang='lat' dir='ltr'>nos</span> <span class='ocrx_word' id='word_1_379' title='bbox 1071 3893 1159 3960; x_wconf 90' lang='lat' dir='ltr'>ita</span> <span class='ocrx_word' id='word_1_380' title='bbox 1203 3891 1735 3981; x_wconf 85' lang='lat' dir='ltr'>respondemus:</span> <span class='ocrx_word' id='word_1_381' title='bbox 1790 3891 2140 3960; x_wconf 84' lang='lat' dir='ltr'>Praeclare</span> <span class='ocrx_word' id='word_1_382' title='bbox 2193 3913 2486 3980; x_wconf 79' lang='lat' dir='ltr'>magnus</span> <span class='ocrx_word' id='word_1_383' title='bbox 2527 3896 2647 3959; x_wconf 89' lang='lat' dir='ltr'>Ba-</span> 
     </span>
     <span class='ocr_line' id='line_1_41' title="bbox 129 3976 2642 4069; baseline 0.003 -27"><span class='ocrx_word' id='word_1_384' title='bbox 129 3976 307 4047; x_wconf 90' lang='lat' dir='ltr'>silius</span> <span class='ocrx_word' id='word_1_385' title='bbox 351 3995 415 4050; x_wconf 92' lang='lat' dir='ltr'>et</span> <span class='ocrx_word' id='word_1_386' title='bbox 460 3982 771 4069; x_wconf 91' lang='lat' dir='ltr'>loquitur</span> <span class='ocrx_word' id='word_1_387' title='bbox 816 3995 881 4049; x_wconf 88' lang='lat' dir='ltr'>et</span> <span class='ocrx_word' id='word_1_388' title='bbox 941 3980 1157 4050; x_wconf 85' lang='lat' dir='ltr'>docet.</span> <span class='ocrx_word' id='word_1_389' title='bbox 1230 3985 1475 4049; x_wconf 88' lang='lat' dir='ltr'>Verum</span> <span class='ocrx_word' id='word_1_390' title='bbox 1529 3980 1612 4047; x_wconf 87' lang='lat' dir='ltr'>ad</span> <span class='ocrx_word' id='word_1_391' title='bbox 1688 4002 1860 4066; x_wconf 88' lang='lat' dir='ltr'>quos</span> <span class='ocrx_word' id='word_1_392' title='bbox 1918 3980 2289 4049; x_wconf 91' lang='lat' dir='ltr'>orationem</span> <span class='ocrx_word' id='word_1_393' title='bbox 2346 3979 2595 4049; x_wconf 81' lang='lat' dir='ltr'>habeas</span> <span class='ocrx_word' id='word_1_394' title='bbox 2628 4034 2642 4058; x_wconf 92' lang='lat'>‚</span> 
     </span>
     <span class='ocr_line' id='line_1_42' title="bbox 131 4067 2652 4157; baseline 0.001 -26"><span class='ocrx_word' id='word_1_395' title='bbox 131 4067 610 4139; x_wconf 81' lang='lat' dir='ltr'>animadvertas</span> <span class='ocrx_word' id='word_1_396' title='bbox 647 4070 871 4138; x_wconf 88' lang='lat' dir='ltr'>velim.</span> <span class='ocrx_word' id='word_1_397' title='bbox 912 4070 1246 4138; x_wconf 84' lang='lat' dir='ltr'>Nimirum</span> <span class='ocrx_word' id='word_1_398' title='bbox 1292 4071 1371 4137; x_wconf 90' lang='lat' dir='ltr'>ad</span> <span class='ocrx_word' id='word_1_399' title='bbox 1412 4091 1675 4145; x_wconf 78' lang='lat' dir='ltr'>avaros,</span> <span class='ocrx_word' id='word_1_400' title='bbox 1721 4068 1802 4135; x_wconf 90' lang='lat' dir='ltr'>ad</span> <span class='ocrx_word' id='word_1_401' title='bbox 1842 4081 2167 4157; x_wconf 86' lang='lat' dir='ltr'>raptores,</span> <span class='ocrx_word' id='word_1_402' title='bbox 2216 4068 2297 4136; x_wconf 88' lang='lat' dir='ltr'>ad</span> <span class='ocrx_word' id='word_1_403' title='bbox 2335 4069 2652 4137; x_wconf 83' lang='lat' dir='ltr'>homines</span> 
     </span>
     <span class='ocr_line' id='line_1_43' title="bbox 130 4154 2654 4243; baseline 0.001 -22"><span class='ocrx_word' id='word_1_404' title='bbox 130 4154 206 4223; x_wconf 82' lang='lat' dir='ltr'>ab</span> <span class='ocrx_word' id='word_1_405' title='bbox 247 4160 427 4227; x_wconf 92' lang='lat' dir='ltr'>omni</span> <span class='ocrx_word' id='word_1_406' title='bbox 481 4159 933 4229; x_wconf 83' lang='lat' dir='ltr'>humanitatis</span> <span class='ocrx_word' id='word_1_407' title='bbox 982 4157 1247 4227; x_wconf 86' lang='lat' dir='ltr'>foedere</span> <span class='ocrx_word' id='word_1_408' title='bbox 1298 4181 1374 4226; x_wconf 88' lang='lat' dir='ltr'>ac</span> <span class='ocrx_word' id='word_1_409' title='bbox 1439 4157 1903 4225; x_wconf 87' lang='lat' dir='ltr'>misericordia</span> <span class='ocrx_word' id='word_1_410' title='bbox 1957 4156 2266 4224; x_wconf 86' lang='lat' dir='ltr'>alienos:</span> <span class='ocrx_word' id='word_1_411' title='bbox 2319 4155 2654 4243; x_wconf 86' lang='lat' dir='ltr'>quemad-</span> 
     </span>
     <span class='ocr_line' id='line_1_44' title="bbox 137 4245 2648 4337; baseline -0.002 -26"><span class='ocrx_word' id='word_1_412' title='bbox 137 4245 388 4316; x_wconf 89' lang='lat' dir='ltr'>modum</span> <span class='ocrx_word' id='word_1_413' title='bbox 428 4248 576 4337; x_wconf 87' lang='lat' dir='ltr'>ipse</span> <span class='ocrx_word' id='word_1_414' title='bbox 611 4261 922 4327; x_wconf 88' lang='lat' dir='ltr'>testatur,</span> <span class='ocrx_word' id='word_1_415' title='bbox 958 4270 1113 4315; x_wconf 89' lang='lat' dir='ltr'>cum</span> <span class='ocrx_word' id='word_1_416' title='bbox 1168 4248 1297 4316; x_wconf 87' lang='lat' dir='ltr'>ait:</span> <span class='ocrx_word' id='word_1_417' title='bbox 1352 4247 1454 4315; x_wconf 75' lang='lat' dir='ltr'>Ad</span> <span class='ocrx_word' id='word_1_418' title='bbox 1486 4269 1599 4314; x_wconf 85' lang='lat' dir='ltr'>cor</span> <span class='ocrx_word' id='word_1_419' title='bbox 1629 4268 1913 4314; x_wconf 72' lang='lat' dir='ltr'>sameum</span> <span class='ocrx_word' id='word_1_420' title='bbox 1956 4247 2207 4334; x_wconf 81' lang='lat' dir='ltr'>loquor.</span> <span class='ocrx_word' id='word_1_421' title='bbox 2266 4250 2340 4314; x_wconf 86' lang='lat' dir='ltr'>Et</span> <span class='ocrx_word' id='word_1_422' title='bbox 2379 4264 2648 4313; x_wconf 82' lang='lat' dir='ltr'>rursus:</span> 
     </span>
     <span class='ocr_line' id='line_1_45' title="bbox 139 4331 2660 4425; baseline -0.006 -16"><span class='ocrx_word' id='word_1_423' title='bbox 139 4331 444 4409; x_wconf 75' lang='lat' dir='ltr'>Quamdiu</span> <span class='ocrx_word' id='word_1_424' title='bbox 485 4341 554 4406; x_wconf 77' lang='lat' dir='ltr'>in</span> <span class='ocrx_word' id='word_1_425' title='bbox 587 4340 734 4405; x_wconf 77' lang='lat' dir='ltr'>vila</span> <span class='ocrx_word' id='word_1_426' title='bbox 766 4347 1063 4404; x_wconf 76' lang='lat' dir='ltr'>versatus</span> <span class='ocrx_word' id='word_1_427' title='bbox 1111 4359 1200 4406; x_wconf 67' lang='grc' dir='ltr'>οε.</span> <span class='ocrx_word' id='word_1_428' title='bbox 1253 4335 1712 4425; x_wconf 73' lang='lat' dir='ltr'>voluptatibus</span> <span class='ocrx_word' id='word_1_429' title='bbox 1745 4357 1824 4402; x_wconf 87' lang='lat' dir='ltr'>ac</span> <span class='ocrx_word' id='word_1_430' title='bbox 1857 4333 2119 4401; x_wconf 73' lang='lat' dir='ltr'>deliciis</span> <span class='ocrx_word' id='word_1_431' title='bbox 2158 4334 2538 4422; x_wconf 56' lang='lat' dir='ltr'>inclamans,</span> <span class='ocrx_word' id='word_1_432' title='bbox 2578 4351 2660 4398; x_wconf 86' lang='lat' dir='ltr'>ac</span> 
     </span>
     <span class='ocr_line' id='line_1_46' title="bbox 140 4421 2664 4518; baseline -0.006 -26"><span class='ocrx_word' id='word_1_433' title='bbox 140 4421 287 4492; x_wconf 70' lang='lat' dir='ltr'>luxu</span> <span class='ocrx_word' id='word_1_434' title='bbox 323 4427 656 4518; x_wconf 81' lang='lat' dir='ltr'>diffluens,</span> <span class='ocrx_word' id='word_1_435' title='bbox 693 4448 1024 4516; x_wconf 80' lang='lat' dir='ltr'>pauperes</span> <span class='ocrx_word' id='word_1_436' title='bbox 1048 4448 1129 4492; x_wconf 82' lang='lat' dir='ltr'>ne</span> <span class='ocrx_word' id='word_1_437' title='bbox 1162 4426 1464 4493; x_wconf 72' lang='lat' dir='ltr'>conticeri</span> <span class='ocrx_word' id='word_1_438' title='bbox 1484 4421 1753 4513; x_wconf 81' lang='lat' dir='ltr'>quidem</span> <span class='ocrx_word' id='word_1_439' title='bbox 1785 4421 2179 4492; x_wconf 76' lang='lat' dir='ltr'>sustinebas.</span> <span class='ocrx_word' id='word_1_440' title='bbox 2215 4425 2401 4489; x_wconf 80' lang='lat' dir='ltr'>Nunc</span> <span class='ocrx_word' id='word_1_441' title='bbox 2431 4431 2664 4488; x_wconf 83' lang='lat' dir='ltr'>autem</span> 
     </span>
    </p>
   </div>
   <div class='ocr_carea' id='block_1_5' title="bbox 268 4536 2508 4605">
    <p class='ocr_par' dir='ltr' id='par_1_7' title="bbox 268 4536 2508 4605">
     <span class='ocr_line' id='line_1_47' title="bbox 268 4536 2508 4605; baseline -0.004 -3"><span class='ocrx_word' id='word_1_442' title='bbox 268 4549 500 4605; x_wconf 77' lang='lat' dir='ltr'>surius</span> <span class='ocrx_word' id='word_1_443' title='bbox 530 4577 557 4591; x_wconf 91' lang='lat'><em>-</em></span> <span class='ocrx_word' id='word_1_444' title='bbox 601 4542 774 4604; x_wconf 77' lang='lat' dir='ltr'>Vitae</span> <span class='ocrx_word' id='word_1_445' title='bbox 803 4541 907 4603; x_wconf 84' lang='lat' dir='ltr'>SS.</span> <span class='ocrx_word' id='word_1_446' title='bbox 935 4574 960 4589; x_wconf 91' lang='lat'>-</span> <span class='ocrx_word' id='word_1_447' title='bbox 991 4541 1127 4603; x_wconf 75' lang='lat' dir='ltr'>vot.</span> <span class='ocrx_word' id='word_1_448' title='bbox 1162 4539 1260 4600; x_wconf 78' lang='lat' dir='ltr'>xl.</span> <span class='ocrx_word' id='word_1_449' title='bbox 2471 4536 2508 4594; x_wconf 78' lang='lat'><strong>4</strong></span> 
     </span>
    </p>
   </div>
  </div>
 </body>
</html>
