2993 4837
51 308 206 374 Not:
268 309 343 371 ¹2
953 328 1031 373 na
1078 328 1133 373 s.
1189 326 1466 373 manno
1518 327 1676 372 rArA
2364 311 2493 374 439

31 414 276 511 ,quippe
306 412 491 480 sicut
529 416 838 481 Joannes
873 410 1230 501 Apostolus
1281 412 1348 479 in
1392 410 1617 486 insula
1654 410 1997 489 Pathmos,
2042 411 2233 478 omni
2274 411 2582 481 humano

31 500 258 579 {solatio
298 500 704 581 destitutus,
746 501 1019 570 divinae
1047 500 1649 589 contemplationis
1696 512 1761 569 et
1789 498 2139 590 angelicae
2174 499 2582 569 visitationis

30 586 488 725 immolatione
521 644 537 671 ,
597 590 850 659 meruit
897 589 1136 659 crebro
1187 588 1492 657 relevari.
1564 588 1866 678 Jejuniis
1913 588 2172 678 quippe
2222 600 2286 657 et
2332 591 2584 658 oratio-

31 678 228 763 ‚nibus
273 699 557 768 semper
594 679 922 759 intentuS,
977 679 1115 835 egit
1162 679 1387 748 bonus
1428 677 1769 748 Ecclesiae
1803 678 2212 747 universalis
2254 690 2486 768 pastor
2521 690 2586 746 et

49 762 244 835 fidelis
275 767 725 857 dispensator
770 780 837 836 et
885 789 1015 857 pru
1068 790 1214 848 enS,
1267 780 1344 836 ut
1394 789 1518 836 nec
1568 768 1810 836 ovibus
1858 767 2107 836 absens
2137 767 2423 852 deesset,
2463 788 2584 835 nec

51 850 382 925 haereticis
416 869 685 945 pateret
709 857 987 925 victoria
1015 856 1355 926 falsitatis.
1392 857 1663 925 Curavit
1694 856 1950 955 quippe
1988 868 2216 945 pastor
2243 856 2422 945 piuS‚
2462 856 2581 942 qui

51 942 349 1014 animalia
401 946 685 1014 Domini
727 946 1027 1015 veritatis
1078 944 1331 1035 pabulo
1388 946 1704 1034 saginare
1759 944 2003 1013 solitus
2058 956 2223 1025 erat,
2271 966 2356 1013 ne
2407 944 2587 1012 fame

55 1028 189 1098 fidei
228 1046 579 1103 attenuata
613 1088 628 1115 ,
687 1034 927 1103 mortis
974 1046 1287 1104 aeternae
1335 1033 1773 1122 dispendium
1828 1033 2159 1114 subirent,
2204 1046 2268 1102 et
2317 1033 2586 1120 antiqui

53 1116 445 1194 devoratoris
477 1123 723 1192 fauces
771 1124 1128 1192 intrarent.
1185 1122 1587 1192 Gaudebant
1635 1122 1803 1210 quip
1857 1143 1893 1190 e
1944 1122 2206 1190 inimici
2256 1122 2580 1203 veritatis,

56 1209 225 1292 quasi
263 1210 406 1299 jam
463 1225 689 1280 mater
722 1211 1020 1281 Ecclesia
1058 1224 1243 1282 tanto
1289 1210 1602 1300 praesule
1633 1233 1801 1279 exsu
1831 1222 1987 1279 ante
2020 1210 2225 1279 finem
2265 1210 2586 1280 habitura

55 1309 206 1365 esset
251 1313 428 1369 recte
477 1300 835 1369 credendi.
904 1300 1025 1370 Sed
1092 1322 1250 1370 cum
1304 1300 1405 1368 vir
1457 1300 1897 1368 beatissimus
1950 1301 2284 1368 Martinus
2336 1299 2469 1368 fide
2524 1313 2590 1370 et

59 1382 383 1456 devotione
428 1395 608 1459 Jesu
646 1389 891 1458 Christi
947 1390 1213 1458 Domini
1260 1389 1474 1457 nostri
1525 1390 1847 1477 stigmata
1883 1389 1951 1456 in
1993 1409 2275 1478 corpore
2310 1411 2435 1457 suo
2470 1410 2586 1478 ge-

59 1486 258 1557 staret,
299 1499 419 1565 per
465 1478 622 1547 dies
674 1477 1008 1567 plurimos
1057 1479 1512 1568 impertaesus
1547 1478 1582 1511 ⁴
1623 1499 1783 1566 prae
1830 1477 2041 1545 nimia
2085 1478 2357 1565 inopiae
2395 1499 2588 1566 pres-

33 1581 245 1642 sura,
299 1566 556 1635 virium
614 1587 919 1636 moerore
965 1567 1109 1657 jam
1175 1578 1354 1635 totus
1405 1566 1822 1645 tabesceret,
1890 1578 1955 1634 et
2012 1565 2232 1635 essoeti
2281 1567 2590 1656 corporis

33 1650 515 1723 llacciditatem
571 1655 821 1743 spiritu
870 1657 1295 1745 agonizante,
1345 1669 1586 1723 natura
1638 1668 1863 1723 autem
1901 1654 2350 1743 compellente
2393 1677 2588 1744 prae-

65 1741 454 1821 sentisceret,
495 1764 622 1831 per
656 1744 1093 1833 Epithomum
1132 1749 1474 1811 Romanae
1502 1742 1809 1810 valefecit
1845 1743 2206 1824 Ecclesiae,
2248 1744 2588 1813 mandans

65 1824 322 1898 fideliter
345 1844 412 1900 et
455 1833 839 1920 praesentis
873 1831 1045 1901 vitae
1083 1831 1304 1900 valida
1338 1854 1515 1917 quae
1551 1854 1672 1921 pro
1707 1844 1887 1902 statu
1920 1847 1984 1901 et
2019 1833 2402 1921 integritate
2441 1835 2592 1921 ejus

71 1920 574 2003 perpetiebatur,
602 1920 747 2006 jam
787 1920 1182 2001 infortunia,
1221 1934 1285 1989 et
1320 1934 1506 1989 ut.se
1535 1943 1575 1989 a
1617 1933 1800 2010 peste
1836 1920 2175 1990 haeretica
2211 1944 2329 2010 per
2358 1923 2593 1989 omnia

69 2020 298 2076 caveret
331 2010 725 2098 apostasiae
756 2022 1164 2078 commenta.
2518 2070 2531 2087 ,

79 2178 89 2188 ·
139 2096 170 2178 ξ
214 2101 362 2168 ²5.
421 2104 789 2183 Postquam
826 2111 1048 2167 autem
1082 2099 1183 2165 vir
1220 2103 1348 2167 Deo
1388 2119 1593 2167 carus
1627 2110 1688 2166 et
1724 2096 2000 2166 coelicis
2024 2099 2293 2167 amicus
2328 2097 2593 2165 civibus

71 2199 184 2265 jam
230 2188 543 2254 omnium
601 2185 914 2255 dolorum
967 2187 1482 2255 cumulamenta
1532 2200 1849 2276 expertus
1906 2197 2028 2264 est,
2084 2186 2149 2254 id
2202 2199 2303 2255 est
2350 2186 2594 2254 confu-

81 2267 298 2368 sionem
351 2275 809 2364 expulsionis,
866 2274 1268 2344 scandalum
1322 2275 1663 2356 salsitatiS,
1719 2274 2279 2362 squalliditatem‚
2328 2286 2590 2375 protra-

81 2366 334 2430 ctionem
386 2365 728 2443 carceris,
783 2364 1254 2435 discissionem
1307 2364 1750 2434 sacerdotalis
1803 2363 2272 2442 infulationis‚
2328 2363 2595 2432 inediae

81 2449 526 2534 acrimoniam,
581 2454 916 2522 nuditatis
962 2454 1449 2522 contumeliam
1485 2509 1501 2531 .
1559 2454 2028 2543 improborum
2094 2453 2592 2523 multicolorem

79 2531 581 2628 blasphemiam,
635 2542 853 2611 exsilii
905 2541 1376 2625 solitudinem,
1443 2542 1623 2611 soliti
1676 2543 1957 2611 honoris
2015 2542 2596 2632 effugacissimam

81 2622 420 2724 absentiam
459 2687 473 2712 ‚
530 2640 595 2700 et
644 2631 858 2700 multa
908 2631 1040 2698 alia
1090 2654 1267 2718 quae
1309 2633 1492 2732 piget
1531 2653 1889 2712 enarrare,
1947 2653 2406 2721 percursoque
2448 2633 2593 2716 jam

83 2715 332 2814 viriliter
378 2720 625 2819 agonis
676 2719 834 2788 fidei
898 2719 1141 2801 stadi0‚
1209 2733 1365 2789 totis
1413 2719 1494 2788 ad
1549 2720 1813 2789 coelum
1867 2734 2185 2790 extensus
2234 2721 2597 2790 conatibus

35 2895 36 2898 Ἴ
85 2821 244 2884 puris
290 2805 680 2878 luminibus
727 2830 874 2877 com
933 2808 1141 2878 ellare
1189 2810 1411 2898 coepit
1461 2809 1852 2888 Dominum,
1908 2808 2181 2878 dicens:
2238 2833 2272 2874 «
2316 2809 2598 2877 Domine

83 2892 218 2960 lesu
261 2895 543 2978 Christe,
587 2908 817 2986 pastor
892 2897 1174 2966 idelium
1227 2911 1521 2977 aeterne,
1565 2912 1636 2967 tu
1678 2898 1811 2968 scis
1841 2920 2014 2984 quae
2057 2920 2176 2987 pro
2220 2911 2305 2977 te,
2345 2912 2409 2966 et
2446 2919 2598 2987 pro-

92 2990 207 3062 pter
247 2981 449 3051 fidem
508 2984 990 3055 inenarrabilis
1048 2987 1348 3056 nominis
1402 2988 1495 3055 tui
1549 2987 1873 3072 usquein
1934 2986 2171 3054 horam
2222 2987 2399 3054 hanc
2453 3008 2597 3076 per-

91 3085 297 3150 pessus
345 3096 526 3154 sum,
587 3097 671 3143 ne
719 3075 1074 3164 permittas
1124 3097 1232 3143 me
1280 3074 1584 3165 amplius
1632 3073 1937 3163 elongari
1972 3074 2092 3142 abs
2144 3088 2227 3143 te.
2269 3076 2334 3143 si
2370 3089 2597 3144 autem

90 3172 176 3252 me
219 3159 510 3231 volueris
557 3184 765 3232 carne
811 3163 1216 3243 examinari,
1259 3177 1324 3233 et
1372 3163 1727 3254 pervenire
1756 3162 1839 3230 ad
1886 3174 1969 3242 te,
2017 3185 2173 3231 oves
2214 3176 2389 3241 tuaS,
2428 3185 2602 3248 quas

93 3242 236 3313 mihi
266 3249 346 3317 ad
387 3250 886 3351 providendum
925 3252 1358 3332 commisisti,
1397 3252 1481 3320 de
1514 3251 1769 3338 quibus
1801 3250 2172 3319 admodum
2219 3273 2600 3339 suspensus

91 3350 241 3413 sum,
293 3360 568 3409 cuinam
621 3339 1053 3422 commendo,
1110 3352 1181 3409 tu
1223 3345 1356 3410 Rex
1397 3341 1968 3418 clementissime,
2013 3339 2136 3424 qui
2176 3339 2274 3405 tui
2323 3339 2600 3428 pretiosi

95 3425 422 3516 sanguinis
469 3451 546 3497 as
600 3429 867 3498 ersione
915 3429 998 3498 de
1049 3429 1373 3498 manibus
1421 3429 1685 3498 inimici
1734 3451 1848 3497 eas
1897 3427 2224 3514 dignatus
2261 3448 2334 3495 es
2364 3448 2601 3495 eman-

93 3524 311 3612 Ctpatje,
355 3538 475 3615 per
507 3541 552 3618 g
582 3518 804 3586 oriosa
849 3519 1084 3586 merita
1138 3518 1490 3608 praecipui
1544 3517 1839 3606 Apostoli
1878 3516 1975 3585 tui
2011 3515 2182 3585 Petri
2234 3514 2496 3583 domini
2538 3527 2603 3583 et

97 3612 370 3686 magistri
407 3627 566 3685 met,
610 3606 699 3674 ab
737 3607 925 3674 omni
958 3627 1230 3695 semper
1277 3605 1615 3675 diabolica
1658 3606 2052 3675 incursione
2102 3604 2202 3673 tui
2232 3626 2345 3671 eas
2379 3601 2600 3691 clypei

96 3689 442 3786 munimine
492 3694 1027 3764 misericorditer
1072 3695 1434 3764 defendere
1483 3693 1793 3784 dignare.
1852 3716 1888 3758 ›>
1954 3695 2198 3780 Sicque
2266 3691 2603 3781 pretiosus

100 3770 310 3845 Christi
352 3781 758 3867 {confesson
828 3796 1221 3872 martyrque
1285 3783 1810 3874 probatissimus
1863 3782 2233 3860 Martinus,
2304 3778 2606 3848 umbone

103 3877 265 3933 verae
308 3867 458 3939 fidei
510 3870 1003 3951 circumdatuS,
1050 3872 1118 3940 in
1172 3872 1614 3962 expugnabili
1678 3871 1966 3951 lacert0,
2014 3890 2287 3939 omnem
2340 3868 2606 3953 antiqui

102 3959 435 4052 peccatoris
483 3972 905 4029 armaturam
949 3961 1241 4030 devicit:
1295 3974 1360 4030 et
1407 3962 1554 4050 ipse
1602 3972 1678 4029 ut
1727 3959 1923 4027 miles
1959 3957 2458 4027 invictissimus
2497 3977 2609 4023 ae-

105 4042 245 4108 terni
280 4049 474 4137 Regis
505 4049 748 4117 castris
789 4070 984 4117 verae
1020 4051 1385 4139 reportavit
1419 4049 1738 4118 vexillum
1792 4047 2133 4116 victoriae.

172 4129 201 4211 ἓ
246 4135 392 4204 28.
448 4140 527 4204 Et
568 4157 638 4204 re
676 4159 828 4206 vera
880 4139 1137 4207 bonum
1182 4151 1524 4207 certamen
1560 4137 1861 4215 certavit,
1920 4133 2413 4224 gloriosissime
2454 4154 2609 4200 cur-

111 4229 231 4309 Sum
261 4226 778 4305 consummavit,
837 4227 1039 4295 fidem
1095 4231 1226 4297 Deo
1273 4227 1559 4295 devotus
1602 4225 1910 4302 servavit,
1968 4224 2049 4291 ad
2096 4222 2420 4291 ultimum
2460 4220 2612 4288 red—

113 4295 221 4368 dita
263 4322 352 4379 est
398 4312 463 4380 ei
516 4333 764 4382 corona
817 4315 1124 4402 justitiae
1159 4370 1176 4395 ‚
1226 4314 1506 4403 quando
1570 4313 1654 4382 de
1705 4334 1915 4380 manu
1966 4311 2235 4379 Domini
2303 4309 2614 4377 bravium

161 4425 179 4448 *
203 4427 323 4479 Iden,
343 4437 485 4476 valae
509 4435 585 4475 tae
599 4437 662 4476 no
682 4440 886 4481 affectus.
