2993 4837
55 330 210 395 NOV.
265 332 344 394 25
850 351 927 395 ns
976 349 1032 395 s.
1085 345 1405 395 uenenum
1454 348 1744 395 MARTYRE
2351 330 2479 395 679

52 448 99 500 ct
148 432 641 501 considerasset
688 432 1046 514 visionem,
1090 454 1268 519 quae
1316 432 1450 501 sibi
1501 443 1940 522 apparuerat,
1994 444 2457 520 compunctus
2521 455 2563 503 a

55 528 269 589 Sancto
325 521 630 610 Spiritu,
684 522 907 609 coepit
965 543 1126 591 cum
1179 520 1506 610 lacrymis
1552 521 1862 589 confiteri
1911 533 1977 589 et
2024 519 2297 590 dicere:
2351 543 2386 588 «
2437 522 2563 592 Hei

56 610 195 678 mihi
245 611 625 697 peccatori,
686 611 868 697 quod
929 633 1089 680 cum
1163 631 1381 678 essem
1455 631 1694 679 ramus
1751 609 2208 700 germinantis
2266 611 2559 691 arboriS,

51 699 252 766 exarui
309 720 439 766 non
493 698 756 767 habens
808 700 1104 767 radicem
1161 700 1274 767 Dei
1323 699 1763 788 cognitionis.
1823 721 1858 764 »
2475 705 2480 710 ’

119 789 152 874 ξ
194 792 276 859 4.
334 792 501 855 Dum
547 788 695 876 ipse
750 801 977 857 autem
1027 789 1195 857 haec
1243 787 1521 868 diceret,
1563 788 1821 857 missus
1853 797 1957 857 est
2002 788 2089 857 ab
2148 792 2572 876 Imperatore

48 875 443 944 silentiarius
476 898 634 945 cum
691 877 1011 965 plurimis
1050 876 1230 956 aliis,
1266 889 1342 945 ut
1373 897 1533 946 eum
1569 890 1890 944 vocarent
1923 874 2007 943 ad
2046 881 2566 965 Imperatorem.

50 969 190 1032 Cum
242 966 296 1032 is
330 987 488 1033 vero
537 987 607 1032 se
654 978 1069 1044 excusasset,
1106 970 1488 1053 Imperator
1533 964 1804 1034 distulit
1849 965 2251 1033 concilium.
2293 967 2407 1034 Die
2448 988 2544 1035 au

52 1065 159 1119 tem
195 1055 500 1139 sequenti
552 1076 706 1122 eum
763 1076 1007 1123 rursus
1048 1053 1336 1123 accersit
1385 1059 1786 1142 Imperator,
1825 1066 1901 1122 ut
1947 1054 2208 1122 veniret
2251 1077 2415 1123 cum
2460 1075 2563 1136 ec,

49 1163 163 1226 quo
208 1165 327 1231 par
357 1156 480 1222 est,
522 1143 797 1211 honore.
854 1147 1016 1211 Cum
1074 1144 1130 1211 is
1163 1154 1388 1211 autem
1432 1144 1856 1219 accessisset,
1893 1142 2183 1211 dimisso
2215 1144 2360 1229 jam
2405 1165 2568 1212 con-

51 1230 205 1310 citio,
238 1231 402 1299 dicit
449 1231 510 1298 ei
564 1236 981 1321 Imperator:
1018 1254 1053 1296 «
1110 1237 1363 1301 Eamus
1415 1230 1621 1301 simul
1675 1233 1743 1299 in
1797 1231 2133 1320 templum
2171 1233 2446 1312 Dianae,
2502 1244 2566 1301 et

52 1319 385 1388 offeramus
433 1320 495 1387 ei
564 1321 1006 1389 sacrificium.
1066 1343 1102 1385 »
1172 1324 1461 1389 Sanctus
1521 1341 1676 1388 vero
1733 1341 1805 1388 se
1855 1320 2261 1408 reprimens,
2318 1320 2437 1389 ivit
2492 1321 2558 1388 in

54 1428 225 1476 suum
264 1408 708 1477 Praetorium.
742 1408 1031 1491 Quidam
1068 1421 1294 1477 autem
1330 1431 1404 1478 ex
1438 1409 1839 1498 proceribus
1867 1431 2022 1477 eum
2060 1420 2342 1478 accusat
2373 1408 2558 1498 apud

55 1498 532 1584 Imperatorem,
571 1496 846 1566 dicens:
886 1520 920 1564 «
958 1498 1069 1565 Pie
1119 1498 1582 1587 triumphator
1619 1510 1682 1565 et
1713 1498 1946 1578 victor,
1993 1520 2031 1566 a
2065 1497 2199 1566 diis
2250 1498 2555 1587 probate,

54 1595 112 1650 ut
150 1585 582 1654 administres
629 1587 699 1654 in
751 1587 1145 1676 imperium,
1200 1587 1488 1676 dignare
1541 1586 1807 1674 placide
1861 1608 1967 1655 me
2015 1587 2278 1655 audire.
2336 1588 2467 1669 Qui
2517 1608 2559 1655 a

53 1687 240 1741 vestra
288 1676 727 1765 imperatoria
782 1690 884 1744 est
931 1677 1308 1743 honoratus
1355 1676 1652 1755 dextera,
1711 1689 1775 1743 et
1821 1677 1930 1744 cui
1998 1675 2214 1764 gloria
2264 1675 2396 1744 fuit
2448 1677 2564 1743 tri-

54 1758 188 1830 buta
219 1786 251 1830 a
296 1778 513 1833 vestro
551 1764 868 1853 imperio,
913 1763 1094 1851 quod
1142 1782 1254 1832 res⁴
1282 1770 1750 1833 Romanorum
1789 1764 2054 1852 placide
2086 1777 2151 1832 et
2192 1764 2564 1852 tranquille

56 1849 476 1932 administrat,
519 1853 578 1920 is
629 1854 933 1930 nonfuit
984 1852 1342 1922 nobiscum
1388 1853 1455 1919 in
1501 1853 1755 1941 templo
1797 1875 2087 1941 magnae
2128 1853 2400 1933 Dianae,
2450 1874 2562 1921 sa-

56 1939 353 2010 crificium
405 1940 771 2010 oblaturus
822 1964 941 2030 pro
974 1955 1193 2010 vestra
1238 1943 1558 2028 potentia.
1602 1964 1638 2006 »
1679 1942 1846 2009 Dixit
1887 1946 2286 2031 Imperator:
2328 1943 2564 2024 «Quis

62 2025 146 2091 hic
186 2034 316 2098 est?
364 2054 401 2096 »
458 2031 632 2098 Dixit
681 2030 960 2100 Catulus
999 2031 1431 2099 consularis:
1487 2054 1523 2095 «
1588 2030 2010 2110 Mercuriu5‚
2064 2052 2268 2117 quem
2325 2031 2562 2120 magni

61 2112 275 2185 fecistis
314 2133 377 2187 et
416 2120 719 2188 ornastis
774 2119 1062 2188 diversis
1103 2119 1577 2208 dignitatibus.
1628 2123 1692 2187 Is
1742 2119 1913 2188 alios
1961 2138 2234 2206 quoque
2296 2121 2556 2199 evertit,

68 2222 132 2268 ne
169 2205 314 2277 deos
361 2209 644 2286 colant;
719 2209 971 2276 exitum
1047 2222 1274 2277 autem
1342 2209 1533 2276 vobis
1588 2208 1897 2276 ostendet
1942 2212 2092 2296 ejus
2150 2208 2232 2277 ad
2287 2229 2405 2276 vos
2457 2230 2562 2275 re-

72 2297 321 2376 sponsio.
378 2320 412 2362 »
470 2296 645 2364 Dixit
692 2298 957 2365 Decius:
1016 2321 1049 2362 «
1094 2297 1330 2383 Aliqua
1384 2297 1665 2366 sortasse
1699 2297 1763 2363 in
1801 2317 1957 2364 eum
2015 2296 2553 2375 motusinvidia,

73 2378 288 2451 haecin
339 2407 497 2456 eum
556 2385 825 2455 locutus
863 2408 989 2454 es:
1053 2386 1164 2456 sed
1224 2399 1286 2454 te
1336 2407 1467 2454 non
1532 2384 1839 2465 audiam,
1900 2386 2028 2454 nisi
2076 2408 2155 2456 eo
2208 2397 2562 2473 praesente

66 2488 187 2536 vera
227 2495 630 2563 cognovero.
668 2476 827 2543 Fide
874 2487 1099 2543 autem
1137 2476 1486 2564 digniores
1514 2475 1845 2559 judicabo
1887 2476 2256 2543 testimonii
2295 2475 2555 2554 oculOS,

60 2560 227 2654 quarn
276 2585 501 2632 aures.
560 2570 730 2632 Tace
777 2586 961 2653 ergo,
1007 2577 1071 2631 et
1119 2586 1275 2632 cum
1329 2584 1406 2631 eo
1451 2563 1721 2632 nullum
1777 2564 2059 2632 verbum
2116 2564 2392 2650 loquere
2425 2574 2448 2641 ;’
2498 2577 2565 2632 et

61 2666 101 2709 si
145 2648 605 2721 calumniandi
658 2653 935 2738 quidem
1004 2654 1238 2720 animo
1286 2674 1456 2722 usus
1525 2654 1592 2719 in
1651 2674 1808 2720 eum
1864 2654 2030 2720 haec
2091 2653 2369 2727 dixeris,
2429 2674 2562 2722 non

61 2731 176 2832 leve
204 2738 395 2819 dabis
446 2740 899 2830 supplicium.
942 2742 1056 2808 Sin
1093 2754 1319 2809 autem
1361 2763 1515 2809 vera
1547 2743 1996 2830 apparuerint
2042 2763 2143 2819 ea,
2198 2764 2373 2827 quae
2422 2763 2460 2809 a
2501 2754 2566 2810 te

59 2820 207 2918 dicta
255 2843 433 2909 sunt,
490 2852 529 2897 a
585 2852 688 2895 me
726 2830 1016 2898 honores
1048 2843 1110 2897 et
1151 2830 1327 2899 dona
1380 2830 1842 2915 consequeriS,
1890 2844 1966 2898 ut
2003 2832 2118 2915 qui
2159 2831 2562 2899 benevolum

62 2930 113 2975 1η
151 2913 299 2985 deos
346 2934 411 2985 et
460 2919 529 2985 in
587 2940 709 2986 nos
756 2921 1066 2987 animum
1122 2918 1523 2987 ostenderis.
1575 2940 1609 2983 »
1661 2923 2040 3006 Imperator
2088 2931 2312 2989 autem
2357 2919 2569 3006 jussit

61 3019 187 3096 cum
223 3006 447 3074 venire
487 3028 645 3075 cum
684 3029 783 3085 eo,
824 3027 962 3093 quo
999 3030 1121 3096 par
1153 3020 1297 3075 erat
1330 3008 1605 3075 bonore.

130 3091 161 3174 ἓ
202 3099 282 3167 5,.
337 3099 501 3162 Cum
556 3096 616 3162 is
664 3109 890 3164 autem
927 3096 1350 3175 accessisset,
1390 3093 1561 3164 dixit
1592 3097 1650 3164 ei
1697 3097 1962 3165 Decius:
2004 3120 2038 3161 «
2078 3101 2312 3164 Nonne
2344 3116 2470 3184 ego
2506 3108 2569 3163 te

64 3174 165 3244 liae
207 3184 434 3251 ornavi
492 3183 850 3273 dignitate,
919 3198 981 3252 te
1041 3186 1378 3254 exercitus
1435 3184 1788 3254 ductorem
1850 3184 2276 3253 constituens
2334 3204 2564 3253 coram

62 3269 352 3362 omnibus
429 3274 600 3341 meis
660 3274 1140 3362 principibus,
1193 3296 1313 3362 pro
1368 3285 1541 3342 terea
1603 3274 1784 3360 quod
1868 3276 1977 3342 Dei
2032 3274 2372 3341 voluntate
2419 3296 2453 3339 a
2507 3284 2570 3340 te

64 3367 280 3425 victum
333 3360 537 3429 fuerit
579 3362 973 3450 proelium?
1024 3368 1288 3444 Quomo
1342 3385 1380 3430 o
1420 3375 1646 3431 autem
1703 3384 1931 3431 meum
1985 3361 2310 3431 bonorem
2369 3360 2568 3429 nihili

61 3438 292 3514 ducens
326 3504 340 3528 ‚
399 3451 721 3536 accepisti
774 3449 1055 3519 modum
1109 3451 1478 3537 quemdam
1548 3450 2041 3541 malignitatiS,
2095 3465 2160 3519 et
2222 3452 2323 3519 vis
2380 3470 2570 3518 meos

66 3526 322 3627 liquores
371 3538 569 3606 nihili
614 3538 934 3628 pendere,
991 3540 1155 3608 deos
1214 3563 1347 3608 non
1408 3540 1728 3613 adorans.
1778 3542 1955 3609 sicut
1994 3540 2139 3627 jam
2193 3540 2425 3608 audivi
2483 3538 2569 3606 ab

63 3616 429 3705 aliquibus?
464 3651 500 3691 »
532 3631 915 3697 Generosus
946 3640 1172 3697 autem
1216 3629 1460 3697 Christi
1509 3628 1728 3705 miles,
1768 3650 1924 3696 cum
1969 3629 2451 3697 convenienter
2478 3628 2565 3707 ei,

63 3710 216 3803 quod
264 3713 425 3783 dicit
472 3717 856 3802 Apostolus,
898 3729 1185 3786 veterem
1237 3718 1537 3786 exuisset
1586 3718 1934 3786 hominem
1978 3740 2135 3786 cum
2181 3718 2329 3787 suis
2364 3718 2572 3785 actio·-

64 3794 264 3880 nibus,
300 3803 524 3873 induit
572 3826 852 3884 novum,
896 3807 1014 3892 qui
1047 3819 1149 3875 est
1187 3819 1458 3874 creatus
1492 3805 1875 3874 secundum
1925 3811 2132 3875 Deum
2179 3828 2300 3895 per
2348 3805 2573 3894 bapti-

66 3900 288 3967 smum,
330 3907 392 3960 et
438 3894 861 3962 confidenter
899 3895 959 3962 ei
1010 3894 1211 3963 dixit:
1254 3917 1289 3961 «
1342 3901 1387 3964 Α
1425 3916 1533 3962 me
1564 3894 1722 3963 tolle
1759 3895 1944 3963 hunc
1980 3906 2174 3964 tuum
2214 3896 2572 3963 honorem.

68 3972 180 4064 Ego
222 3981 397 4048 enim
452 4004 610 4061 non,
664 3998 739 4051 ut
787 3984 1104 4060 arbitror,
1160 3984 1242 4052 ad
1296 3984 1363 4052 id
1424 3985 1575 4051 veni
1625 4006 1705 4051 ex
1760 3982 2014 4063 debito,
2069 3985 2189 4069 qui
2247 3985 2576 4052 barbaros

69 4075 121 4155 lt}
170 4062 334 4135 bello
384 4069 655 4139 vicerim
713 4094 832 4161 per
880 4073 1245 4140 Dominum
1302 4092 1532 4140 meum
1582 4072 1816 4140 lesum
1870 4072 2242 4141 Christum.
2300 4072 2423 4140 Sed
2469 4094 2578 4138 ac·-

68 4165 196 4232 sslpe
237 4175 405 4240 quae
451 4182 486 4226 a
538 4171 621 4240 te,
662 4177 737 4229 ut
782 4161 1038 4239 dixisti.
1081 4162 1251 4229 mihi
1293 4161 1449 4229 data
1503 4173 1685 4229 sunt.
1744 4161 1982 4229 Nudus
2031 4162 2216 4228 enim
2259 4180 2577 4248 egressus

70 4252 199 4385 {uin
246 4264 320 4312 ex
358 4260 546 4316 utero
599 4250 841 4318 matris
878 4270 1091 4330 meae,
1150 4250 1382 4319 nudus
1428 4251 1632 4318 etiam
1670 4261 1968 4317 revertar
2003 4250 2068 4317 in
2124 4248 2323 4318 illum
2376 4269 2580 4315 mun-

115 4344 239 4396 um.
294 4356 327 4396 »

144 4415 175 4495 ἓ
218 4424 302 4487 θ.
356 4427 516 4493 Cum
575 4426 801 4511 itaque
847 4426 1147 4495 exuisset
1197 4425 1448 4501 lenam,
1484 4439 1549 4493 et
1608 4425 1919 4493 solvisset
1973 4446 2240 4502 zonam,
2290 4423 2442 4506 iecit
2491 4422 2577 4490 ad
