2993 4837
20 336 171 401 lov.
234 336 312 399 ⁴9
519 353 596 398 nr.
645 354 700 399 s,
753 353 1121 411 cusanam,
1176 352 1357 400 aneis
1406 352 1774 399 HUNGAmAE
1822 354 1991 399 rima
2310 337 2439 400 605

20 440 113 507 uit
164 438 238 505 in
293 436 503 506 multa
544 436 933 506 humilitate
971 449 1036 506 et
1086 450 1507 526 paupertate.
1555 438 1784 518 Cibus,
1815 438 2001 506 olera
2043 452 2107 506 et
2149 437 2526 527 legumina,

20 547 487 615 aepenumero
513 525 599 594 ob
628 539 993 614 egestatem
1037 547 1217 612 aqua
1264 526 1643 607 dumtaxat,
1683 527 1831 595 sine
1879 526 2014 596 alio
2061 525 2265 617 gulae
2305 527 2532 596 irrita-

21 629 244 694 mento,
274 627 606 704 percocta,
630 636 710 682 ac
735 614 1112 693 interdum,
1136 637 1296 682 cum
1335 615 1484 704 ipsa
1516 616 1806 700 coquina
1821 615 1989 684 riam
2019 630 2381 697 exerceret,
2411 638 2533 706 per

27 704 482 793 egligentiam
511 701 1009 772 semiustulata.
1044 703 1142 772 Ob
1173 703 1354 789 quod
1386 704 1472 772 ab
1501 703 1773 772 ancillis
1799 704 2000 772 etiam
2031 704 2352 795 castigari
2392 727 2535 774 ver-

29 794 84 860 is
119 791 656 863 austeriusculis
700 791 985 859 minime
1033 794 1470 879 gravabatur.
1525 797 1729 861 Nacta
1772 814 1927 861 vero
1960 791 2217 863 lautius
2248 793 2531 880 aliquod

20 881 325 961 dulium,
364 879 765 949 defraudato
816 881 1095 969 proprio
1144 882 1367 969 genio,
1409 880 1475 948 id
1532 881 1953 970 pauperibus
1992 880 2175 969 apud
2221 905 2291 951 se
2340 882 2531 951 dorni

22 970 279 1039 etentis
326 970 672 1058 erogabat.
717 974 978 1037 Vestem
1012 969 1099 1036 ab
1144 969 1470 1058 magistro
1504 971 1767 1057 accepit
1796 970 2020 1038 colore
2058 971 2305 1051 nativo,
2348 984 2533 1041 textu
2577 1028 2591 1040 .

20 1060 267 1140 ustico,
307 1057 533 1127 valore
582 1056 957 1126 admodum
1003 1056 1142 1136 vili,
1179 1057 1602 1146 abjectoque.
1657 1057 1975 1139 Pallium,
2010 1060 2174 1144 quia
2222 1060 2526 1141 breviuS,

24 1170 192 1215 uam
249 1161 325 1216 ut
371 1146 689 1215 decenter
744 1147 830 1215 ab
878 1167 957 1214 ea
1010 1145 1410 1226 deferretur,
1450 1160 1616 1226 erat,
1661 1157 1895 1217 assuto
1946 1146 2232 1217 alterius
2279 1148 2530 1219 coloris

20 1258 222 1304 anno
275 1235 687 1322 productum
749 1235 1061 1303 habebat.
1122 1239 1407 1304 Laceras
1447 1235 1899 1324 diruptasque
1954 1237 2241 1304 vestium
2304 1251 2531 1326 partes

22 1325 306 1393 esarciri
348 1323 605 1392 serebat
638 1322 1096 1393 discoloribus
1153 1324 1390 1392 vilium
1437 1324 1965 1410 panniculorum
2025 1325 2524 1406 recisamentiS,

20 1413 247 1496 [uibus
293 1409 358 1481 et
401 1414 548 1501 ipsa
580 1412 969 1497 frequenter
1004 1412 1339 1501 parietum
1379 1414 1542 1481 vitia
1578 1412 2103 1503 redintegrabat,
2151 1427 2269 1482 aut
2305 1415 2531 1503 potius

21 1501 363 1591 ppilabat.
398 1506 624 1590 Rupta
656 1501 1083 1569 manicarum
1119 1499 1220 1568 vel
1256 1501 1550 1569 aliarum
1581 1501 1876 1601 partium
1913 1523 2031 1591 per
2063 1524 2134 1571 se
2161 1502 2220 1571 si
2246 1503 2529 1588 quando

21 1592 338 1671 eliceret,
391 1589 573 1676 quod
624 1590 852 1678 ejusce
899 1590 1065 1658 artis
1134 1589 1303 1657 foret
1353 1590 1705 1679 imperita,
1762 1611 1895 1659 non
1974 1603 2106 1660 tam
2185 1592 2525 1672 refecisse,

21 1702 197 1762 fuam
232 1678 677 1757 obstruxisse,
716 1677 855 1746 dici
887 1691 1064 1747 recte
1100 1690 1381 1767 poterat.

70 1772 105 1852 ξ
157 1774 307 1839 21.
348 1767 622 1835 Lanicio
656 1765 937 1846 filando,
973 1767 1137 1853 quia
1188 1766 1327 1835 lino
1378 1766 1745 1848 nesciebat,
1783 1789 2060 1856 operam
2098 1767 2327 1837 dabat.
2363 1767 2533 1836 Inde

21 1855 243 1924 ictum
305 1856 741 1943 quaestuaria
809 1856 1266 1944 procurabat,
1324 1856 1595 1924 cunctis
1655 1860 1917 1945 Regum
1992 1855 2284 1925 deliciis
2329 1857 2532 1945 longe

20 1945 386 2029 gratiorem.
426 1945 546 2013 Cui
578 1944 765 2032 operi
802 1943 970 2012 adeo
1001 1943 1367 2032 diligenter
1395 1944 1863 2024 incumbebat,
1897 1955 1973 2013 ut
2012 1946 2217 2013 etiam
2253 1946 2533 2014 infirma

20 2048 301 2120 ectoque
331 2032 772 2112 decumbenS,
829 2033 1137 2101 adhibita
1186 2033 1336 2102 colo
1371 2046 1582 2102 neret.
1626 2038 1767 2115 Qua
1802 2055 1922 2123 per
1954 2032 2366 2102 ancillarum
2409 2033 2535 2102 ali-

21 2143 203 2206 tuam
254 2144 293 2190 e
342 2121 666 2190 manibus
715 2134 931 2210 rapta,
982 2143 1120 2207 quo
1173 2122 1540 2190 infirmiori
1588 2121 2000 2211 corpusculo
2059 2134 2387 2211 parceret,
2427 2128 2534 2190 'ne

21 2211 267 2294 penitus
313 2211 665 2289 otiaretur,
722 2231 850 2299 ope
897 2211 1129 2279 futuro
1166 2211 1616 2299 prospicienS,
1656 2211 1883 2280 lanam
1930 2210 2028 2280 vel
2070 2211 2360 2299 carptim
2414 2231 2532 2299 pe-

20 2298 235 2377 nebat,
271 2298 374 2367 vel
424 2299 660 2367 floccis
700 2298 1025 2368 hincinde
1085 2300 1410 2378 collectis,
1456 2300 1728 2368 scobem
1793 2298 2302 2370 sordiusculam
2351 2297 2535 2367 evel-

20 2385 176 2456 lebat
219 2387 710 2476 ejectabatque,
766 2388 1053 2459 remisso
1087 2388 1430 2458 interdum
1484 2389 1594 2469 iis,
1647 2410 1943 2476 quorum
1987 2388 2175 2478 operi
2223 2387 2529 2469 vacabat,

20 2478 229 2558 cretio,
261 2477 441 2563 quod
483 2476 583 2545 vel
620 2477 912 2546 necdum
952 2490 1313 2558 meruerat,
1344 2477 1442 2546 vel
1496 2479 1741 2546 mereri
1772 2479 2294 2567 quamprimum
2334 2499 2536 2567 posse

21 2563 369 2646 lillidebat‚
409 2588 495 2633 ne
541 2565 705 2651 quid
763 2566 919 2652 plus
957 2567 1149 2655 justo
1200 2567 1596 2654 possideret.
1638 2572 1777 2636 Hac
1839 2568 1906 2635 in
1968 2579 2370 2656 paupertate
2419 2565 2535 2633 de-

20 2668 289 2740 gentem,
346 2657 605 2723 missus
636 2675 715 2722 ex
752 2655 1105 2743 Hungaria
1155 2659 1392 2724 Comes
1429 2655 1711 2742 quidam
1759 2677 1889 2736 non
1945 2656 2093 2724 sine
2150 2655 2536 2723 vehementi

20 2752 271 2833 stupore
321 2743 603 2820 invenit,
646 2743 1061 2829 tentavitque
1122 2743 1447 2812 reducere
1502 2743 1588 2812 ad
1639 2766 1803 2833 opes
1855 2744 2102 2814 natalis
2153 2744 2313 2824 soli,
2355 2743 2539 2812 affir-

21 2853 187 2902 nans
237 2853 320 2900 eo
375 2853 447 2901 se
498 2831 776 2899 nomine
830 2831 1020 2900 illinc
1071 2832 1360 2901 missum
1403 2854 1443 2900 a
1483 2843 1694 2921 patre.
1751 2831 1985 2914 Illum,
2037 2833 2275 2902 audito
2324 2854 2536 2919 quam

30 2919 358 2989 nfeliciter
413 2919 578 2996 filia,
622 2919 847 2988 mariti
905 2919 1181 2989 viduata
1240 2921 1504 3003 solatio,
1544 2932 1794 3009 ageret,
1838 2922 2226 3008 nequivisse
2274 2922 2539 2991 diutius

28 3011 403 3097 egationem
453 3008 749 3077 differre.
812 3008 1147 3095 Flagitare
1202 3009 1527 3098 proinde,
1587 3021 1869 3098 paterna
1940 3023 2091 3079 vota
2149 3010 2217 3078 in
2298 3023 2539 3100 pectus

20 3097 305 3167 tdmittat
336 3152 352 3178 ,
420 3119 627 3183 seque
678 3097 1074 3177 honorifice,
1121 3097 1305 3166 unde
1355 3099 1442 3167 sit
1488 3097 1806 3178 oriunda,
1863 3097 2096 3167 reduci
2211 3100 2532 3167 ermittat.

20 3188 123 3254 lon
176 3187 425 3256 decere
476 3186 686 3255 filiam
727 3191 819 3255 Re
875 3186 928 3256 is
972 3185 1221 3255 lanicio
1252 3186 1581 3267 deditam,
1617 3187 1877 3256 amictu
1914 3185 2139 3273 squali
2195 3209 2331 3267 am,
2366 3187 2539 3254 facie

21 3271 394 3354 lesormem‚
436 3275 611 3342 intra
660 3275 831 3363 argil
867 3297 1022 3344 osos
1070 3275 1499 3345 fumosarum
1545 3275 1818 3344 aedium
1871 3275 2163 3364 parietes
2212 3274 2533 3343 inveniri.

20 3361 202 3432 iliam
258 3384 408 3432 esse
466 3363 925 3432 conditionem
1004 3363 1389 3443 nobilium,
1446 3363 1654 3432 aliam
1730 3364 2194 3452 popularium.
2251 3361 2541 3451 Singula

21 3471 112 3533 aro
161 3453 276 3521 sui
316 3451 649 3541 dignitate
700 3452 867 3521 locis
917 3453 1062 3521 suis
1101 3452 1450 3532 constitui,
1510 3452 1833 3522 decorum
1899 3474 2072 3534 esse,
2123 3474 2201 3521 ac
2253 3452 2541 3520 minime

21 3559 36 3603 1
74 3543 322 3611 virtute
376 3542 767 3610 abhorrere.
807 3544 972 3609 Cum
1027 3540 1134 3610 his
1186 3541 1406 3610 verbis
1442 3540 1614 3609 nihil
1657 3542 1940 3610 omnino
1985 3554 2368 3610 moveretur
2403 3539 2541 3608 Eli-

20 3631 259 3710 3abetl1‚
300 3629 689 3715 diceretque
722 3650 793 3697 se
842 3629 933 3697 ita
975 3640 1049 3697 ut
1096 3643 1240 3699 erat
1281 3651 1830 3719 permansuram,
1870 3652 1949 3698 ac
1992 3636 2122 3699 Deo
2165 3628 2539 3698 famulatu-

20 3738 160 3800 ram,
194 3722 458 3798 Comes,
492 3717 739 3786 infecto
775 3718 1068 3806 negotio,
1105 3718 1172 3785 in
1215 3719 1640 3808 Hungariam
1685 3729 1785 3786 est
1822 3740 2157 3789 reversus.
2186 3723 2537 3786 Caeterum

20 3826 249 3896 magna
297 3806 399 3874 illi
446 3807 735 3876 comitas
767 3860 786 3886 ,
849 3829 928 3874 ac
981 3807 1196 3876 multa
1244 3807 1715 3876 benevolentia
1762 3820 1907 3877 erat
1955 3806 2141 3875 domi
2206 3829 2364 3875 cum
2416 3827 2541 3874 an-

20 3893 175 3964 cillis
240 3896 492 3985 agenti,
546 3897 889 3964 intantum
955 3910 1032 3964 ut
1079 3917 1313 3985 parem
1376 3917 1447 3964 se
1519 3895 1735 3984 ipsis,
1801 3896 1954 3964 licet
2003 3895 2431 3996 ignobilibus
2478 3907 2544 3963 et

20 3983 255 4070 egenis,
307 3985 557 4054 faceret
604 4007 683 4053 ac
736 3984 1037 4073 reputari
1094 3983 1337 4053 vellet:
1391 3983 1839 4071 depositaque
1871 3984 2193 4053 dominae
2234 3983 2544 4073 appella-

20 4072 204 4150 tione,
246 4073 453 4142 nollet
516 4073 645 4142 nisi
699 4073 976 4162 proprio
1027 4073 1348 4154 nomine,
1406 4072 1717 4142 adinstar
1769 4072 2122 4163 popularis
2175 4071 2537 4153 foeminae,

20 4160 249 4229 vocari:
303 4162 601 4248 denique
647 4161 1122 4247 coquinariam
1164 4183 1323 4231 cum
1377 4162 1462 4229 iis
1502 4161 1858 4243 factitaret‚
1898 4162 2225 4250 cibosque
2273 4184 2414 4230 una
2462 4183 2543 4230 ex

21 4249 369 4338 paropside
418 4262 740 4335 sumeret,
783 4249 1004 4336 jussis
1054 4251 1309 4338 pariter
1357 4253 1788 4321 accumbere.

66 4340 126 4432 ,ξ
178 4342 337 4409 ²².
392 4344 743 4408 Caeterum
800 4338 1107 4428 magistri
1157 4351 1222 4407 et
1271 4339 1648 4408 amicorum
1705 4338 2047 4409 industria
2080 4361 2159 4408 ac
2208 4338 2546 4409 sollicitu-

24 4419 163 4494 dine
210 4440 558 4517 receptam
608 4449 647 4496 a
698 4426 1013 4517 principe
1052 4426 1231 4496 dotis
1267 4428 1544 4497 nomine
1592 4428 1955 4519 pecuniam
1991 4482 2006 4512 ,
2062 4450 2283 4518 neque
2330 4440 2547 4499 terrae
