2993 4837
77 394 212 459 Νῦν.
255 394 292 459 3
724 413 800 460 nn
846 413 902 461 s.
952 411 1273 461 nucum
1318 416 1416 462 m».
1472 416 1814 465 uincamus
2360 402 2451 466 83·

72 509 376 588 conspectu
420 501 734 588 Regum:
788 497 903 569 sed
954 498 1120 585 quia
1167 521 1284 570 vas
1347 498 1701 569 electionis
1755 499 1885 571 sibi
1936 514 2078 569 erat
2123 501 2256 584 ille,
2313 516 2531 593 porta·

72 601 223 657 turus
249 607 478 656 nomen
514 608 720 656 suum
761 608 989 656 coram
1026 586 1328 677 Regibus
1361 601 1426 657 et
1462 588 1922 679 principibus,

134 676 278 761 ἐῢ.
322 679 577 745 Mortua
612 687 710 745 est
746 675 1016 745 interim
1052 698 1245 746 soror
1289 675 1440 764 ejus
1482 676 1624 758 illa,
1672 699 1879 765 quam
1927 677 2209 767 praefati
2260 702 2525 751 sumus.

66 768 169 831 Nec
198 763 701 854 praetereundae
734 764 1054 847 visioneS,
1088 786 1263 851 quas
1294 765 1460 834 vidit
1491 765 1576 833 de
1608 788 1710 835 ea.
1747 767 1970 854 Hujus
2005 768 2345 854 siquidem
2376 790 2532 838 san·

66 864 185 922 ctus
207 852 522 922 carnalem
561 854 1003 923 exhorruerat
1029 855 1261 934 vitam,
1296 867 1361 923 et
1395 867 1580 924 tanto
1609 855 1775 936 zel0,
1809 870 1884 925 ut
1918 877 1989 924 se
2015 855 2356 926 devoverit
2391 880 2524 927 non

70 939 314 1012 visurum
341 963 488 1012 eam
524 943 593 1011 in
626 964 835 1012 carne
867 943 1227 1013 viventem.
1266 946 1343 1011 At
1392 942 1510 1012 illa
1557 966 1763 1013 carne
1806 943 2051 1026 soluta,
2091 944 2393 1015 solutum
2430 959 2530 1015 est

66 1040 284 1099 votum:
329 1043 389 1100 et
425 1052 544 1101 coe
601 1032 648 1101 it
696 1032 923 1101 videre
956 1031 1027 1101 in
1071 1031 1344 1122 spiritu,
1381 1054 1589 1119 quam
1632 1033 1702 1100 in
1735 1053 2018 1123 corpore
2059 1032 2302 1103 noluit.
2346 1039 2528 1118 Qua-

62 1116 184 1188 dam
214 1132 386 1190 nocte
422 1141 509 1190 au
568 1120 684 1190 ivit
712 1142 834 1211 per
866 1121 1212 1192 somnium
1251 1141 1478 1189 vocem
1524 1120 1656 1190 sibi
1690 1121 2004 1202 dicentis,
2044 1143 2342 1192 sororem
2378 1124 2529 1215 ejus

34 1219 201 1332 bsuu-e
240 1206 405 1279 foras
452 1211 522 1278 in
575 1210 770 1290 atrio,
809 1222 875 1279 et
911 1230 1069 1279 ecce
1110 1229 1228 1298 per
1263 1221 1434 1279 totos
1484 1210 1763 1300 triginta
1795 1209 1943 1280 dies
1977 1210 2152 1279 nihil
2186 1224 2522 1302 gustasse.

34 1294 193 1377 Qui,
245 1296 608 1390 evigilans,
661 1298 797 1369 cito
846 1297 1198 1377 intellexit,
1251 1299 1457 1388 cujus
1511 1320 1704 1368 escae
1763 1298 1992 1368 inedia
2044 1302 2396 1370 marceret.
2453 1307 2530 1371 Et

34 1383 361 1475 {diligenter
414 1386 729 1459 discusso
778 1408 1066 1458 numero
1104 1385 1373 1457 dierum
1425 1408 1630 1473 quem
1685 1387 2038 1467 audierat,
2101 1388 2328 1476 ipsum
2379 1411 2529 1460 esse

34 1474 277 1564 stepen-it,
309 1496 386 1546 ex
416 1497 556 1562 quo
597 1498 721 1568 pro
749 1497 826 1545 ea
877 1497 1124 1566 panem
1159 1475 1242 1544 de
1275 1476 1462 1545 coelo
1494 1476 1721 1546 vivum
1766 1497 1899 1544 non
1936 1475 2318 1546 obtulisset.
2355 1484 2526 1548 Tum

34 1559 165 1643 ille,
188 1564 291 1651 qui
320 1566 571 1636 sororis
606 1587 741 1635 non
772 1565 1073 1634 animam
1113 1565 1369 1646 oderat,
1407 1565 1522 1634 sed
1556 1577 1933 1654 peccatum,
1972 1565 2520 1647 beneficentiam,

34 1671 217 1736 {quam
252 1653 722 1734 intermiserat,
762 1676 1040 1724 rursum
1077 1654 1408 1723 adoritur.
1449 1658 1676 1741 Neque
1710 1653 1775 1721 id
1818 1652 2097 1724 frustra.
2133 1660 2274 1724 Non
2313 1655 2530 1725 multo

34 1751 177 1826 'post
220 1741 345 1811 visa
380 1757 482 1813 est
538 1742 637 1812 illi
686 1743 1072 1834 pervenisse
1120 1742 1202 1811 ad
1256 1742 1465 1812 limen
1516 1741 1843 1812 ecclesiae
1875 1798 1890 1823 ‚
1952 1743 2245 1813 necdum
2302 1757 2528 1813 tamen

62 1845 216 1916 posse
255 1830 538 1901 intrare:
593 1853 928 1922 apparere
958 1831 1162 1901 etiam
1202 1831 1269 1899 in
1314 1843 1492 1901 veste
1527 1831 1742 1922 pulla.
1796 1836 2104 1919 Cumque
2151 1832 2265 1901 ille
2306 1854 2530 1923 perse·

62 1934 281 2000 vetaret,
326 1942 582 1992 curans
620 1941 703 1990 ne
736 1942 870 2008 qua
918 1919 1029 1989 die
1063 1919 1260 1990 solita
1291 1921 1465 2010 stipe
1496 1919 1942 1990 frustraretur
1972 1944 1986 1988 :
2024 1921 2328 1991 secundo
2360 1921 2530 1991 vidit

58 2019 172 2076 eam
210 2006 269 2077 in
314 2021 486 2079 veste
536 2008 996 2089 subcandida,
1040 2008 1417 2079 admissam
1454 2008 1735 2096 quidem
1775 2011 1953 2079 intra
1987 2010 2372 2092 eeclesiam,
2410 2010 2526 2081 sed

62 2091 221 2165 altare
242 2100 458 2167 contin
514 2120 632 2168 ere
674 2119 807 2168 non
863 2098 1185 2188 permitti.
1241 2099 1459 2167 Tertio
1512 2097 1783 2167 tandem
1841 2098 1982 2166 visa
2022 2111 2122 2167 est
2169 2100 2530 2189 aggregari

34 2185 232 2278 femi
264 2187 456 2256 candi
514 2201 817 2265 atorum,
861 2199 925 2255 et
958 2187 1025 2254 in
1064 2199 1245 2255 veste
1282 2185 1600 2256 candida.
1642 2186 1865 2268 Vides,
1922 2185 2152 2266 lector,
2193 2200 2526 2273 quantum

34 2285 41 2406 Ι
74 2265 227 2344 valet
259 2275 646 2367 deprecatio
668 2274 841 2364 justi
889 2274 1170 2344 assidua
1194 2279 1304 2343 Τ...

34 2417 37 2441 ;
118 2359 245 2523 ἐξ.
286 2369 360 2435 Et
405 2365 748 2436 Dominus
806 2363 1082 2453 quidem
1139 2364 1206 2433 in
1266 2363 1544 2455 regione
1594 2363 2016 2434 Lesmorensi
2080 2363 2179 2434 sic
2244 2384 2531 2455 praepa-

34 2446 144 2551 Ἤ.
237 2452 554 2525 dilectum
610 2476 813 2524 suum
868 2452 1268 2523 Malachiam
1305 2454 1388 2522 ad
1428 2453 1716 2544 gloriam
1764 2454 2065 2522 nominis
2106 2453 2238 2523 sui.
2280 2458 2525 2523 Verum

52 2552 145 2623 qm
181 2542 483 2614 miserant
523 2564 716 2623 eum,
765 2542 1047 2610 minime
1089 2543 1233 2630 jam
1287 2541 1575 2612 ferentes
1624 2542 2001 2612 absentiam
2054 2542 2242 2632 ejuS,
2298 2542 2531 2611 missis

34 2625 297 2727 b§.pietalis
342 2644 665 2702 revocant
723 2630 946 2700 illum.
1021 2635 1167 2712 Quo
1226 2630 1490 2700 reddito
1553 2631 1699 2700 suis
1736 2686 1751 2711 ,
1804 2644 1868 2701 et
1929 2630 2207 2719 quidem
2272 2630 2532 2700 instru-

52 2728 215 2789 cuore
250 2719 326 2790 de
368 2721 707 2791 omnibus
753 2741 929 2807 quae
976 2719 1372 2807 oportebat:
1425 2742 1507 2789 en
1560 2741 1738 2809 opus
1784 2743 1821 2789 a
1876 2725 2005 2789 Deo
2057 2732 2412 2810 paratum,
2467 2733 2532 2788 et

34 2730 325 2907 isemtum
374 2809 779 2880 Malachiae.
832 2809 947 2877 Vir
983 2807 1173 2877 dives
1221 2819 1286 2877 et
1334 2822 1608 2898 potens,
1662 2808 1780 2895 qui
1832 2807 2057 2878 locum
2111 2808 2422 2879 Benchnr
2467 2809 2523 2887 ⁸,

34 2899 543 2990 jelmssiones
592 2899 741 2987 eJ'us
790 2898 1083 2977 tenebat,
1126 2897 1505 2986 inspiratus
1538 2919 1577 2965 a
1610 2901 1764 2977 Dec,
1804 2896 2160 2967 confestim
2207 2898 2272 2966 in
2319 2919 2530 2966 manu

34 2986 37 3005 '
116 2998 307 3055 mma
354 2989 593 3058 omnia
645 2986 854 3067 dedit,
907 2999 971 3054 et
1021 3007 1092 3055 se
1138 3007 1437 3073 quoque.
1492 2990 1568 3056 Et
1623 2985 1679 3053 is
1727 2985 2116 3055 avunculus
2174 2987 2347 3073 ejus.
2402 2985 2527 3056 Sed

260 3074 353 3144 iae
402 3076 722 3167 spirituS,
758 3094 963 3162 quam
1015 3076 1266 3155 carnis,
1326 3074 1802 3164 propinquitas
1840 3074 2059 3163 pluris
2100 3074 2250 3144 fuit.
2291 3079 2526 3164 Ipsum

92 3174 265 3247 noque
290 3162 517 3233 locum
557 3162 886 3241 Benchor,
943 3162 1028 3232 de
1073 3184 1211 3249 quo
1250 3162 1890 3264 cognominabatur,
1932 3161 2212 3232 tradidit
2250 3164 2311 3232 ei
2346 3164 2530 3252 prin-

50 3258 214 3335 ceps,
260 3251 765 3322 ut·aedificaret
831 3250 925 3320 ibi
993 3263 1481 3321 monasterium
1518 3306 1537 3331 ,
1596 3251 1695 3320 vel
1749 3252 1975 3341 potius
2038 3250 2523 3321 reaedificaret.

48 3354 249 3426 ..empe
301 3340 818 3412 nobilissimum
870 3339 1176 3409 extiterat
1224 3353 1380 3410 ante
1445 3339 1575 3409 sub
1693 3340 1867 3408 rimo
1917 3352 2106 3429 patre
2155 3337 2472 3439 Congello
2507 3392 2524 3419 ,

48 3421 220 3495 multa
267 3429 482 3500 millia
545 3427 1041 3497 monachorum
1140 3449 1472 3509 eneranS,
1533 3449 1647 3497 mu
1685 3440 1901 3496 torum
1959 3438 2527 3497 monastertorum

108 3528 227 3601 put.
276 3521 489 3590 Locus
551 3539 706 3586 vero
762 3531 1043 3586 sanctus
1115 3517 1563 3603 ecundusque
1594 3529 2012 3598 sanctorum,
2057 3515 2532 3607 copiosissime

68 3602 416 3698 (notificans
464 3612 624 3687 Dec,
679 3606 771 3675 ita
808 3617 886 3675 ut
932 3627 1118 3674 unus
1163 3626 1242 3675 ex
1291 3605 1456 3675 filiis
1506 3620 1781 3675 sanctae
1821 3604 2011 3674 illius
2059 3603 2531 3694 congregatio-

46 3702 145 3784 tns,
171 3696 429 3766 nomine
464 3701 769 3774 LuanuS,
810 3705 1084 3763 centum
1122 3694 1343 3764 solum
1382 3694 1954 3765 monasteriorum
1998 3693 2320 3764 fundator
2364 3692 2530 3762 exti-

34 3795 169 3859 fltsse
209 3780 480 3854 feratur.
511 3782 704 3867 Quod
748 3782 1007 3852 ideirco
1039 3782 1352 3864 dixerim,
1384 3795 1459 3852 ut
1490 3805 1570 3853 ex
1605 3782 1733 3852 hoc
1768 3804 1905 3853 uno
1935 3782 2258 3871 conjiciat
2290 3782 2523 3861 lector,

77 3886 202 3936 uam
233 3869 469 3960 ingens
511 3873 714 3942 fuerit
762 3870 1025 3958 reliqua
1078 3870 1446 3941 multitudo
1455 3922 1587 3940 .....
1632 3876 1762 3941 Nec
1819 3871 2019 3941 modo
2054 3871 2123 3940 in
2163 3869 2520 3960 praefata3‚

148 3955 210 4025 iu
233 3975 490 4031 exteras
522 3960 724 4030 etiam
773 3960 1106 4051 regiones,
1144 3960 1344 4045 quasi
1376 3959 1828 4029 inundatione
1872 3959 2068 4040 facta,
2114 3959 2228 4028 illa
2266 3981 2336 4029 se
2366 3980 2528 4028 san-

88 4062 257 4116 orum
303 4050 623 4119 examina
671 4048 1083 4118 effuderunt.
1140 4052 1188 4116 E
1235 4047 1491 4135 quibus
1525 4048 1609 4117 ad
1662 4049 1785 4118 has
1838 4060 2104 4118 nostras
2140 4047 2528 4118 Gallicanas

109 4145 221 4204 rtes
264 4150 545 4208 sanctus
593 4136 1059 4209 Columbanus
1106 4137 1510 4217 ascendens,
1567 4137 1984 4225 Luxoviense
2029 4136 2099 4172 ⁴*
2144 4137 2527 4207 construxit

132 4226 536 4306 casterium,
602 4224 827 4294 factus
890 4226 984 4295 ibi
1051 4226 1118 4294 in
1186 4239 1454 4327 gentem
1512 4246 1862 4314 magnam.
1913 4225 2117 4315 Ajunt
2179 4237 2316 4293 tam
2377 4248 2527 4293 ma-

52 4324 207 4390 guam
234 4312 467 4396 fuisse,
494 4329 570 4386 ut
601 4312 1130 4384 succedentibus
1156 4315 1287 4387 s1bi
1322 4314 1622 4385 vicissim
1661 4312 1915 4394 choriS,
1961 4314 2544 4384 continuarentur*

92 4468 108 4493 ⁸
129 4470 256 4524 Vulgo
283 4478 475 4529 anyor.

93 4523 123 4541 ’⁴
140 4525 267 4577 Vulgo
287 4532 485 4577 Laeua,
505 4532 554 4572 iu
577 4525 753 4572 Gallis.
769 4527 879 4571 vido
898 4531 938 4571 S.
961 4529 1229 4570 Columbani
1252 4529 1405 4570 Vltszn
1428 4532 1475 4571 in
1501 4532 1586 4572 hoc
1611 4531 1708 4572 Vol.
1734 4531 1821 4572 sub
1842 4532 1914 4573 die
1939 4533 2003 4571 21.
