2993 4837
84 328 233 396 NOV.
285 332 362 395 ⁴8
891 349 969 395 ns
1014 350 1071 396 s.
1125 349 1382 398 nomano
1429 350 1720 398 narras
2361 337 2490 401 579

81 432 449 502 existimavit
504 454 579 504 se
626 453 788 502 eum
837 454 986 503 6556
1024 435 1456 523 privaturum
1492 433 1838 516 diabotus,
1879 434 2097 505 multo
2149 437 2477 526 majorem
2513 451 2579 510 et
2673 522 2678 527 ¹

79 521 562 611 praeclariorem
604 523 670 591 ei
718 526 895 593 Deus
936 535 1039 591 est
1079 522 1394 613 largitus.
1433 528 1576 593 Non
1635 535 1783 593 erat
1826 524 2011 593 enim
2062 524 2372 613 ejusdem
2432 548 2579 597 mo·-

79 611 279 691 menti,
324 633 478 680 cum
521 609 763 702 lingua
812 610 1024 697 loqui,
1056 626 1125 680 et
1171 613 1320 680 sine
1361 611 1635 703 lingua.-
1672 616 1843 683 Nam
1882 611 2059 682 illud
2105 614 2388 700 quidem
2434 628 2583 687 erat

74 719 485 787 consequens,
535 711 602 770 et
648 721 1018 770 commune
1064 702 1433 770 omnibus:
1493 702 1623 771 hoc
1669 713 1896 770 autem
1938 712 2084 771 erat
2131 724 2344 791 supra
2381 716 2578 774 natu-

72 808 216 868 ram,
259 800 321 857 et
364 788 512 876 ejus
559 784 777 858 solius
816 789 1199 879 proprium.
1238 794 1673 877 Quamquam
1710 790 1915 859 etiam
1959 792 2018 859 si
2059 789 2303 860 fuisset
2338 805 2575 863 mutus

71 880 289 965 Martyr
334 889 482 966 post
521 876 802 967 linguae
835 877 1355 960 abscissionem,
1393 880 1492 949 sic
1519 899 1799 966 quoque
1835 879 1897 947 ei
1932 877 2173 950 fuisset
2203 880 2575 969 impletum

71 978 400 1047 certamen,
453 977 519 1035 et
578 978 816 1056 parata
860 978 1038 1037 esset
1084 988 1358 1037 corona.
1416 972 1583 1038 Nam
1634 966 1819 1055 quod
1883 967 2105 1037 victus
2149 981 2376 1050 esset,
2430 981 2580 1039 erat

71 1054 407 1124 maximum
444 1066 510 1125 et
556 1068 868 1145 apertum
909 1068 1426 1145 argumentum,
1478 1056 1664 1143 quod
1717 1056 2032 1146 linguam
2068 1058 2470 1145 amputarit.
2507 1059 2579 1128 Si

70 1142 221 1210 enim
286 1165 414 1212 non
455 1144 758 1214 ‘timebas
805 1143 1117 1234 linguam
1170 1144 1493 1233 martyris
1525 1200 1540 1227 ,
1593 1167 1635 1214 o
1683 1145 2010 1216 scelerate
2077 1156 2144 1214 et
2195 1147 2577 1217 execrande

75 1229 323 1314 diabole,
360 1255 488 1303 cur
533 1255 683 1302 eam
733 1232 1124 1303 abscidisti?
1155 1233 1615 1315 Quamobrem
1661 1255 1794 1302 non
1829 1232 2157 1302 dimisisti
2198 1255 2576 1324 argumen-

76 1330 189 1387 tum
217 1320 775 1405 decertatioeum,
813 1321 929 1392 sed
964 1321 1315 1392 occlusisti
1349 1321 1686 1392 stadium?
1720 1322 2317 1404 Quemadmodum
2355 1325 2570 1394 enim.

74 1407 120 1473 si
154 1409 294 1494 quis
339 1410 728 1481 luctaturus
772 1410 1021 1479 deinde
1059 1411 1435 1500 accepisset
1468 1410 1734 1501 plagaS‚
1778 1433 1955 1499 quae
1988 1412 2213 1481 verbis
2244 1412 2576 1504 explicari

73 1516 180 1564 non
229 1512 528 1587 possunt,
565 1511 631 1568 et
678 1520 811 1567 non
867 1498 1102 1568 valens
1150 1499 1478 1589 deinceps
1535 1499 1840 1589 amplius
1899 1500 2236 1582 resistere,
2287 1502 2579 1591 Jusserit

71 1584 343 1655 abscindi
379 1610 629 1656 manus
658 1587 972 1668 athletae,
1018 1599 1081 1656 et
1117 1588 1214 1657 sic
1260 1609 1420 1657 eum
1472 1588 1833 1678 percutiat,
1876 1611 2011 1658 non
2062 1600 2165 1659 est
2213 1612 2394 1680 opus
2429 1613 2580 1659 am-

72 1672 224 1759 plius
273 1675 402 1745 alia
456 1677 856 1765 probatione
902 1676 987 1745 ad
1039 1676 1544 1746 decernendam
1606 1677 1955 1746 victoriam
1998 1679 2103 1759 ei,
2156 1680 2272 1748 cui
2324 1679 2581 1748 suerint

72 1782 282 1833 manus
329 1764 723 1835 abscissae:
788 1766 878 1834 ita
933 1765 1136 1834 etiam
1205 1766 1275 1834 in
1351 1770 1520 1835 Mart
1572 1786 1641 1835 re
1689 1767 2204 1856 apertissimum
2257 1769 2576 1837 omnium

69 1867 516 1939 argumentum
568 1855 886 1923 victoriae
935 1853 1265 1925 adversus
1312 1854 1518 1923 diabo
1548 1876 1695 1934 um,
1735 1855 1864 1924 fuit
1915 1855 2194 1945 linguae
2244 1857 2393 1944 ejus
2430 1879 2580 1927 am-

71 1941 316 2025 putatio.
354 1947 522 2013 Nam
560 1943 682 2014 etsi
719 1943 956 2033 lingua
1006 1956 1150 2012 erat
1182 1942 1517 2023 mortaliS‚
1552 1944 1880 2030 quoniam
1926 1955 2148 2012 tamen
2185 1944 2250 2012 ei
2287 1945 2578 2015 vulnera

72 2026 223 2097 dedit
267 2031 728 2111 immortalia,
788 2043 1141 2121 propterea
1200 2032 1266 2099 in
1338 2032 1529 2101 illam
1588 2033 1900 2122 ingentes
1970 2033 2256 2102 omnino
2324 2034 2578 2103 efflavit

74 2117 335 2202 spiritus:
374 2120 510 2189 sibi
544 2120 823 2207 quidem
876 2122 1100 2211 majus
1148 2122 1438 2191 afferens
1470 2120 1797 2202 dedecus,
1841 2117 2139 2209 'martyri
2187 2133 2414 2190 autem
2465 2145 2577 2192 co-

75 2224 267 2276 ronam
309 2208 572 2279 faciens
618 2208 1181 2299 splendidiorem.
1235 2209 1591 2292 Quomodo
1627 2209 1808 2279 enim
1845 2222 1948 2279 est
1997 2208 2339 2290 mirabile,
2377 2211 2577 2280 arbo-

81 2312 190 2389 rem
230 2296 448 2366 videre
502 2297 649 2366 sine
701 2297 950 2379 radice,
1004 2311 1068 2367 et
1123 2300 1411 2369 fluvium
1466 2299 1617 2368 sine
1663 2297 1893 2379 sonte;
1950 2299 2040 2368 ita
2079 2298 2285 2367 etiam
2337 2321 2571 2370 vocem

81 2400 196 2451 sine
232 2383 490 2475 lingua.

141 2472 273 2556 §s
313 2476 442 2546 Ubi
489 2496 654 2565 ergo
701 2489 887 2554 sunt,
934 2477 1052 2562 qui
1103 2497 1238 2545 non
1280 2475 1572 2545 credunt
1622 2497 1988 2565 corporum
2027 2477 2573 2547 resurrectioni?

70 2560 205 2628 Ecce
240 2585 356 2633 vox
392 2578 665 2633 mortua
696 2577 818 2643 est,
855 2577 919 2634 et
959 2564 1228 2633 revixit:
1266 2575 1331 2633 et
1364 2587 1504 2635 uno
1541 2577 1887 2634 momento
1922 2567 2249 2654 temporis
2278 2579 2573 2653 utraque

53 2644 211 2717 -sacta
255 2668 435 2722 sunt.
483 2659 915 2739 Quamquam
967 2653 1095 2724 hoc
1130 2653 1329 2743 longe
1377 2655 1464 2722 sit
1513 2655 1764 2742 majuS,
1802 2675 2010 2740 quam
2047 2675 2414 2745 corporum
2468 2677 2574 2724 re-

70 2742 380 2809 surrectio.
413 2746 586 2810 Nam
625 2741 766 2811 illic
804 2742 1081 2828 quidem
1120 2744 1425 2831 subjecta
1460 2754 1562 2811 est
1595 2755 1836 2811 natura
1875 2764 2574 2832 corporum‚compo-

69 2823 196 2893 sitio
237 2842 455 2899 autem
521 2829 742 2899 solum
795 2842 896 2899 est
942 2830 1320 2900 dissoluta:
1382 2830 1493 2899 hic
1546 2852 1700 2899 vero
1757 2830 1886 2900 fuit
1933 2831 2281 2901 sublatum
2334 2833 2570 2933 ipsum

68 2913 219 2983 vocis
270 2916 851 2998 fundamentum,
913 2919 1028 2987 sed
1090 2933 1315 2988 tamen
1392 2941 1636 2987 rursus
1705 2918 1884 2988 sacta
1942 2932 2044 2989 est
2113 2921 2569 3009 splendidior.

68 3003 458 3096 Quamquam
499 3007 555 3077 si
598 3028 637 3076 a
693 3007 859 3076 tibia
902 3007 1200 3097 lingulas
1255 3007 1623 3077 abstuleris
1655 3062 1670 3088 ,
1717 3007 1897 3095 jacet
1952 3008 2195 3078 inutile
2243 3009 2572 3100 deinceps

65 3104 595 3164 instrumentum.
651 3096 772 3165 Sed
828 3117 962 3164 non
1005 3097 1101 3166 sic
1145 3096 1308 3166 tibia
1357 3096 1782 3185 spiritualis:
1826 3095 1940 3166 sed
1992 3097 2260 3166 etiamsi
2305 3099 2391 3167 sit
2443 3099 2570 3168 lin·

66 3200 173 3265 gua
221 3184 502 3270 privata,
556 3206 689 3252 non
757 3184 978 3253 solum
1032 3206 1164 3252 non
1227 3198 1371 3253 erat
1423 3198 1656 3264 muta,
1722 3184 1838 3253 sed
1888 3184 2092 3253 etiam
2147 3185 2572 3256 modulatius

64 3268 373 3343 emittebat
429 3295 709 3342 carmen
740 3328 755 3354 ,
813 3287 877 3341 et
928 3273 1146 3360 magis
1196 3274 1593 3362 mysticum,
1649 3284 1714 3341 et
1760 3294 1915 3340 cum
1971 3274 2213 3361 majori
2264 3275 2573 3343 admira-

68 3357 234 3452 tione.
290 3366 553 3432 Rursus
601 3383 874 3448 quoque
923 3361 989 3429 in
1024 3363 1283 3430 cithara
1332 3363 1388 3431 si
1439 3364 1595 3448 quis
1647 3360 1980 3451 plectrum
2024 3362 2245 3431 solum
2300 3364 2570 3452 eripue-

66 3455 152 3524 rit,
194 3446 263 3517 fn
302 3452 564 3521 otiosus
619 3449 881 3530 artifex,
937 3473 1050 3519 ars
1110 3450 1403 3529 inutilis,
1453 3464 1521 3520 et
1572 3453 1774 3520 inane
1824 3451 2390 3520 instrumentum.
2445 3451 2569 3520 Hic

63 3546 257 3603 autem
302 3538 472 3606 nibil
524 3538 890 3625 ejusmodi,
932 3538 1047 3607 sed
1083 3552 1316 3608 contra
1367 3540 1675 3610 omnino.
1710 3539 1795 3608 Os
1842 3539 2026 3608 enim
2079 3551 2224 3608 erat
2269 3539 2560 3620 cithara,

64 3615 270 3712 lingua
319 3627 683 3715 plectrum,
718 3628 952 3696 anima
999 3626 1261 3709 artifex,
1297 3628 1635 3699 confessio
1672 3650 1827 3698 vero
1867 3650 2002 3696 arS.
2037 3628 2303 3697 Plectro
2340 3642 2568 3697 tamen

64 3709 281 3791 ablato,
336 3715 597 3806 lingua,
654 3715 960 3803 inqua'm,
1018 3738 1237 3803 neque
1288 3716 1549 3799 artifex,
1598 3705 1817 3803 nefflie
1866 3739 2000 3797 ars,
2040 3738 2259 3802 neque
2310 3717 2573 3785 instru-

67 3812 340 3871 mentum
390 3807 599 3872 evasit
656 3805 944 3887 inutile,
1008 3805 1122 3873 sed
1193 3807 1423 3874 omnia
1474 3829 1671 3874 suam
1726 3807 2041 3875 virtutem
2093 3805 2564 3876 ostenderunt.

63 3887 202 3964 Quis
262 3891 423 3960 haec
473 3892 681 3961 fecit?
743 3894 910 3975 Quis
960 3900 1125 3962 baec
1173 3894 1469 3963 ostendit
1532 3893 1969 3962 admirabilia
2003 3950 2017 3974 ,
2076 3907 2139 3962 et
2187 3915 2362 3980 quae
2406 3907 2572 3963 sunt

64 3990 301 4057 praeter
344 3982 772 4069 opinionem?
810 3988 1005 4062 DeuS‚
1048 3983 1165 4069 qui
1219 3982 1407 4051 solus
1454 3981 1615 4051 facit
1665 3981 2181 4051 mirabilia..De
2229 4003 2364 4068 quo
2405 3982 2574 4051 dicit

68 4063 267 4135 David:
308 4072 572 4139 Domine
620 4073 935 4139 Dominus
982 4082 1220 4151 noster,
1266 4093 1469 4160 quam
1516 4072 1918 4140 admirabile
1951 4081 2048 4138 est
2086 4094 2322 4140 nomen
2381 4082 2573 4139 tuum

70 4150 121 4216 in
170 4158 475 4226 universa
536 4162 769 4228 terra!
834 4163 1156 4242 Quoniam
1206 4163 1465 4228 elevata
1522 4171 1614 4228 est
1659 4161 2165 4249 maym'ficentia
2212 4171 2332 4228 tua
2378 4183 2579 4251 super

68 4244 268 4312 coelos.
312 4251 419 4315 Eae
465 4271 574 4316 ore
625 4250 987 4338 infantium
1039 4260 1098 4316 et
1152 4250 1543 4317 lactentium
1594 4251 1938 4348 perfecisti
1992 4250 2262 4317 laudem
2307 4250 2447 4337 (Pa.
2487 4256 2559 4318 7⁴

69 4331 223 4416 ete).
275 4337 480 4421 Atque
528 4350 690 4406 tunc
734 4338 1009 4423 quidem
1071 4360 1149 4406 ex
1198 4359 1313 4407 ore
1372 4335 1735 4406 infantium
1788 4351 1853 4406 et
1907 4336 2331 4418 lactentium,
2382 4360 2569 4407 nunc

71 4431 266 4489 autem
313 4446 389 4492 ex
438 4447 547 4495 ore
594 4426 1004 4516 elinguium.
1046 4432 1235 4495 Tunc
1284 4439 1526 4496 natura
1567 4428 1957 4508 immatura,
1996 4449 2183 4497 nunc
2217 4449 2289 4496 os
2329 4426 2569 4516 lingua
