2993 4837
515 261 641 326 744
1277 278 1355 324 nn
1402 279 1458 325 5.
1513 279 1763 326 Annam
1810 278 2125 326 Arosroto
2634 260 2786 325 NOV.
2819 263 2878 326 3)

430 364 859 433 laetabuntur
904 363 976 430 in
1007 362 1334 431 cubilibus
1371 365 1551 431 suis:
1604 364 1836 433 Gloria
1865 364 2030 432 haec
2060 374 2155 432 est
2186 363 2486 432 omnibus
2523 364 2752 431 sanctis
2783 366 2886 453 ejus

427 453 647 537 (Psal.
699 456 769 519 91
821 449 984 539 etc.)
1020 450 1273 537 quibus
1305 472 1434 519 non
1470 451 1695 521 solum
1745 451 2023 520 credere
2054 451 2125 519 in
2163 452 2536 530 Christum,
2576 452 2689 520 sed
2730 463 2784 520 et
2807 474 2888 538 pru

425 539 684 608 Christo
736 539 896 627 pati,
952 561 1029 607 ac
1077 540 1301 608 statim
1346 552 1493 628 post
1544 539 2029 609 resolutionem
2064 562 2436 630 corporum
2481 562 2642 608 cum
2694 539 2890 608 Christo

422 648 569 696 esse
615 626 943 696 donatum
977 639 1099 696 est.
1145 628 1412 697 Amicos
1445 629 1560 697 Dei
1592 651 1670 697 ac
1718 628 2003 699 dilectos
2056 634 2186 698 Deo
2223 651 2359 698 non
2401 628 2809 718 negligamus
2840 644 2884 697 at

426 727 752 796 mortuos,
809 715 927 784 sed
970 716 1388 785 honoremus
1438 730 1513 786 ut
1563 717 1780 786 vivos:
1824 718 1987 805 quia
2052 740 2184 787 non
2239 717 2454 787 dubia
2507 716 2644 784 fide
2701 728 2886 785 certum

420 815 544 883 est,
586 804 768 890 quod
820 804 878 873 si
926 808 1160 873 eoruni
1199 803 1491 873 fideliter
1531 806 1862 895 suffragia
1899 805 2352 895 postulemuS,
2389 805 2690 874 fideliter
2733 819 2888 894 patm-

421 890 604 961 cinia
639 893 1036 961 sentiemus.
1074 893 1245 975 Quia
1278 894 1548 962 etiamsi
1585 894 1859 963 illorum
1904 894 2134 965 studia
2163 908 2544 974 cessarent,
2587 894 2699 962 ille
2733 906 2896 981 optata

426 993 880 1070 praepararet,
928 982 1045 1067 qui
1093 982 1584 1069 cogitationum
1624 1005 1756 1052 non
1808 982 2033 1053 solum
2080 983 2553 1072 praesentium
2593 984 2890 1071 inspector.

428 1070 867 1138 verumetiam
918 1071 1227 1159 cognitor
1275 1069 1693 1151 futurorum,
1746 1071 1912 1140 dum
1963 1086 2290 1161 rogantur
2342 1071 2481 1151 sui,
2545 1094 2616 1140 se
2653 1071 2890 1158 intelligit

426 1156 768 1227 honorari.
824 1159 953 1241 Qui
999 1172 1098 1229 est
1134 1158 1533 1229 benedictus
1583 1160 1651 1227 in
1696 1160 1928 1230 secula
1977 1160 2395 1231 seculorum.
2453 1165 2697 1230 Amen.

892 1483 1237 1584 PASSlO
1308 1484 1386 1584 S.
1464 1485 1943 1585 ANDREAE
2017 1485 2513 1586 APOSTOLI

598 1723 713 1768 PER
761 1719 1187 1771 Pmtsnvrmtos
1234 1724 1308 1769 ΕΤ
1357 1722 1667 1771 olACONos
1715 1724 2142 1773 RCCLESIARUH
2187 1725 2480 1773 Actia-tan
2532 1725 2791 1773 semera.

1251 1830 1538 1877 RABETUR
1585 1830 1750 1877 APUD
1799 1831 2134 1878 ALovstUn.

986 2007 1237 2062 Passus
1278 2011 1384 2063 est
1425 2009 1659 2063 seculo
1701 2009 1736 2063 Ι
1762 2036 1841 2049 -
1868 2009 2064 2065 Anno
2105 2008 2396 2069 incertO.

495 2219 550 2373 ἀξ
598 2222 672 2289 1.
728 2216 1115 2286 Passionem
1169 2213 1384 2282 sancti
1443 2213 1739 2303 Apostoli
1788 2214 2113 2295 Andreae,
2167 2237 2380 2301 quam
2433 2216 2660 2285 oculis
2713 2212 2897 2282 nostris

428 2305 489 2373 vi
547 2306 748 2385 imus,
793 2325 1031 2375 omnes
1070 2302 1443 2391 presbyteri
1473 2315 1536 2370 et
1576 2303 1896 2372 diacones
1949 2303 2406 2373 Ecclesiarum
2444 2305 2740 2391 Achajae.
2771 2302 2895 2370 seti-

426 2394 657 2464 bimus
705 2393 1043 2464 universis
1085 2391 1435 2473 Ecclesiis,
1487 2413 1663 2479 quae
1712 2405 1872 2462 sunt
1914 2392 1979 2462 in
2023 2394 2313 2473 Oriente,
2371 2406 2437 2462 et
2484 2393 2817 2466 Occidente,
2843 2400 2892 2486 et

424 2483 818 2563 meridiano,
854 2496 917 2551 et
940 2481 1428 2569 septentrione,
1462 2481 1533 2548 in
1563 2482 1806 2550 Christi
1845 2483 2119 2551 nomine
2141 2483 2583 2552 constitutis:
2614 2489 2723 2551 Pax
2748 2477 2887 2546 vobts

423 2584 487 2639 et
515 2573 874 2650 universis,
907 2571 1024 2656 qui
1047 2569 1334 2637 credunt
1363 2591 1578 2639 unum
1611 2574 1815 2638 Deum
1847 2570 1911 2637 in
1941 2571 2263 2639 Trinitate
2290 2570 2692 2660 perfectum,
2717 2585 2888 2635 verum

426 2665 688 2729 Patrem
749 2659 1165 2750 ingenitum,
1221 2680 1451 2726 verum
1507 2657 1752 2727 Filium
1802 2659 2266 2747 unigenitum,
2335 2682 2580 2729 verum
2633 2657 2886 2748 Spiritum

425 2754 745 2817 Sanctum
785 2747 1258 2837 procedentem
1291 2769 1369 2816 ex
1402 2752 1614 2818 Patre.
1648 2748 1713 2814 in
1749 2747 1917 2815 Filio
1956 2760 2474 2836 permanentem
2510 2751 2567 2830 ²⁶,
2607 2765 2675 2817 ut
2724 2757 2887 2814 osten·

423 2835 624 2905 datur
654 2859 839 2905 unus
880 2837 1173 2924 Spiritus
1207 2857 1354 2903 esse
1396 2835 1460 2902 in
1500 2839 1690 2904 Patre
1722 2847 1785 2904 et
1820 2836 2028 2915 Filio;
2066 2851 2132 2905 et
2169 2837 2294 2905 boc
2340 2859 2494 2905 esse
2531 2833 2885 2923 unigenitum
2947 2909 2948 2912 Ἴ

424 2925 705 3005 Filium,
758 2924 938 3010 quod
999 2938 1099 2993 est
1158 2938 1221 2991 et
1272 2922 1414 3002 ille,
1468 2923 1588 3010 qui
1646 2924 1904 3013 genuit.
1975 2929 2166 2993 Hanc
2235 2925 2440 2994 fidem
2499 2925 2882 3016 didicimusa

423 3025 658 3081 sancto
691 3012 976 3092 Andrea,
1018 3012 1327 3101 Apostolo
1368 3012 1631 3080 Domini
1676 3012 1883 3081 nostri
1918 3012 2079 3082 Jesu
2128 3012 2416 3094 Christi;
2464 3015 2663 3103 cujus
2695 3027 2884 3099 passi&

426 3123 604 3180 nem,
641 3124 850 3187 quam
900 3123 1128 3170 coram
1184 3101 1379 3189 positi
1432 3099 1753 3178 vidimuS,
1813 3114 2011 3189 prout
2064 3124 2462 3191 possumuS,
2503 3101 2878 3190 explicamus.

513 3192 548 3276 ξ
581 3194 661 3260 71.
702 3189 1068 3259 Proconsul
1106 3189 1329 3275 itaque
1359 3193 1610 3277 Aegeas
1639 3193 1868 3258 Patras
1902 3189 2244 3259 civitatem
2277 3190 2343 3224 *⁴⁸
2379 3191 2747 3280 ingressus,
2782 3202 2884 3252 coe-

427 3280 521 3368 pit
550 3278 958 3366 compellere
990 3277 1340 3347 crodentes
1374 3277 1635 3347 Christo
1675 3277 1758 3346 ad
1790 3278 2130 3347 sacrificia
2168 3278 2536 3348 idolorum.
2573 3277 2685 3348 Cui
2708 3289 2882 3344 occur·

426 3389 579 3436 rens
613 3373 676 3436 S.
709 3367 1031 3446 AndreaS,
1071 3366 1274 3434 dixit:
1304 3388 1339 3432 «
1377 3365 1740 3455 Oportebat
1774 3380 1847 3434 ut
1886 3381 1987 3447 tu,
2023 3366 2141 3453 qui
2173 3367 2389 3455 judex
2416 3389 2567 3437 esse
2594 3364 2878 3453 hominum

424 3455 918 3544 comprobaris,
952 3454 1257 3544 judicem
1298 3468 1516 3535 tuum,
1545 3454 1664 3541 qui
1693 3468 1794 3523 est
1829 3455 1894 3522 in
1923 3456 2136 3534 coelo,
2170 3477 2640 3545 cognosceres,
2675 3466 2728 3520 et
2745 3466 2878 3550 agni:

426 3558 567 3613 tum
605 3543 884 3622 coleres,
929 3558 993 3612 et
1040 3544 1324 3613 colendo
1371 3566 1555 3623 eum,
1593 3543 1711 3629 qui
1764 3565 1960 3613 verus
1996 3549 2172 3613 Deus
2219 3557 2320 3613 est
2357 3545 2445 3613 ab
2495 3544 2625 3619 his,
2660 3551 2874 3628 quiverl

419 3632 515 3700 dii
556 3655 685 3701 non
738 3646 920 3711 sunt,
961 3632 1272 3701 animum
1311 3653 1680 3700 revocares
1723 3654 1757 3697 »
1810 3632 1931 3702 Cui
1964 3636 2214 3722 Aegeas
2255 3631 2457 3701 dixit:
2499 3657 2536 3699 (t
2575 3637 2750 3699 Tues
2785 3627 2874 3690 ΑΒ·

419 3721 641 3800 dreas,
699 3721 815 3808 qui
866 3720 1163 3790 destruis
1215 3720 1467 3810 templa
1502 3720 1811 3800 deorum,
1866 3735 1930 3790 et
1979 3720 2228 3790 suades
2279 3720 2869 3816 hominibus-super·

417 3809 749 3880 stitiosam
802 3808 992 3878 illam
1044 3821 1321 3890 sectam,
1360 3831 1568 3895 quam
1623 3829 1845 3897 nuper
1890 3808 2222 3878 detectam
2265 3810 2559 3878 Romani
2607 3815 2872 3896 principes

412 3898 847 3967 exterminari
882 3899 1294 3986 jusserunt?
1338 3920 1371 3963 »
1414 3896 1714 3966 Andreas
1750 3897 1956 3967 dixit:
1997 3920 2034 3963 «
2071 3898 2357 3966 Romani
2398 3897 2718 3986 principes
2740 3906 2868 3989 '11'011-

412 3987 579 4056 dum
614 3997 1083 4075 cognoverunt
1110 3987 1260 4064 hoe,
1284 3985 1467 4073 quod
1498 4008 1615 4075 pro
1638 3983 1858 4055 salute
1890 3987 2248 4056 hominum
2274 3987 2553 4055 veniens
2574 3983 2674 4053 Dei
2697 3977 2865 4068 Filius,
2945 3991 2946 4006 ³

411 4074 719 4145 docuerit
769 4075 894 4144 ista
949 4075 1128 4144 idola
1172 4097 1305 4145 non
1357 4074 1580 4144 solum
1618 4074 1780 4144 deos
1830 4097 1966 4145 non
2008 4096 2179 4154 esse,
2225 4073 2342 4143 sed
2394 4096 2541 4144 esse
2586 4072 2858 4141 daemona

464 4218 489 4244 *
520 4214 841 4256 Graecismum
869 4217 993 4256 huno
1021 4217 1069 4256 tn
1101 4218 1255 4257 locum
1292 4216 1555 4266 irrepsisse.
1590 4227 1696 4258 cum
1731 4215 1781 4258 in
1816 4216 2026 4267 antiquis
2055 4215 2180 4258 MSS.
2202 4214 2547 4267 exemplaribus
2563 4205 2860 4255 hneevetbssffl

412 4270 685 4314 habeantur.
706 4272 771 4311 att
790 4272 1020 4310 Batonius
1044 4272 1093 4309 tn
1115 4272 1445 4320 Martyrologio
1468 4271 1555 4312 hac
1579 4272 1669 4311 die.

468 4323 521 4349 ⁸·
550 4323 603 4360 In
634 4323 811 4370 Achaja„
844 4321 1239 4374 archiepiscopati
1268 4325 1377 4365 sede
1398 4324 1616 4374 refulget.
1644 4327 1772 4376 Eam,
1798 4334 1923 4366 anno
1945 4326 2058 4371 1⁷70.
2077 4325 2255 4366 Tarm
2275 4324 2477 4367 flammis
2498 4321 2654 4365 delete.
2675 4317 2758 4358 Xan
2787 4303 2855 4347 «Ψ

415 4374 541 4416 cives
561 4376 751 4416 circiter
771 4386 874 4416 eam
895 4378 1121 4417 incolunt.
