2993 4837
37 275 148 337 ΟΨ.
203 275 293 336 22
665 294 742 338 ni:
792 294 847 338 s.
893 291 1179 339 execitia
1228 288 1520 338 murras
1569 292 1643 337 ΕΤ
1692 293 1856 338 Aius
2323 278 2436 340 64³1

28 374 362 446 ustodite:
419 397 535 444 eas
578 378 764 445 enim
808 397 888 445 ex
925 376 1244 465 paradiso
1286 377 1400 444 Dei
1433 376 1514 444 ad
1560 398 1673 446 vos
1706 376 1927 446 attuli.
1973 381 2116 445 Hoc
2149 391 2376 447 autem
2414 381 2541 449 erit

27 466 160 533 obis
201 465 495 554 signum
530 489 543 531 :
582 487 935 551 nunquam
978 479 1400 534 marcescent
1428 489 1468 534 a
1501 464 1712 543 vobis,
1751 487 1973 552 neque
2006 488 2311 552 unquam
2345 468 2540 536 amit-

27 566 111 621 :nt
155 554 576 623 suavitatem
628 554 882 635 odoriS‚
945 576 1165 641 neque
1204 576 1516 640 uuquam
1576 567 1893 643 poterunt
1936 553 2020 623 ab
2054 555 2210 624 aliis
2244 555 2537 645 adspici,

30 643 103 710 isi
152 644 241 711 ab
285 642 459 720 iltis,
497 643 755 728 quibus
802 643 900 711 sic
950 642 1249 730 placebit
1288 643 1590 720 castitas,
1643 643 1988 729 quomodo
2033 646 2399 732 probatum
2440 661 2543 713 est

27 753 116 799 am
156 731 357 800 vobis
414 729 705 819 placere.
761 736 837 799 Et
884 732 1214 817 quoniam
1268 745 1364 811 tu,
1402 754 1441 799 o
1486 731 1860 813 Valeriane,
1901 754 2227 803 assensus
2260 755 2333 800 es
2381 756 2544 803 con-

27 819 125 888 ilio
157 820 527 899 castitatis,
591 843 700 889 me
737 820 822 889 ad
878 833 938 888 te
987 821 1175 889 misit
1230 821 1563 890 Dominus
1610 824 1806 891 lesus
1856 821 2206 899 ChristuS,
2269 835 2343 891 ut
2389 844 2538 894 eam

27 908 271 996 ccipias
306 930 521 995 quam
558 908 1225 996 voles,·petitionem.
1264 932 1297 974 »
1342 908 1463 977 Ille
1496 921 1723 977 autem
1768 931 1925 977 cum
1963 910 2321 990 audiisset,
2375 910 2540 980 ado-

27 998 141 1065 avit
187 1012 253 1067 et
287 997 514 1066 dixit:
571 1020 605 1062 «
636 997 815 1067 Nihil
878 997 1047 1066 mihi
1095 1010 1197 1067 est
1245 997 1313 1065 in
1369 999 1496 1066 hac
1555 998 1685 1066 vita
1737 997 2037 1078 dulciuS,
2084 1021 2292 1084 quam
2329 1001 2543 1070 caris-

28 1085 125 1151 imi
187 1101 254 1154 et
310 1085 512 1155 unici
576 1084 805 1154 fratris
849 1087 1256 1175 praesentia.
1313 1086 1772 1167 Quamobrem
1827 1087 2066 1154 merito
2107 1110 2362 1177 arguar
2410 1089 2540 1156 im-

27 1173 267 1253 ·ietatis,
329 1174 390 1244 si
436 1193 546 1243 me
598 1174 887 1246 liberato
931 1177 1017 1245 ab
1071 1197 1301 1244 errore
1357 1174 1919 1254 simulacrorum,
1977 1174 2252 1245 fratrem
2310 1198 2538 1244 meum

27 1263 301 1348 najorem
343 1263 724 1351 despexero
767 1265 834 1333 in
876 1264 1180 1352 periculo
1216 1264 1555 1333 interitus.
1610 1268 1801 1334 Hanc
1852 1286 2060 1332 unam
2100 1287 2180 1336 ex
2212 1265 2541 1348 omnibus

28 1373 279 1439 ›ropono
333 1353 764 1442 petitionem,
816 1366 880 1422 et
929 1353 1219 1443 supplex
1267 1352 1630 1433 contende,
1687 1366 1762 1421 ut
1817 1351 2093 1422 fratrem
2149 1375 2379 1423 meum
2431 1354 2542 1422 Ti·-

28 1442 304 1520 ›urtium‚
361 1442 551 1510 sicut
601 1463 733 1522 me,
786 1441 1111 1531 dignetur
1162 1442 1499 1521 liberare;
1553 1454 1617 1510 et
1665 1440 1869 1510 faciat
1927 1464 2051 1511 nos
2099 1442 2340 1512 ambos
2394 1454 2590 1531 pel-..e

27 1527 181 1599 'actos
241 1531 310 1598 in
366 1529 806 1601 confessione
853 1531 1005 1619 ejus
1054 1531 1361 1602 nominis
1407 1555 1441 1596 »
1492 1534 1659 1599 Cum
1711 1530 1878 1599 haec
1927 1544 2156 1600 autem
2209 1531 2543 1601 audiisset

27 1618 313 1705 angelus,
394 1618 573 1688 laeto
637 1618 940 1690 vultu-ei
988 1618 1204 1688 dixit:
1278 1641 1314 1685 «
1365 1618 1937 1705 Quandoquidem
2005 1642 2043 1687 a
2101 1620 2364 1691 Christo
2432 1642 2542 1709 pe-

28 1703 186 1787 iisti‚
235 1708 427 1794 quod
482 1721 584 1777 est
635 1708 1037 1787 honestius,
1095 1709 1154 1776 is
1206 1713 1414 1777 Deum
1451 1761 1469 1786 ,
1529 1708 1705 1780 sicut
1757 1721 1828 1777 tu
1859 1762 1879 1787 ‚
1935 1708 2132 1778 colet.
2186 1708 2542 1790 Quomodo

27 1793 159 1860 enim
208 1809 268 1864 te
322 1819 447 1886 per
510 1797 837 1868 ancillam
904 1796 1263 1866 Caeciliam
1334 1795 1674 1865 lucrifecit
1725 1797 2101 1877 Dominus,
2159 1799 2252 1866 ita
2315 1820 2434 1886 per
2487 1812 2547 1868 te

28 1879 251 1952 ’fatrem
282 1907 570 1972 quoque
621 1899 815 1957 tuum
863 1884 1282 1954 lucrifaciet:
1335 1899 1399 1954 et
1435 1908 1596 1955 cum
1635 1885 1785 1974 ipso
1821 1885 2048 1954 venies
2076 1886 2161 1954 ad
2199 1899 2541 1955 certamen

27 1973 314 2060 nartyrii.
347 1997 382 2042 »

82 2060 234 2143 ἓθ.
288 2063 415 2132 His
483 2084 647 2151 ergo
706 2063 922 2132 finitis
996 2061 1475 2141 sermonibus,
1550 2062 1770 2130 forma
1841 2061 2122 2133 visionis
2183 2062 2544 2153 Angelicae

27 2164 333 2250 assumpta
373 2163 484 2222 est
535 2152 602 2219 in
655 2150 919 2222 coelos:
977 2150 1251 2236 illisque
1293 2151 1359 2219 in
1406 2151 1668 2220 Christo
1721 2149 2159 2232 laetantibu5‚
2206 2165 2271 2221 et
2318 2152 2385 2220 in
2429 2175 2544 2221 ae·

32 2230 375 2331 dtiicatione
406 2253 649 2311 sancta
700 2240 1171 2327 loquentibuS,
1202 2241 1491 2309 accessit
1540 2240 1892 2310 Tiburtius
1927 2240 2133 2309 frater
2173 2241 2539 2321 Valeriani;

31 2332 81 2417 et
110 2343 456 2413 ingressus,
495 2343 847 2415 tamquam
880 2351 1077 2398 suam
1129 2350 1482 2416 sponsam,
1523 2328 1875 2398 osculatus
1907 2343 2007 2398 est
2039 2343 2247 2418 caput
2279 2334 2345 2399 S.
2382 2335 2544 2400 Cae-

27 2407 205 2495 ciliae,
254 2432 315 2488 ct
363 2420 583 2488 dixit:
659 2442 694 2485 «
727 2418 933 2489 Valde
1005 2418 1261 2498 miror,
1336 2417 1461 2487 hoc
1518 2432 1817 2507 tempore
1868 2418 1978 2488 hio
2047 2441 2237 2487 rosas
2285 2432 2349 2487 et
2400 2418 2544 2489 lilia

27 2496 327 2595 olfaciens.
384 2514 556 2579 Nam
609 2508 662 2579 si
726 2508 921 2597 >ipsas
982 2530 1174 2577 rosas
1220 2521 1285 2576 et
1348 2506 1493 2577 lilia
1546 2521 1842 2576 tenerem
1905 2508 1970 2576 in
2028 2507 2395 2588 manibuS,
2455 2530 2538 2577 ne

27 2606 97 2654 sic
153 2594 421 2679 quidem
480 2596 650 2665 mihi
707 2608 984 2687 possent
1036 2598 1361 2686 praebere
1420 2609 1554 2665 tam
1615 2607 1894 2666 suavem
1947 2596 2250 2665 odorem.
2307 2602 2544 2666 Fateor

27 2676 200 2759 vobis,
244 2706 281 2752 o
329 2685 704 2766 carissimi,
766 2687 855 2754 ita
903 2708 1029 2776 ego
1078 2685 1162 2753 ad
1227 2707 1333 2753 me
1390 2685 1584 2759 redii,
1626 2697 1701 2754 ut
1743 2698 1972 2773 putem
2029 2707 2135 2754 me
2173 2696 2383 2753 totum
2438 2708 2540 2755 re-

28 2779 189 2847 pente
238 2794 386 2844 esse
448 2788 879 2844 renovatum.
924 2798 959 2840 »
1022 2773 1193 2843 Dicit
1240 2774 1302 2842 ei
1342 2773 1789 2843 Valerianus:
1861 2798 1897 2839 «
1949 2778 2210 2842 Bonum
2264 2773 2541 2843 odorem

27 2857 330 2956 accepisti,
376 2885 415 2932 o
466 2863 697 2944 frater,
737 2885 897 2933 cum
934 2885 1059 2952 ego
1094 2863 1395 2953 rogarim
1450 2867 1688 2940 Deum,
1749 2876 1825 2931 ut
1879 2863 2249 2950 acciperes.
2306 2867 2392 2930 Te
2425 2886 2542 2932 au-

27 2948 128 3007 lem
151 2967 288 3031 jam
322 2953 670 3033 credente,
716 2951 1014 3041 accipies
1062 2952 1266 3021 etiam
1331 2950 1888 3020 amarantliinam
1949 2973 2268 3020 coronam
2323 2953 2546 3021 incor-

28 3035 349 3128 ruptionis,
396 3056 461 3112 et
506 3041 739 3111 laetari
778 3042 845 3109 in
885 3042 1031 3131 ipsa
1068 3063 1255 3111 rosea
1290 3041 1542 3128 specie,
1583 3055 1646 3107 et
1685 3053 1906 3108 mente
1949 3061 2108 3109 eum
2165 3041 2539 3130 percipere,

27 3125 301 3222 cujusin
355 3130 533 3199 rosis
594 3130 880 3219 sanguis
933 3130 1168 3209 floret,
1214 3142 1278 3197 et
1342 3129 1409 3197 in
1481 3127 1643 3197 liliis
1708 3129 1912 3218 cujus
1971 3151 2225 3218 corpus
2273 3130 2547 3200 dealbat

28 3214 76 3269 et
115 3230 355 3309 anima.
422 3218 776 3288 Habemus
821 3218 1004 3286 enim
1058 3240 1370 3298 coronaS‚
1426 3239 1603 3302 quas
1663 3218 1758 3286 tui
1825 3218 2006 3286 oculi
2073 3240 2203 3287 non
2262 3232 2547 3304 possunt

32 3311 359 3397 percipere,
412 3307 614 3398 igneo
653 3329 844 3377 rosae
881 3306 1125 3376 rubore
1160 3320 1223 3375 et
1266 3307 1443 3375 nivis
1474 3305 1780 3391 candore
1832 3306 2265 3395 refulgentes,
2308 3330 2342 3372 »
2376 3308 2545 3375 Dicit

28 3402 73 3445 121
107 3388 479 3463 Tiburtius:
536 3418 571 3461 «
609 3400 684 3463 In
728 3396 1082 3465 somnisne
1119 3396 1284 3465 haec
1333 3395 1568 3475 audio,
1613 3417 1697 3463 an
1764 3396 2036 3464 veritate
2099 3395 2263 3464 haec
2311 3395 2536 3474 dicis,

31 3470 267 3575 ofrater
316 3483 712 3554 Valeriane?
754 3512 774 3547 ι
838 3484 1213 3574 Respondit
1256 3484 1680 3554 Valerianus:
1735 3507 1772 3549 «
1825 3489 1899 3552 In
1960 3484 2223 3553 somnis
2287 3484 2548 3555 bucus-

31 3574 135 3635 que
167 3568 475 3653 viximus,
537 3595 577 3641 o
640 3574 847 3642 frater
899 3574 1280 3643 carissime.
1334 3578 1501 3642 Nam
1557 3572 1702 3659 jam
1761 3572 1872 3643 Dei
1972 3573 2141 3641 ratia
2188 3584 2252 3641 et
2302 3572 2543 3643 volun-

34 3652 158 3743 tate,
191 3675 428 3729 sumus
474 3661 544 3730 in
599 3662 791 3732 omni
860 3663 1183 3742 veritate,
1238 3674 1302 3730 et
1352 3682 1483 3730 non
1536 3674 1635 3730 est
1699 3661 1768 3729 in
1829 3682 1914 3729 no
1971 3662 2026 3729 is
2077 3660 2540 3731 mendacium.

38 3730 338 3833 Direnim,
376 3769 549 3834 quos
586 3750 947 3837 hucusque
1002 3751 1387 3829 coluimus,
1451 3771 1681 3819 revera
1736 3763 1901 3819 sunt
1939 3749 2102 3818 mali
2149 3750 2542 3832 daemones,

32 3831 85 3884 et
124 3837 471 3906 immundi.
508 3864 544 3905 »
603 3840 774 3909 Dicit
830 3839 892 3909 ei
931 3840 1319 3909 Tiburtius:
1377 3860 1411 3904 «
1444 3838 1800 3920 Quomodo
1848 3839 1977 3908 hoc
2025 3839 2448 3929 cognovisti,
2508 3861 2548 3909 o

38 3901 249 3985 frater?
279 3944 313 3987 »
349 3929 724 4018 Respondit
756 3928 1198 3998 Valerianus:
1255 3951 1289 3993 «
1333 3926 1632 4016 Angelus
1685 3927 1796 3996 Dei
1856 3946 1964 3997 me
2009 3927 2283 3997 docuit:
2338 3949 2545 4014 quem

38 4004 96 4089 Q
132 4021 386 4094 quoque
456 4018 703 4106 poteris
771 4018 1069 4096 intueri,
1146 4017 1199 4083 si
1252 4016 1462 4085 fueris
1535 4016 1839 4086 mundus
1885 4016 1972 4086 ab
2030 4016 2354 4085 omnibus
2405 4038 2549 4084 sor-

41 4076 212 4165 d¹bus
256 4096 612 4175 idolorum.
676 4129 711 4171 »
758 4107 931 4175 Dicit
990 4107 1050 4174 ei
1100 4104 1490 4174 Tiburtius:
1547 4128 1580 4170 «
1642 4106 1708 4174 Si
1759 4105 1907 4174 fieri
1967 4117 2222 4194 potest,
2257 4117 2373 4173 -ut
2422 4125 2548 4191 ego

40 4185 271 4265 quoque
316 4192 641 4280 Angelum
721 4194 832 4262 Dei
902 4195 1209 4273 intuear,
1282 4215 1621 4279 quaenam
1692 4205 1792 4263 est
1863 4215 2050 4261 mora
2124 4192 2549 4283 purificatio-

49 4265 596 4432 nis?»Res(pondit
628 4281 1391 4353 Valerianus:«Nulla:
1436 4282 1561 4350 hoc
1603 4295 1830 4351 autem
1875 4281 2100 4351 solum
2137 4282 2308 4350 mihi
2348 4279 2548 4370 polli-

44 4360 186 4432 cere,
216 4378 340 4443 quo
435 4370 666 4439 omnia
699 4371 1078 4439 execranda
1113 4385 1178 4439 et
1211 4369 1681 4439 abominanda
1731 4370 2101 4439 simulacra
2161 4371 2540 4458 abnegans,

178 4474 394 4541 Sui-ius
423 4518 446 4531 ·
486 4487 652 4548 Vitae
682 4488 786 4550 SS.
816 4520 840 4535 -
872 4487 1009 4549 Vol.
1044 4486 1143 4548 xl.
2319 4483 2384 4541 41
