2993 4837
574 316 697 378 4924
1079 330 1156 376 na
1204 330 1259 376 s.
1315 329 1667 376 LAURENHO
1716 328 2006 376 nomm).
2064 329 2441 376 nuatmssnsi
2703 309 2851 376 ΠΟΥ.
2893 313 2935 376 ll

482 416 864 504 impetrata,
910 436 1029 503 pro
1061 436 1194 501 qua
1248 415 1415 503 ipse,
1454 427 1791 500 quantum
1847 426 2127 502 poterat,
2188 413 2555 493 laborarat,
2588 412 2934 482 exhilarasset

481 505 701 573 Tertio
747 517 971 572 autem
1024 502 1111 571 ab
1159 502 1457 571 adventu
1504 523 1631 571 suo
1677 502 1810 581 die,
1866 501 2159 571 febrium
2211 504 2724 591 ingravescente
2755 500 2935 576 dotores

479 605 757 661 sanctus
808 590 1077 680 praesul
1130 591 1454 660 Abbatem
1505 591 1656 659 e'us
1705 590 1833 659 loci
1882 613 2040 660 cum
2094 590 2422 660 fratribus
2469 593 2625 680 ejus
2670 589 2935 659 aecii-ita

480 681 656 760 luit,
711 702 918 767 seque
984 681 1067 754 in,
1114 702 1351 748 eorum
1420 613 1784 769 collegium
1850 692 1915 748 et
1963 680 2454 749 fraternitatem
2509 679 2721 768 recipi
2776 679 2934 767 petiit:

477 770 678 856 eique
729 769 1181 839 libentissime
1228 790 1587 837 assensum
1629 780 1750 836 est.
1791 767 1958 836 Inde
2003 781 2376 837 extremam
2410 783 2475 837 et
2527 769 2740 856 petiit,
2777 780 2832 835 et
2854 781 2934 855 pet*

477 859 658 947 cepit
702 859 1123 927 unctionem.
1178 862 1344 927 Cum
1414 870 1640 925 autern
1693 856 1778 925 de
1825 856 2138 926 faciendo
2169 912 2185 937 ,
2240 870 2314 926 ut
2367 858 2582 928 moris
2629 869 2777 936 est,
2821 870 2935 925 teste

480 961 708 1016 mento
756 947 1236 1016 admoneretur
1270 1001 1285 1025 ‚
1339 946 1437 1014 sic
1487 944 1924 1034 respondisse
1981 945 2237 1015 fertur:
2308 971 2332 1006 c
2376 947 2574 1015 Novit
2647 946 2934 1013 Dominus

482 1037 654 1105 mihi
689 1059 772 1105 ne
807 1057 1170 1106 nummum
1222 1034 1503 1121 quidem
1556 1034 1684 1103 sub
1715 1034 1855 1102 sole
1889 1034 2201 1103 relictum
2240 1055 2410 1104 esse.
2449 1058 2485 1100 »
2538 1039 2671 1103 Par
2709 1047 2800 1102 est
2829 1033 2935 1100 enin

481 1124 779 1204 credere,
834 1124 1122 1193 diversis
1170 1123 1677 1192 misericordiae
1710 1134 1775 1191 et
1809 1123 2251 1213 benignitatis
2294 1122 2547 1192 officiis
2581 1136 2649 1191 et
2679 1121 2934 1211 operibus

479 1212 806 1300 quiequid
873 1212 955 1282 ad
1027 1234 1307 1281 manum
1361 1212 1612 1280 habere
1662 1224 1970 1300 poterat,
2040 1213 2257 1279 virum
2313 1212 2507 1301 pium
2578 1212 2653 1280 in
2714 1210 2935 1284 coelesti

482 1304 840 1370 thesauros
888 1300 1396 1370 transmisisse:
1451 1300 1551 1368 vel
1607 1301 1831 1389 potius
1866 1302 2243 1369 Canonicae
2287 1299 2738 1390 professionis
2771 1321 2860 1367 me
2904 1334 2920 1339 ·-

482 1413 649 1468 rem,
706 1389 876 1459 nihil
927 1411 1000 1459 se
1047 1389 1297 1458 habere
1345 1410 1466 1477 pro
1523 1389 1701 1458 rium
1751 1390 2212 1458 existimasse:
2265 1401 2362 1467 ut,
2416 1389 2541 1476 qui
2597 1390 2811 1457 vivere
2847 1408 2917 1453 co

481 1480 811 1550 stituisset
856 1478 1233 1547 secundum
1300 1500 1469 1567 regu
1501 1500 1610 1546 am
1662 1501 1701 1547 a
1750 1479 2007 1547 sanctis
2072 1477 2405 1567 Apostolis
2471 1478 2878 1552 institutam,

478 1580 777 1637 extremo
829 1568 999 1635 vitae
1028 1566 1166 1635 fine
1200 1565 1370 1634 nihil
1407 1588 1610 1635 suum
1648 1588 1795 1635 esse
1842 1566 2159 1646 dicende,
2201 1568 2287 1634 ab
2335 1588 2412 1635 ea
2463 1566 2711 1656 regula
2749 1565 2923 1632 mini

478 1657 799 1726 deviaret.
852 1662 1062 1742 Atque
1109 1656 1203 1724 ita
1249 1655 1629 1723 beatissimi
1677 1655 2039 1742 Augustini
2101 1677 2422 1735 consors,
2479 1669 2603 1724 aut
2661 1667 2735 1723 ut
2779 1665 2915 1721 recti

475 1745 814 1825 dicamus,
853 1765 1207 1813 successor
1242 1744 1546 1827 effectuS,
1586 1754 2067 1813 testamentum
2115 1743 2382 1813 nullum
2426 1743 2615 1824 fecit,
2654 1743 2810 1829 quia
2882 1767 2915 1800 ιτ

477 1834 745 1911 faceret,
795 1854 1053 1923 pauper
1091 1832 1355 1901 Christo
1391 1854 1523 1900 non
1563 1832 1827 1900 habuit.

565 1926 602 2010 ἓ
647 1928 810 1995 88.
866 1923 1195 2011 Deinceps
1242 1921 1397 1989 felix
1451 1920 1859 1990 Laurentius
1906 1919 1992 1988 ad
2043 1932 2313 2009 portum
2374 1921 2625 1990 salutis
2674 1919 2921 1988 festinat·-

476 2012 772 2102 gemitus
819 2024 1022 2098 atque
1069 2010 1371 2099 suspiria
1404 2010 1813 2099 poenitentis
1853 2009 2321 2078 indesinenter
2353 2010 2650 2078 Domino
2681 2009 2927 2076 offeres--

478 2114 612 2170 tam
668 2114 889 2169 mente
937 2121 1143 2186 quam
1193 2120 1310 2167 ore
1360 2097 1709 2167 revolvens
1759 2098 1955 2166 illum
2018 2097 2361 2187 psalmum
2424 2099 2838 2175 Davidicum‚

474 2213 691 2260 serere
721 2193 857 2258 mei
886 2194 1080 2268 Deua,
1121 2189 1433 2256 miserere
1474 2190 1648 2256 mei:
1699 2189 2016 2278 quoniam
2065 2190 2136 2255 in
2183 2196 2244 2254 te
2293 2189 2564 2276 confidit
2609 2188 2828 2256 anima

472 2280 607 2367 (Ps.
646 2285 727 2348 56
765 2332 779 2346 .
818 2283 906 2346 Ea
938 2298 1092 2346 vero
1121 2276 1528 2364 poenitentis
1559 2276 1858 2344 lamenta
1898 2275 2239 2344 sanctitati
2274 2276 2399 2342 viri
2434 2275 2615 2343 nihil
2650 2274 2922 2362 quicqua

475 2368 723 2458 deroga
778 2380 938 2445 ant,
993 2365 1108 2436 sed
1159 2386 1309 2433 earn
1364 2365 1593 2455 potius
1642 2364 2170 2434 confirmabant.
2220 2368 2458 2433 Fertur
2497 2365 2688 2434 enim
2728 2381 2921 2450 magu

480 2471 669 2545 pater
716 2456 1137 2545 Augustinus
1184 2454 1362 2522 inter
1408 2454 1776 2522 familiaria
1825 2453 2168 2541 colloquia
2216 2453 2468 2522 dixisse
2501 2508 2522 2534 ,
2591 2467 2740 2544 post
2785 2472 2848 2537 pe

478 2558 667 2635 ptum
714 2545 1131 2634 baptismum
1184 2543 1386 2612 etiam
1426 2542 1738 2612 laudatos
1767 2542 2186 2612 Christianos
2217 2554 2282 2610 et
2313 2543 2722 2622 sacerdoteS,
2761 2540 2906 2607 abs·

474 2634 684 2723 digna
742 2648 806 2702 et
869 2632 1281 2722 competenti
1355 2632 1770 2721 poenitentia
1831 2632 2013 2701 exire
2073 2630 2157 2700 de
2217 2652 2500 2719 corpore
2554 2652 2687 2699 non
2744 2628 2913 2723 debe·-

475 2722 926 2805 Quamobrem
982 2720 1107 2792 sibi
1150 2722 1453 2809 jusserat
1503 2722 1569 2788 in
1623 2719 1866 2788 ultima
1927 2719 2357 2810 aegritudine
2405 2720 2714 2788 Psalmos
2749 2723 2925 2784 Davi·

473 2833 610 2889 008,
663 2812 783 2896 qui
832 2822 994 2879 sunt
1041 2809 1492 2900 paucissimi,
1547 2807 1631 2878 de
1680 2809 2094 2897 poenitentia
2147 2809 2382 2886 scribi,
2433 2830 2690 2895 eosque
2733 2806 2910 2893 legens

474 2898 767 2969 ubertim
818 2921 896 2968 ac
935 2899 1195 2986 jugiter
1250 2899 1476 2967 ssebat.
1534 2902 1610 2965 Et
1659 2898 1900 2966 beatus
1963 2896 2366 2966 Laurentius
2411 2918 2628 2983 aquas
2682 2896 2760 2963 de
2800 2914 2895 2959 sut

475 2988 638 3057 riori
689 2988 804 3056 irri
862 3009 950 3057 uo
1000 2987 1275 3057 haurire
1324 3008 1459 3055 non
1511 2987 1843 3066 cessabat,
1901 3007 2024 3054 nec
2073 2999 2296 3054 tamen
2351 2985 2691 3085 irriguum
2728 2980 2921 3049 insen·

472 3089 829 3147 contemne
883 3089 997 3156 at,
1053 3075 1384 3166 populum
1447 3095 1651 3143 suum
1706 3086 1922 3144 morte
1982 3074 2272 3164 pastoris
2319 3088 2645 3143 continuo
2698 3066 2903 3140 desota·

473 3167 665 3246 dum,
722 3166 1126 3235 mirabiliter
1173 3164 1412 3254 lingua
1462 3174 1771 3232 materna
1819 3163 2093 3233 dicens:
2150 3186 2184 3230 «
2223 3167 2370 3232 Heu
2411 3162 2663 3252 popule
2700 3156 2868 3228 stulte
2906 3179 2930 3188 ¹·

474 3256 851 3345 insipiens,
903 3254 1067 3342 quid
1113 3254 1256 3341 jam
1310 3252 1618 3321 facturus
1663 3256 1779 3322 es?
1826 3253 1992 3334 Quis
2048 3251 2319 3321 sanabit
2373 3252 2751 3320 aversiones
2792 3259 2899 3313 tuas

472 3347 638 3429 Quis
702 3344 1087 3414 medebitur
1146 3342 1301 3412 tui?
1368 3341 1476 3410 Sic
1542 3353 1769 3409 autem
1830 3341 2230 3410 charitatem
2295 3339 2668 3429 implebat,
2723 3348 2904 3430 exflss

472 3448 684 3525 parte,
737 3433 918 3521 quod
973 3431 1218 3501 melius
1265 3442 1431 3511 erat,
1485 3430 1775 3519 cupiens
1828 3429 2133 3509 dissolvi,
2186 3440 2250 3496 et
2297 3450 2444 3497 esse
2490 3450 2645 3497 cum
2693 3424 2921 3513 Christe:

470 3547 547 3593 ex
580 3523 787 3593 altera
839 3532 1063 3592 autem
1118 3519 1591 3588 necessitatem
1641 3518 2008 3587 fraternam
2059 3516 2440 3596 attendenS,
2484 3528 2742 3605 propter
2767 3507 2926 3591 subje-

465 3627 652 3682 ctum
703 3610 1034 3702 populum
1087 3631 1247 3677 cum
1297 3607 1610 3697 Apostolo
1659 3607 1946 3694 cupiens
1985 3606 2250 3676 diutius
2285 3606 2354 3674 in
2391 3627 2594 3674 carne
2632 3609 2916 3693 remanere·

467 3702 717 3771 Fidelis
766 3712 993 3770 autem
1046 3704 1221 3767 Deus
1271 3695 1650 3765 mercedem
1697 3695 2007 3764 laborum
2043 3696 2191 3784 ejus
2226 3694 2486 3781 absque
2515 3691 2808 3762 dilatione
2812 3697 2918 3837 dam

469 3790 886 3861 reddendam
938 3788 998 3857 ei
1050 3798 1397 3858 statuerat.
1453 3791 1688 3870 ltaque
1738 3805 1893 3852 cum
1946 3797 2167 3852 sextae
2199 3782 2406 3851 feriae
2444 3780 2811 3874 terminus-a·
2850 3786 2930 3829 v&

470 3882 702 3960 nisset,
761 3880 828 3948 in
881 3877 1179 3948 confinio
1227 3874 1496 3944 sabbati
1547 3873 2029 3960 subsequentis
2085 3871 2413 3960 Spiritum
2465 3869 2676 3940 Sancti
2713 3882 2814 3929 vm
2850 3874 2913 3921 re·

466 3971 663 4057 quies
711 3981 984 4038 aeterna
1033 3964 1357 4054 suscepit.
1412 3968 1623 4049 Atque
1672 3962 1762 4030 ita
1795 3962 2133 4049 gloriosus
2168 3960 2415 4029 Christi
2455 3958 2769 4028 confessor
2797 3951 2914 4014 Lau·

468 4059 757 4138 rentius,
812 4055 1252 4126 Dublinensis
1301 4051 1870 4139 Archiepiseopus
1903 4062 1967 4118 et
2002 4054 2288 4139 Legatus
2338 4048 2703 4122 Hiberniae,
2738 4035 2930 4128 ΡῙθῑὲῑΕ,ἶ

468 4147 738 4216 dierum
774 4202 788 4227 ‚
856 4144 1194 4236 perfectus
1255 4154 1321 4209 et
1380 4153 1904 4209 consummatus
1953 4138 2022 4205 in
2074 4138 2400 4226 operibus
2461 4136 2680 4211 boniS‚
2736 4124 2930 4194 Chi-isti¹

468 4236 840 4316 cohaereS‚
909 4234 993 4303 ad
1062 4231 1402 4303 Christum
1474 4229 1796 4320 migravit
1864 4228 2132 4296 decimo
2200 4239 2434 4296 octavo
2498 4217 2776 4295 Calendas
2824 4212 2930 4274 ΒΘ·1

473 4324 790 4391 cembriS.

562 4413 595 4494 ξ
643 4414 797 4480 tu.
854 4411 1013 4497 Ejus
1061 4421 1287 4477 autem
1340 4407 1570 4476 obitus
1616 4419 1680 4475 et
1728 4404 2006 4475 remotis
2064 4416 2243 4474 certo
2304 4404 2575 4475 oraculo
2615 4392 2893 4468 declaratus
