2993 4837
518 292 601 353 :53
1148 305 1225 350 DE
1273 305 1365 350 ss.
1419 303 1731 351 Acinmwo
1780 304 1854 349 ετ
1904 300 2104 350 sociis
2152 304 2265 350 nm.
2694 286 2851 349 Nov.
2893 289 2958 371 ‘2⁴

342 468 353 477 ‚
431 407 569 461 tam
607 390 852 460 duram
904 403 968 459 et
1017 411 1329 479 asperam
1395 388 1900 458 sententiamP»
1959 388 2048 457 Ad
2110 389 2273 456 llaec
2308 389 2406 455 vir
2467 388 2575 457 ille
2623 391 2920 477 egregius,
2975 424 2976 445 κ

433 502 565 549 non
607 479 779 548 iram
833 491 856 546 t
909 477 1106 555 ranni
1139 477 1493 559 reveritus,
1525 499 1647 546 nec
1682 476 1765 545 de
1798 477 1947 566 ejus
1983 489 2309 567 potestate
2341 475 2712 547 sollicitus:
2747 476 2928 559 «Quid
2975 512 2976 555 i

429 590 607 649 vero,
651 589 832 655 quan
890 590 929 637 o
963 589 1196 636 verum
1226 566 1473 635 dixerit
1519 566 1894 655 quispiam,
1931 589 1969 636 o
2005 572 2164 645 Rex,
2201 580 2260 635 te
2298 588 2380 634 ne
2413 566 2742 655 oportebit
2776 564 2928 635 illico
2975 604 2976 635 i

429 657 679 726 irasci?
714 680 749 722 »
804 656 1054 725 Deinde
1101 657 1303 724 etiam
1359 656 1635 725 intuens
1668 654 1750 724 ad
1781 676 2043 735 omnes,
2079 656 2195 742 qui
2241 654 2546 735 aderant,
2590 668 2929 723 senatores:
2975 700 2976 727 ³

432 770 467 812 «
503 751 626 814 Per
681 744 997 826 salutem,
1061 744 1316 830 inquit,
1374 756 1670 814 vestrum
1723 744 2063 824 omnium,
2133 743 2248 812 tali
2300 744 2443 813 viro
2499 742 2666 813 nihil
2714 757 2912 833 oporte
2975 780 2976 823 χ

432 833 869 924 respondere.
915 834 1267 915 Quomodo
1300 833 1482 902 enim
1542 855 1765 901 veram
1822 833 2110 922 accipiet
2158 832 2564 911 orationem,
2628 855 2795 920 quae
2849 830 2976 905 funs

431 945 580 993 rore
632 922 880 1012 repleta
931 937 1053 1002 est,
1108 923 1445 991 animat»
1485 927 1779 1011 vPropter
1828 922 1994 990 haec
2043 927 2407 1009 Tyrannus
2469 922 2566 989 ira
2634 921 2930 1011 repletus,
2975 962 2976 1001 f

430 1013 553 1090 ira,
612 1012 919 1098 inquam,
972 1011 1054 1079 ad
1108 1011 1636 1080 similitudinem
1683 1009 2043 1099 serpentis,
2086 1023 2158 1079 ut
2189 1010 2357 1079 dicit
2405 1024 2686 1080 sanctus
2738 1008 2931 1087 David,
2975 1050 2976 1089 5

434 1101 685 1170 milites
723 1101 922 1190 jubet
980 1114 1157 1169 stare
1210 1122 1329 1189 pro
1398 1099 1686 1180 foribuS,
1740 1112 1815 1167 ut
1862 1121 2000 1179 eos,
2058 1100 2175 1185 qui
2239 1100 2297 1167 ei
2351 1099 2838 1189 repugnabant,
2890 1110 2976 1183 etg

433 1190 735 1278 primum
772 1188 1082 1258 omnium
1136 1188 1701 1277 Elpidephorum‚
1754 1210 1917 1256 ense
1963 1188 2351 1257 conficeret.
2407 1187 2697 1269 Quidam
2747 1200 2902 1254 auter
2975 1230 2976 1271 2

429 1276 876 1358 Callistratus,
929 1300 1085 1346 cum
1139 1290 1316 1346 esset
1365 1277 1526 1367 Regi
1577 1277 2080 1357 amicissimuS,
2134 1299 2289 1344 eum
2333 1276 2509 1346 collo
2567 1275 2929 1365 amplexus,

430 1368 670 1435 orabat
704 1379 775 1435 ut
824 1367 992 1434 iram
1050 1367 1468 1455 reprimeret.
1524 1371 1774 1434 Omnes
1826 1387 1980 1434 vero
2030 1363 2236 1433 simul
2305 1365 2516 1434 libere
2577 1366 2976 1452 loquentes:

432 1480 467 1520 «
535 1455 910 1524 Miserrime
973 1459 1233 1543 Regum
1273 1510 1287 1535 ,
1372 1454 1731 1534 dicebant,
1808 1455 2040 1542 pulcre
2117 1455 2290 1522 scies
2364 1477 2486 1524 nos
2537 1477 2671 1524 non
2739 1451 2920 1521 eaden

480 1566 604 1612 uae
640 1558 734 1623 tu,
790 1544 1063 1622 sentire,
1124 1565 1343 1630 neque
1373 1542 1692 1611 similiter
1724 1545 1895 1611 tueri
1932 1542 2423 1631 impietatem.»
2474 1548 2550 1614 Et
2603 1544 2764 1613 baec
2808 1562 2932 1607 cnm
2975 1586 2976 1625 3

481 1632 786 1713 ixissent,
825 1632 1135 1701 exierunt
1173 1656 1251 1701 eo
1302 1632 1397 1701 sic
1452 1631 1706 1702 relicto.
1754 1631 1875 1700 Sed
1933 1632 2086 1713 ille,
2138 1655 2295 1699 cum
2346 1646 2522 1702 esset
2576 1654 2728 1712 nox,
2778 1625 2946 1699 etad.

428 1743 772 1801 summam
813 1721 998 1791 filius
1035 1721 1499 1799 tenebrarum,
1538 1721 1779 1789 habuit
1831 1735 2120 1801 noctem,
2156 1743 2355 1809 opem
2401 1721 2728 1790 ferentem
2769 1718 2940 1787 rebus

436 1810 777 1898 pessimis,
814 1823 1076 1878 etcum
1134 1811 1432 1898 primum
1491 1808 1849 1890 illuxisset,
1906 1810 2150 1880 sedens
2204 1831 2324 1899 pro
2375 1809 2731 1888 tribunali,
2776 1806 2918 1897 jube

437 1913 568 1966 tres
613 1898 828 1967 fossas
860 1898 1087 1977 effodi,
1132 1911 1196 1967 et
1249 1901 1312 1968 in
1370 1921 1483 1967 eas
1542 1898 1814 1968 immitti
1875 1899 2125 1968 bestias
2172 1912 2236 1967 et
2285 1912 2663 1988 serpentes,
2716 1911 2776 1967 et
2820 1916 2940 1965 san·

434 2000 618 2056 ctum
672 1987 1101 2076 Acindynum
1140 2011 1296 2057 cum
1334 1989 1480 2056 suis
1525 1988 1590 2055 in
1626 2010 1741 2058 eas
1792 1988 2005 2078 injici.

520 2078 556 2161 ξ
606 2081 751 2147 12.
808 2081 1170 2163 Postquam
1221 2099 1384 2166 ergo
1420 2081 1702 2145 Sanctos
1740 2099 1818 2146 eo
1878 2076 2349 2156 immisissent,
2409 2082 2607 2156 Deus,
2670 2083 2942 2145 Deusno-

431 2174 589 2244 ster,
629 2165 719 2233 ad
768 2176 828 2234 te
855 2167 935 2233 dc
968 2169 1112 2234 luce
1142 2168 1534 2254 vzyila-muS,
1581 2166 1962 2253 psallebant
2005 2171 2353 2254 Martyres,
2398 2168 2612 2234 sitivit
2657 2177 2719 2234 te
2753 2162 2944 2233 anima

433 2264 684 2333 nostra,
722 2256 933 2322 sitivit
983 2260 1184 2323 Deum
1227 2256 1456 2323 vivum
1506 2265 1566 2322 ct
1612 2257 1875 2341 sortem.
1929 2256 2059 2323 Sed
2106 2265 2176 2322 lu
2214 2258 2327 2343 sae
2375 2257 2708 2324 nobiscum
2757 2268 2944 2319 conve-

430 2344 689 2411 nienter
728 2354 883 2411 luae
916 2344 1438 2422 mansuetudini,
1481 2353 1541 2410 et
1591 2344 1755 2411 educ
1788 2366 1903 2411 nos
1937 2343 2017 2411 de
2075 2346 2098 2410 l
2276 2345 2614 2412 miseriae.
2660 2339 2942 2426 Quoniam

433 2434 713 2520 benigna
765 2443 859 2500 est
906 2433 1367 2501 misericordia
1410 2442 1552 2508 tua,
1592 2443 1654 2499 ec
1686 2434 1942 2501 bonitas
1989 2456 2077 2521 qu.
2249 2456 2337 2501 on
2391 2444 2604 2523 polest
2663 2425 2942 2521 emprani.

436 2521 716 2588 Interim
777 2532 999 2587 autem
1072 2520 1236 2589 dum
1306 2532 1766 2606 precarentur,
1829 2519 2174 2609 splendidi
2242 2534 2685 2591 accesserunt
2730 2512 2940 2606 angeli,

439 2608 643 2677 veluti
693 2608 1111 2693 quibusdam
1154 2609 1361 2697 virgis
1415 2608 1651 2678 ferreis
1685 2608 1936 2678 bestias
1985 2608 2360 2697 abigentes,
2415 2623 2478 2678 et
2515 2624 2942 2694 unumquem-

437 2718 570 2781 que
618 2719 665 2766 e.
704 2697 969 2765 Sanctis
1024 2719 1233 2765 manu
1283 2698 1718 2787 accipienteS‚
1757 2720 1871 2766 eos
1921 2696 2192 2767 illaesos
2231 2719 2266 2764 e
2322 2697 2523 2769 fossis
2572 2698 2942 2768 eduxerunt.

439 2785 562 2853 Sed
625 2789 758 2853 Rex
808 2807 964 2853 cum
1040 2800 1375 2874 oporteret
1435 2809 1675 2855 rursus
1724 2785 1969 2855 Christi
2036 2785 2414 2876 intelligere
2467 2787 2855 2875 potentiam,
2897 2787 2945 2874 (ῗῑ

436 2895 704 2942 cessare
762 2874 1135 2960 aliquando
1195 2874 1502 2965 aggredi,
1556 2897 1731 2962 quae
1781 2897 1914 2944 non
1987 2887 2277 2964 possunt
2335 2875 2551 2958 effici,
2629 2875 2739 2944 ille
2775 2874 2946 2961 ‚iussu

440 2967 721 3030 Sanctos
755 2984 996 3032 rursus
1045 2986 1418 3053 suspensos
1460 2964 1678 3032 caedi.
1718 2969 1882 3032 Cum
1943 2976 2168 3032 autem
2224 2963 2503 3034 vidisset
2550 2985 2783 3034 eorum
2834 2976 2944 3024 car·

440 3073 559 3119 nes
602 3052 838 3120 multis
898 3052 1082 3120 horis
1131 3052 1514 3131 conscindi,
1579 3051 1870 3139 fortique
1907 3065 1970 3121 et
2011 3073 2340 3141 generoso
2389 3054 2624 3122 animo
2675 3051 2948 3140 resistere

437 3141 958 3220 certaminibus,
994 3141 1192 3230 jubet
1247 3163 1361 3212 eos
1418 3163 1452 3210 e
1498 3141 1705 3231 lignis
1752 3140 2026 3229 deponi,
2067 3155 2132 3209 et
2186 3142 2284 3211 eis
2330 3143 2552 3232 capita
2609 3150 2942 3230 amputan-

438 3234 590 3318 Ipse
630 3230 812 3298 enim
857 3231 1074 3318 magis
1123 3243 1267 3298 erat
1299 3229 1610 3302 defessus
1658 3231 2000 3300 intentans
2050 3230 2417 3320 supplicia,
2471 3253 2680 3317 quam
2735 3233 2946 3318 Martjj·

439 3341 544 3386 res
585 3319 1001 3387 sustinentes
1048 3340 1124 3386 ea
1181 3340 1357 3404 quae
1407 3319 1962 3389 intentabantur:
2007 3332 2071 3387 et
2119 3342 2388 3388 summa
2442 3317 2836 3389 fortitudine
2877 3330 2950 3373 vt·

437 3420 679 3476 cerunt
723 3406 816 3475 illi
878 3407 1213 3475 infinitam
1276 3407 1773 3478 crudelitatem.
1830 3414 1993 3476 Cum
2055 3409 2198 3496 jam
2263 3422 2488 3477 autem
2558 3409 2641 3477 ad
2700 3413 2945 3473 mortem

439 3495 980 3574 abducerentur,
1034 3496 1152 3582 qui
1199 3497 1285 3565 ab
1343 3497 1444 3564 eis
1494 3496 1864 3566 illuminati
1921 3497 2190 3565 fuerant
2237 3496 2317 3565 ad
2375 3497 2718 3586 pietatem,
2771 3479 2946 3560 simul

438 3608 596 3653 cum
637 3598 903 3664 senatu,
961 3585 1307 3653 Dimittitis
1358 3607 1505 3666 nos,
1568 3584 1908 3663 dicebant,
1969 3609 2008 3654 o
2064 3585 2372 3653 doctores
2435 3586 2725 3674 pietatiS‚
2771 3589 2946 3665 supet·

438 3673 832 3743 cathedram
882 3673 1300 3760 pestilentiae
1353 3675 1417 3742 in
1474 3674 1696 3743 medio
1736 3674 2063 3744 ecclesiae
2114 3672 2669 3763 malignantium,
2708 3655 2944 3738 eumad

445 3785 836 3830 mensuram
891 3763 1128 3831 aetatis
1166 3763 1230 3830 in
1271 3762 1534 3831 Christo
1571 3764 1874 3831 nondum
1930 3763 2464 3852 pervenerimus.
2522 3762 2697 3831 Beati
2752 3767 2944 3855 autem

446 3850 544 3918 illi
596 3851 695 3918 eis
750 3850 1287 3940 responderunt:
1355 3851 1553 3933 «Qui
1622 3851 1817 3920 docet
1874 3852 2216 3921 bominem
2280 3853 2632 3921 scientiam
2679 3848 2948 3917 Christus

443 3943 618 4007 Deus
670 3954 920 4020 noster,
965 3941 1080 4027 qui
1119 3958 1220 4008 est
1271 3940 1688 4010 illuminatio
1737 3941 2127 4010 animarum
2192 3955 2605 4020 nostrarum,
2666 3940 2802 4037 ipse
2853 3943 2976 3998 VOS,

443 4027 881 4102 illuminabit¹
908 4043 971 4098 et
1000 4028 1228 4098 reddet
1265 4029 1745 4120 intelligenteS,
1793 4030 2164 4117 firmosque
2199 4028 2396 4099 faciet
2434 4043 2500 4098 et
2529 4026 2798 4100 stabiles
2828 4016 2976 4102 sun-¹

440 4116 763 4186 damento
798 4141 962 4187 suae.
1014 4118 1197 4187 fidei.
1239 4142 1272 4184 »
2975 4121 2976 4132 ’

527 4209 561 4291 ξ
615 4212 755 4277 13.
814 4209 1041 4276 Relata
1093 4221 1253 4276 sunt
1318 4208 1483 4276 haec
1537 4212 1628 4276 Re
1652 4208 1740 4273 ri:
1798 4220 1861 4275 ct
1900 4206 2079 4293 quod
2137 4229 2388 4296 magna
2448 4199 2805 4276 multitudo
2861 4209 2976 4288 §es

437 4310 763 4379 queretur
833 4302 1147 4372 Sanctos,
1205 4318 1442 4364 eorum
1508 4234 1750 4365 caeiies
1814 4295 2203 4383 prohibens.
2262 4295 2382 4364 Ille
2459 4310 2680 4365 autem
2747 4295 2976 4368 stanni

439 4384 687 4453 emittit
738 4398 1077 4454 catervam
1146 4385 1442 4454 militum
1511 4386 1578 4452 in
1646 4406 1761 4454 eos
1814 4385 1932 4471 qui
1997 4384 2462 4472 sequebantur
2513 4388 2802 4453 Sanctos‚
2852 4381 2945 4434 ⁰¹1¹
