2993 4837
64 322 194 388 ΜΝ.
236 322 274 386 3
704 340 784 385 na
833 340 887 385 S.
940 337 1254 386 uAtAcntA
1306 340 1402 385 ar.
1458 340 1801 386 uictumae
2354 326 2435 387 89

64 425 219 502 illius,
253 436 484 493 textum
518 424 787 493 scilicet
835 423 1380 513 Evangeliorum,
1426 425 1545 511 qui
1588 425 1718 494 fuit
1760 425 1937 494 beati
1980 425 2261 506 Patritii,
2318 425 2526 496 bacu-

61 513 279 613 lumque
317 532 480 582 auro
527 523 809 591 tectum,
842 525 905 582 et
938 513 1232 602 gemmis
1252 513 1790 671 (pretiosissimis
1839 513 2274 594 adornatum,
2319 535 2523 601 quem

58 614 347 670 nommant
375 600 703 670 baculum
736 607 943 672 Jesu:
976 622 1055 672 eo
1112 624 1248 689 quo
1349 604 1494 692 ipse
1547 603 1873 673 Dominus
1905 606 1928 684 (
1954 614 2029 673 ut
2070 602 2192 671 fert
2239 603 2534 692 opinio)

53 711 177 759 eum
212 690 339 759 suis
394 690 721 759 manibus
783 691 1097 771 tenuerit,
1150 704 1352 779 atque
1406 690 1819 760 formaverit.
1881 695 1957 760 Et
2005 691 2171 760 haec
2212 713 2526 761 summae

54 778 341 935 diffinitatis
384 792 449 847 et
507 779 965 849 venerationis
1016 780 1083 848 in
1145 793 1343 870 gente
1394 779 1535 848 illa.
1589 785 1841 870 Nempe
1915 780 2269 850 notissima
2320 792 2518 857 sunt,

54 886 115 935 ce
135 867 561 953 eberrtmaque
611 868 682 936 in
737 869 1031 959 populis,
1087 881 1289 956 atque
1339 869 1406 938 in
1450 891 1528 937 ea
1582 869 1949 937 reverentia
2000 869 2185 957 apud
2241 891 2520 945 omnes,

55 967 110 1023 ut
142 957 235 1042 qni
265 954 387 1026 illa.
420 956 675 1026 habere
714 958 901 1027 visus
927 956 1151 1037 fuerit,
1212 959 1436 1046 ipsum
1490 957 1735 1027 habeat
1773 958 2184 1048 Episcopum
2225 957 2524 1058 populus

52 1043 249 1114 stultus
287 1059 346 1115 et
378 1045 740 1134 insipiens.
784 1045 930 1115 Ibat
972 1046 1174 1115 bomo
1214 1068 1625 1136 gyrovagus,
1662 1060 1726 1115 et
1758 1045 1930 1115 alter
1954 1059 2228 1115 satanas
2276 1047 2526 1115 ctrcui-

52 1131 137 1200 bat
170 1146 408 1214 terram,
461 1148 525 1203 et
579 1133 1102 1224 perambulabat
1162 1156 1339 1215 eam,
1395 1135 1705 1225 insignia,
1756 1157 1949 1204 sacra
1997 1135 2519 1204 circumferens.

51 1225 194 1302 Quae
220 1223 455 1308 ubique
499 1235 876 1302 ostentans,
916 1223 1174 1310 ubique
1204 1245 1440 1293 eorum
1479 1226 1693 1312 gratia
1749 1225 2242 1313 receptabatur,
2296 1225 2524 1293 conci-

54 1308 189 1379 lians
225 1309 341 1379 sibi
382 1333 498 1401 per
546 1312 717 1381 haec
767 1313 1037 1381 animos
1081 1313 1420 1390 omnium,
1478 1327 1543 1381 et
1574 1335 1611 1380 a
1648 1312 2004 1390 Malachia,
2042 1333 2354 1400 quosque
2404 1335 2521 1402 po-

56 1397 254 1478 tuisset,
301 1413 631 1469 avertens.
686 1405 865 1468 Haec
915 1400 1047 1469 ille.
1090 1406 1245 1469 Erat
1291 1414 1517 1492 autem
1563 1401 1884 1491 princeps
1931 1401 2212 1488 quidam
2265 1403 2349 1472 de
2408 1424 2519 1491 po-

52 1485 381 1557 tentioribus
412 1489 696 1575 iniquae
747 1489 1116 1579 progeniei,
1147 1510 1349 1576 quem
1391 1493 1526 1558 Rex
1562 1490 1962 1580 priusquam
2015 1490 2353 1560 civitatem
2381 1492 2522 1559 exi-

40 1585 145 1652 ret,
183 1576 381 1645 ’urare
401 1581 520 1647 cot}
571 1588 720 1647 erat
753 1598 985 1668 pacem
1017 1590 1243 1647 tenere
1281 1579 1639 1668 Episcopo,
1676 1579 1971 1668 acceptis
2005 1580 2092 1648 ab
2122 1600 2199 1647 eo
2239 1579 2523 1668 insuper

40 1597 345 1762 :obsidibus
398 1688 512 1734 mu
550 1667 785 1735 tiS.·ls
833 1678 983 1756 post
1043 1667 1246 1756 Regis
1314 1667 1608 1748 exitum,
1664 1667 2128 1738 nihilominus
2181 1668 2519 1737 civitatem

40 1761 355 1841 ‘fingi-assus,
397 1755 775 1824 consilium
812 1755 1052 1824 habuit
1083 1777 1241 1824 cum
1284 1756 1692 1845 propinquis
1738 1768 1802 1826 et
1849 1756 2116 1836 amicis,
2171 1756 2519 1843 quomodo

40 1851 296 1911 &sanctum
340 1843 495 1913 dolo
547 1831 879 1923 tenerem,
934 1856 1000 1913 et
1048 1843 1475 1914 occiderent:
1524 1845 1854 1914 timebant
1887 1866 2042 1915 vero
2095 1844 2384 1932 plebem.
2449 1850 2524 1914 Et

40 1915 415 2016 ffconjurantes
450 1933 517 2000 in
552 1954 794 2001 necem
825 1932 1218 2014 Malachiae,
1250 1933 1663 2003 constituere
1691 1932 1914 2002 locum
1939 1946 2003 2003 et
2051 1933 2257 2002 diem:
2290 1946 2355 2004 et
2388 1947 2524 2003 tra-

40 2005 365 2150 ldiwrdedit
405 2022 508 2090 eis
556 2020 868 2112 signum.
914 2026 1072 2111 Ipso
1111 2022 1221 2091 die
1253 2044 1413 2092 cum
1462 2022 1844 2110 vespertina
1876 2022 2022 2110 jam
2075 2022 2407 2092 solemnia
2449 2024 2511 2090 in

40 2105 279 2177 ¹Ecclesia
298 2108 674 2180 celebraret
701 2110 984 2181 antistes
1029 2133 1186 2180 cum
1222 2111 1540 2180 universo
1573 2109 1779 2191 clero,
1823 2123 1887 2179 et
1923 2110 2365 2179 multitudine
2400 2133 2518 2199 po-

40 2183 193 2300 [pulv.
219 2197 403 2266 mittit
448 2198 535 2267 ad
609 2199 838 2288 ipsum
892 2198 1350 2300 nequamjlle
1405 2199 1472 2267 in
1531 2198 1755 2268 verbis
1819 2199 2122 2288 pacificis
2176 2199 2244 2267 in
2310 2198 2512 2277 dolo,

40 2297 601 2376 tmmsquatenus
646 2287 732 2357 ad
784 2309 855 2357 se
900 2286 1222 2378 dignetur
1259 2287 1695 2368 descendere,
1854 2287 2055 2357 faciat
2104 2309 2364 2376 pacem.
2397 2292 2521 2356 Re-

40 2370 474 2457 spondentibus
506 2375 635 2464 qui
668 2374 1101 2459 assistebant,
1138 2378 1366 2466 ipsum
1420 2376 1652 2467 potius
1693 2387 1732 2446 a·
1813 2381 1859 2446 E
1916 2377 2222 2467 iscopum
2275 2376 2521 2446 debere

40 2460 242 2543 imaue,
291 2466 662 2537 Ecclesiam
710 2487 859 2536 esse
908 2465 1510 2555 competentiorem
1567 2466 1790 2536 locum
1872 2466 2228 2535 irmandae
2271 2466 2511 2556 pacis:

40 2545 314 2649 {siquidem
350 2566 877 2642 praesenserant
909 2553 1170 2624 dolum.
1213 2554 1660 2643 subjungunt
1705 2555 1824 2642 qui
1879 2555 2067 2624 missi
2116 2570 2333 2634 erant,
2391 2554 2517 2623 hoc

40 2642 217 2707 autum
256 2661 376 2712 non
418 2665 579 2713 esse
629 2642 953 2732 Principi,
1001 2644 1236 2712 timere
1273 2664 1429 2712 eum
1480 2644 1684 2733 capiti
1742 2665 1888 2723 suo,
1955 2665 2074 2712 nec
2124 2666 2194 2711 se
2243 2642 2518 2712 credere

40 2716 236 2823 23³⁰?le
278 2751 444 2818 quae
477 2754 556 2801 se
593 2746 748 2801 ante
797 2731 921 2801 hos
954 2730 1102 2800 dies
1132 2752 1341 2801 causa
1391 2733 1703 2822 Episcopi
1753 2732 2243 2822 propemodum
2285 2732 2521 2802 intere·

40 2824 286 2905 imment.
338 2820 927 2891 contendentibus
976 2821 1043 2888 in
1099 2820 1283 2890 hunc
1335 2820 1645 2900 modum,
1694 2820 1829 2889 illis
1876 2820 2179 2907 quidem,
2235 2834 2309 2890 ut
2345 2821 2514 2889 iret:

40 2901 340 2993 testeiam,
394 2930 480 2979 ne
519 2912 692 2979 iret:
749 2909 1128 2999 Episcopus
1175 2908 1722 3010 cupiduspacis,
1752 2922 1814 2978 et
1867 2910 2102 3009 mortis
2148 2931 2279 2977 non
2336 2911 2520 2978 timi-

40 2983 191 3119 *5⁶3⁸*
216 3016 251 3061 <t
276 2998 509 3079 Sinite,
560 2999 808 3084 inquit,
844 2998 1107 3079 fratres,
1146 2999 1347 3067 sinite
1380 3019 1484 3066 me
1526 2998 1778 3066 imitari
1818 3011 2221 3088 magistrum
2258 3021 2512 3067 meum.

40 3076 371 3157 [Simuusa
419 3108 582 3156 sum
626 3086 1076 3168 ChristianuS,
1123 3086 1179 3155 si
1216 3087 1556 3156 Christum
1596 3109 1726 3156 non
1769 3108 2039 3171 sequor.
2094 3091 2283 3155 Forte
2324 3089 2520 3157 flecto

40 3159 361 3244 &humilitate
394 3188 799 3266 tyrannum,
832 3187 895 3246 et
942 3176 999 3243 si
1038 3197 1195 3255 non,
1253 3176 1447 3244 vinco
1484 3188 1708 3244 tamen
1737 3175 2067 3244 exhibens
2113 3176 2219 3243 ovi
2262 3190 2510 3265 pastor,

40 3258 297 3355 gsaoerdos
328 3264 526 3343 laico,
566 3263 749 3351 quod
803 3263 971 3332 mihi
1006 3263 1120 3332 ille
1167 3262 1527 3333 debuerat:
1572 3286 1687 3334 vos
1718 3283 2015 3352 quoque,
2050 3264 2232 3363 quod
2287 3264 2353 3331 in
2411 3287 2518 3333 me

40 3355 148 3441 &³⁰le
184 3368 299 3419 non
334 3375 599 3442 parum
661 3352 948 3422 aedifico
996 3352 1307 3442 exemplo
1379 3352 1514 3422 tali.
1573 3353 1748 3435 Quid
1809 3354 1991 3421 enim
2044 3375 2101 3422 st
2164 3354 2516 3442 contingat
2599 3436 2604 3445 Ι

40 3432 284 3506 [occidite
324 3445 462 3511 Non
496 3462 743 3510 recuso
781 3441 977 3514 mori.
1017 3453 1091 3510 ut
1117 3463 1232 3510 vos
1268 3442 1441 3511 vitae
1473 3454 1554 3510 ex
1606 3464 1713 3509 me
1741 3441 2023 3510 teneatis
2052 3440 2516 3529 exemplum.»

40 3520 105 3617 {Et
136 3544 433 3617 surgens,
490 3530 715 3620 coepit
766 3530 905 3610 ire,
962 3530 1288 3599 flentibus
1345 3531 1614 3600 cunetis
1664 3543 1729 3599 et
1785 3529 2381 3619 supplicantibus,
2438 3552 2518 3596 ne

40 3614 253 3683 stantum
290 3631 568 3708 cuperet
605 3641 730 3709 pro
760 3618 1022 3687 Christo
1072 3620 1268 3699 mori,
1304 3631 1381 3690 ut
1412 3630 1674 3689 tantum
1719 3619 1960 3689 Christi
1997 3612 2271 3709 gregstn
2326 3618 2518 3687 deso·

40 3690 209 3768 ilatum
234 3704 662 3797 relinqueret.
693 3712 940 3777 Verum
984 3706 1097 3776 ille
1135 3719 1336 3778 totam
1362 3729 1551 3798 spem
1583 3729 1777 3777 suam
1806 3729 2067 3799 ponens
2099 3709 2164 3776 in
2210 3707 2514 3785 Domino,

40 3790 145 3886 {2022}
181 3788 511 3866 alacritate
571 3797 884 3886 perrexit,
942 3796 1161 3865 tribus
1211 3808 1473 3865 tantum
1527 3798 1893 3865 comitatus
1957 3796 2346 3886 discipulis,
2406 3819 2519 3885 pa-

40 3887 172 3975 ,rqlta
205 3884 371 3951 mori
408 3905 572 3954 cum
624 3905 725 3954 eo.
765 3886 890 3966 Qui
934 3897 1030 3965 ut,
1083 3884 1343 3953 calcato
1393 3884 1632 3955 limine
1679 3885 1926 3955 domus
1961 3898 2232 3974 repente
2265 3906 2337 3952 se
2372 3907 2512 3950 mv-

54 3957 362 4066 dtoiptulit
405 3985 856 4051 armatorum,
909 3986 1103 4042 scuto
1137 3972 1290 4042 fidei
1338 3973 1483 4063 ipse
1534 3974 1868 4052 munitus,
1907 3973 2265 4042 concidere
2314 3972 2522 4042 facies

52 4067 325 4140 omnium,
375 4062 541 4150 quia
598 4081 807 4150 pavor
847 4061 1044 4129 irruit
1094 4083 1303 4152 super
1347 4084 1485 4142 ρος,
1545 4062 1634 4131 ita
1686 4074 1759 4130 ut
1823 4061 2047 4131 dicere
2097 4074 2321 4152 posset
2369 4064 2523 4154 Epi-

54 4156 282 4228 scopus:
323 4152 452 4231 Oui
485 4152 817 4219 tribulant
847 4172 951 4219 me
978 4152 1243 4219 inimici
1265 4152 1418 4231 mei,
1456 4152 1594 4241 ipsi
1622 4152 1950 4239 infirmati
1976 4162 2130 4219 sunt
2159 4162 2222 4219 et
2271 4153 2522 4219 cecide-

56 4236 308 4331 runem.
341 4239 475 4327 26).
532 4243 674 4307 Hoc
726 4238 1001 4307 verbum
1042 4259 1276 4308 verum
1327 4249 1450 4307 est.
1510 4238 1782 4307 Videres
1838 4238 2128 4308 hostiam
2183 4251 2515 4315 stantem,

40 4320 342 4403 carnifices
388 4326 564 4397 ferro
594 4326 879 4395 armatis
933 4327 1256 4396 manibus
1305 4326 1614 4417 undique
1654 4326 2221 4396 circumstantes:
2290 4339 2355 4396 et
2401 4328 2518 4416 qui

62 4408 389 4497 tmmolaret,
444 4437 583 4485 non
633 4428 800 4484 erat.
853 4420 1133 4485 Putares
1179 4422 1453 4504 stupere
1493 4416 1821 4485 lacertos:
1871 4415 1969 4484 sic
2021 4437 2154 4485 non
2197 4414 2349 4493 fuit,
2403 4415 2521 4501 qui
