2993 4837
46 312 213 378 NOV.
275 312 358 375 40
893 330 973 375 ΒΕ
1021 329 1077 376 s.
1131 329 1382 376 Annam
1431 310 1777 375 Avi-:LmNo'
2374 312 2501 376 379

46 415 442 485 clericorum
477 412 897 503 regularium
943 414 1429 482 Theatinorum
1477 418 1875 504 nuncupata
1906 414 2433 514 congregatione
2460 418 2589 482 An-

45 504 259 574 dream
300 502 685 572 Avellinum
738 516 1018 591 stupore
1051 501 1258 571 afflati
1311 503 1842 592 conspeximus,
1895 523 2095 589 quem
2135 503 2363 581 sicuti,
2419 502 2582 570 dum

44 594 100 662 in
150 592 482 661 humanis
530 604 780 681 ageret,
835 593 1072 660 sancta
1115 592 1367 680 piaque
1399 591 1913 661 couversatione
1953 592 2343 659 animarum
2384 590 2586 661 saluti

44 696 97 751 et
124 680 483 782 religionis
523 680 940 750 incremento
981 681 1179 749 enixe
1226 679 1653 767 feliciterque
1679 679 2033 750 consuluit
2063 680 2153 748 ita
2188 681 2275 749 ab
2309 678 2425 748 illa
2464 681 2589 747 im-

45 734 299 839 mortali
367 769 755 838 securitatis
820 770 1095 860 regione
1147 769 1346 839 nobis
1405 768 1867 840 militantibus
1927 768 2329 838 adfuturum
2386 767 2587 837 hilari

44 862 260 928 animo
299 858 650 929 confidere
685 858 1100 948 incepimus,

119 1040 152 1125 ἓ
194 1044 274 1109 1.
320 1041 526 1106 Hunc
560 1037 785 1124 itaque
822 1037 1163 1128 insignem
1203 1036 1451 1106 Christi
1486 1035 1943 1105 confessorem
1999 1056 2134 1104 non
2183 1034 2587 1105 mortalibus

46 1125 412 1196 honoribus
471 1127 793 1195 universo
851 1125 1416 1195 christifidelium
1486 1124 1712 1195 coetui
1768 1123 2133 1193 colendum
2193 1145 2581 1224 exponere,

47 1237 319 1301 arasque
352 1227 421 1284 et
468 1214 1009 1305 supplicationes
1057 1214 1277 1284 eidem
1320 1214 1687 1283 decernere
1721 1213 2101 1302 cupienteS,
2157 1212 2331 1282 fusis
2386 1224 2586 1281 noctu

51 1304 275 1390 dieque
325 1304 656 1393 precibus
688 1304 756 1371 in
785 1303 1078 1391 jejuniis
1111 1316 1175 1372 et
1213 1303 1537 1393 lacrymis
1585 1314 1881 1383 orantes,
1928 1301 2336 1388 intensoque
2362 1300 2589 1370 cordis

52 1393 275 1460 affectu
323 1399 592 1462 Patrem
637 1390 980 1462 luminum
1018 1392 1485 1481 deprecanteS,
1542 1404 1638 1471 ut,
1699 1392 1764 1459 in
1814 1413 1886 1460 re
1926 1402 2061 1460 tam
2108 1389 2395 1479 grandis
2447 1410 2590 1459 mo-

54 1481 243 1549 menti
297 1494 364 1550 et
415 1504 500 1551 su
556 1503 626 1549 ra
687 1481 1061 1550 humanam
1113 1480 1574 1551 conditionem
1621 1480 1865 1569 posita,
1924 1492 2216 1548 mentem
2282 1492 2585 1547 nostram

53 1570 299 1638 coelesti
338 1574 471 1639 sua
542 1591 665 1638 uce
707 1569 1115 1658 perfundere
1154 1593 1233 1638 ac
1280 1569 1634 1638 instituere
1667 1568 2094 1658 dignaretur,
2135 1568 2435 1645 tandem,
2488 1567 2590 1634 in-

55 1657 337 1727 firmitati
399 1670 671 1727 nostrae
726 1659 1270 1747 suffragantibus
1312 1658 1670 1727 universae
1722 1657 2061 1726 Ecclesiae
2109 1656 2536 1725 orationibus
2570 1710 2584 1734 ,

55 1747 302 1834 piisque
349 1747 680 1836 operibus
729 1747 813 1816 ad
867 1746 931 1816 id
975 1747 1216 1817 sedulo
1265 1746 1617 1827 adhibitis,
1674 1746 1894 1814 visum
1933 1759 2034 1814 est
2077 1745 2360 1834 Spiritui
2418 1750 2588 1812 San-

58 1849 167 1913 cto,
193 1836 309 1922 qui
346 1837 416 1904 in
461 1836 657 1905 nobis
690 1835 924 1904 divina
954 1837 1388 1906 miseratione
1414 1847 1738 1923 operatur
1768 1846 1832 1903 et
1866 1834 2195 1920 loquitur,
2235 1833 2586 1903 lucernam

62 1924 382 1994 ardentem
416 1946 629 2013 super
652 1924 990 1994 Ecclesiae
1021 1924 1433 1995 candelabro
1459 1924 1796 1993 Andream
1828 1922 2206 1991 Avellinum
2238 1921 2581 1999 extollere,

62 2012 348 2082 utillum
399 2014 471 2082 in
516 2012 672 2082 albo
727 2018 1131 2083 Sanctorum
1181 2014 1471 2083 solemni
1526 2013 1656 2082 ritu
1716 2009 2120 2081 translatum
2158 2010 2591 2079 christianus

67 2100 223 2170 orbis
273 2115 555 2182 exoret,
615 2103 956 2189 tantisque
1013 2102 1496 2193 ingruentibus
1545 2100 2056 2177 ‚calamitatibus
2099 2099 2379 2168 tutelam
2427 2097 2594 2165 vali-

70 2186 342 2277 dumque
395 2191 818 2281 praesidium
865 2214 937 2261 se
985 2192 1235 2261 habere
1278 2190 1466 2282 apud
1519 2195 1730 2259 Deum
1775 2188 2109 2278 intelligat
2139 2202 2202 2256 et
2233 2187 2589 2275 deprecari

75 2294 382 2375 assuescat
441 2281 955 2368 nuncupatione
995 2293 1328 2349 votorum.
1386 2280 1786 2350 Gaudemus
1828 2276 2169 2366 profect0‚
2218 2280 2593 2361 sanctaque

77 2386 131 2433 tn
176 2370 451 2440 Domino
500 2368 912 2439 exultatione
958 2369 1341 2458 replemur,
1393 2368 1668 2438 infirma
1710 2366 2029 2454 luteaque
2069 2387 2227 2436 vasa
2282 2363 2594 2434 deferen-

71 2455 224 2526 tibus
268 2471 331 2528 et
366 2458 702 2528 adversus
743 2458 1078 2528 secularia
1122 2458 1460 2527 desideria
1513 2456 1894 2543 mundique
1938 2454 2272 2545 procellas
2304 2454 2588 2523 assiduo

67 2541 466 2617 luctantibus
516 2558 815 2635 optatam
869 2569 905 2615 e
953 2547 1140 2617 coelo
1198 2546 1471 2617 tandem
1520 2545 1826 2614 illuxisse
1879 2566 2331 2634 cynosuram,
2386 2565 2585 2630 quae,

69 2628 301 2704 lumine
351 2656 713 2722 nunquam
759 2635 1098 2715 defuturO,
1159 2657 1438 2705 securos
1490 2635 1725 2704 beatae
1768 2633 1922 2702 Sion
1971 2648 2203 2722 portus
2251 2646 2314 2701 et
2367 2654 2593 2701 exem-

69 2734 226 2818 ptam
261 2725 347 2794 ab
387 2723 583 2793 omni
617 2746 1107 2792 aerumnarum
1152 2725 1514 2809 fluxaeque
1568 2723 1742 2790 vitae
1792 2721 2118 2811 periculis
2169 2722 2464 2808 quietem
2523 2720 2589 2788 in

68 2829 202 2880 stnu
237 2813 659 2883 aeternitatis
691 2812 1131 2882 demonstret.
1188 2812 1587 2882 Gaudemus
1636 2832 2043 2900 generosum
2087 2811 2328 2880 Christi
2374 2809 2591 2880 athle-

71 2908 181 2965 tam
232 2901 492 2970 mundo
540 2913 843 2980 exutum,
884 2900 1163 2988 soloque
1214 2905 1344 2970 Deo
1392 2911 1763 2979 armatum,
1802 2921 1840 2968 e
1885 2899 2129 2968 castris
2170 2921 2247 2967 ac
2286 2900 2592 2968 tentoriis

73 2986 400 3076 religiosae
437 2989 920 3059 Theatinorum
978 2988 1279 3059 familiae
1327 2990 1393 3058 in
1431 3009 1708 3057 arenam
1772 2987 2147 3077 prodiisse,
2196 2988 2593 3074 bonumque

75 3089 380 3148 certamen
426 3090 744 3158 certasse,
783 3099 985 3165 quem
1022 3078 1325 3165 quidem,
1363 3078 1745 3147 sanctitatis
1775 3076 2051 3145 odorem
2091 3074 2290 3163 longe
2329 3077 2592 3162 lateque

71 3163 496 3247 exhalantem,
531 3167 1030 3254 probatumque
1066 3167 1374 3236 heroicae
1403 3166 1673 3235 virtutis
1706 3163 2163 3242 documentiS,
2189 3165 2447 3251 gloriae
2479 3185 2592 3232 co-

77 3257 218 3348 rona
263 3255 665 3326 donandum
713 3255 991 3344 provida
1047 3260 1367 3325 Aeternae
1423 3255 1666 3325 Mentis
1710 3251 1998 3322 consilia
2041 3252 2292 3320 nostris
2336 3264 2594 3339 tempo-

76 3340 242 3438 ribus
279 3356 719 3414 reservarent.
774 3343 1170 3414 Gaudemus
1205 3344 1513 3424 demum,
1555 3344 1643 3413 ita
1682 3340 2195 3431 postulantibus
2234 3340 2491 3410 meritis
2533 3352 2596 3408 et

75 3433 401 3524 miraculis
430 3432 688 3520 quibus
733 3432 1078 3513 inclaruit,
1127 3432 1453 3502 coelestes
1502 3433 1569 3500 in
1615 3431 1812 3500 terris
1854 3442 2247 3499 sanctorum
2304 3427 2595 3496 honores

76 3514 589 3600 illidecernere·,
638 3521 758 3608 qui
812 3523 985 3589 mira
1034 3521 1422 3590 humilitate
1472 3519 1883 3608 contempsit
1940 3519 2303 3586 humanos.
2359 3514 2596 3585 Audite

76 3623 212 3692 ergo
259 3610 489 3700 populi
542 3609 753 3679 Israel
802 3622 866 3679 et
915 3610 1189 3680 laudate
1226 3609 1589 3680 Dominum
1628 3608 1694 3676 in
1732 3608 1905 3677 atrio
1938 3619 2175 3676 sancto
2208 3605 2379 3694 ejus.

148 3696 180 3780 ἓ
227 3702 310 3766 2.
363 3699 662 3767 Andreas
697 3698 947 3784 itaque,
987 3700 1052 3766 in
1089 3713 1338 3769 sortem
1386 3697 1653 3766 Domini
1693 3719 1913 3783 usque
1956 3696 2040 3764 ab
2076 3696 2353 3763 ineunte
2385 3706 2597 3761 aetate

80 3795 351 3866 vocatus,
394 3786 578 3877 apud
634 3791 1200 3856 castrumnovum
1265 3787 1331 3855 in
1377 3807 1589 3875 regno
1637 3785 2102 3873 Neapolitano,
2152 3788 2597 3869 Lucanaeque

8 3958 9 3961 Ἴ
84 3872 437 3951 provinciae
471 3875 834 3963 oppidum,
870 3899 1055 3944 anno
1084 3898 1297 3955 unxxt,
1337 3898 1373 3943 a
1412 3880 1677 3943 Joanne
1709 3872 2010 3942 Avellino
2037 3887 2101 3941 et
2137 3871 2496 3960 Margarita
2524 3878 2600 3938 Α-

85 3955 232 4040 pella
251 3962 684 4053 conjugibuS,
707 3965 1125 4053 optimisque
1149 3963 1575 4065 parentibuS,
1605 3984 1768 4032 suae
1793 3959 2222 4030 mortalitatis
2242 3958 2442 4028 exord
2460 3960 2599 4027 ium

6 4100 9 4109 ,
88 4051 399 4137 suscepit,
453 4066 656 4138 atque
705 4052 873 4121 lnibi
924 4052 1324 4121 christianis
1363 4051 1673 4120 moribus
1712 4063 1776 4119 et
1829 4049 2071 4138 primis
2112 4047 2601 4138 grammaticae

6 4182 7 4219 3
89 4133 468 4211 rudimentis
517 4142 604 4208 ab
656 4143 804 4229 ejus
849 4156 1086 4230 patruo
1136 4139 1441 4229 ejusdem
1498 4139 1626 4208 loci
1663 4136 2256 4292 archipresthero
2292 4137 2603 4206 imbutus

6 4302 7 4305 Ἴ
92 4221 496 4321 sublimiores
546 4229 861 4299 scientias
909 4229 1072 4298 alibi
1109 4242 1580 4308 assecuturus,
1644 4239 1923 4315 paterna
1967 4247 2003 4293 c
2090 4227 2250 4293 ‘omo
2304 4246 2376 4294 sc
2407 4222 2604 4292 abdi-

91 4326 267 4393 cav1t3
305 4316 614 4384 scientiis
650 4317 1037 4404 hujusmodi
1071 4317 1547 4403 assequendis,
1592 4336 1947 4400 nunquam
1982 4312 2259 4381 illarum
2298 4313 2598 4386 initium,

97 4400 243 4479 quod
281 4406 385 4472 Dei
424 4403 631 4473 timor
657 4420 774 4485 est,
805 4406 872 4474 in
903 4406 1123 4476 oculis
1153 4405 1402 4474 habere
1433 4404 1913 4495 praetermisit,
1950 4400 2253 4486 tantique
2281 4400 2602 4492 principii
