2993 4837
74 315 212 380 Nov.
262 315 336 377 20
684 333 760 378 mi:
808 333 861 378 s.
918 331 1264 378 nnnwAnno
1312 332 1409 377 se.
1462 332 1854 378 nthsslsNffl
2320 316 2447 379 6t5

70 417 188 486 aliis
231 415 838 489 innumerabilibus
887 415 1055 486 locis
1102 415 1334 485 decem
1391 438 1670 485 mansos
1719 415 1816 484 vel
1868 427 2040 498 oct0,
2094 427 2213 485 aut
2274 418 2530 499 mium,

68 519 158 577 aut
198 504 360 594 plus,
400 518 598 594 prout
642 526 850 575 causa
891 503 1254 586 acciderat,
1293 502 1651 574 conferret.
1690 504 1982 591 Antiqua
2023 526 2320 592 namque
2362 504 2531 587 loca,

65 594 129 662 ab
156 594 674 664 antecessoribus
715 593 860 663 suis
896 615 1231 684 possessa,
1274 614 1450 681 quae
1500 592 1614 663 ille
1660 592 1922 663 inculta
1954 594 2226 684 reperit,
2258 594 2537 685 optimis

65 682 348 753 aedificiis
377 683 817 753 collustravit.
854 682 1226 752 Ecclesiam
1279 703 1554 769 quoque
1601 703 1796 751 suam
1850 682 2024 751 miro
2072 682 2301 752 studio
2336 682 2539 752 deco-

65 794 181 840 rare
223 770 522 842 ardenter
569 771 890 841 instabat.
957 771 1147 841 Unde
1207 771 1542 858 exquisita
1601 782 1734 839 tam
1802 770 2033 840 lucida
2080 772 2350 861 pictura
2400 783 2535 840 tant

62 860 328 949 parietes,
379 882 582 947 quam
636 859 984 946 laquearia
1039 860 1432 940 exornabat,
1467 869 1545 929 ut
1599 866 1694 928 ex'
1728 861 1934 929 veteri
1985 881 2226 929 novam
2286 859 2534 929 factam

60 962 315 1038 putares.
357 949 534 1019 Fecit
579 960 644 1019 et
689 948 773 1018 ad
826 949 1197 1019 solemnem
1255 948 1758 1038 processionem
1812 948 1878 1015 in
1926 950 2314 1038 praecipuis
2347 948 2538 1019 festis

60 1037 410 1127 Evangelia,
464 1059 633 1108 auro
692 1050 757 1107 et
812 1039 1103 1129 gemmis
1151 1037 1588 1107 clarissima:
1643 1036 2194 1126 thymiamateria
2265 1060 2538 1126 quoque

60 1127 222 1214 pretii
272 1139 330 1196 et
386 1149 493 1196 ma
551 1127 735 1197 nifici
788 1126 1133 1217 ponderis.
1201 1125 1457 1196 Calices
1507 1124 1962 1194 nihilominus
2010 1126 2266 1216 plures,
2315 1150 2533 1196 unum

59 1235 119 1281 ex
158 1216 423 1303 onyche,
467 1238 503 1285 a
544 1230 758 1285 terum
814 1236 968 1285 vero
1014 1214 1488 1304 crystallinum
1536 1215 1707 1283 mira
1748 1214 2089 1283 industria
2122 1216 2534 1304 composuit.

63 1304 337 1373 Coronam
387 1326 660 1392 quoque
708 1327 874 1374 auro
913 1317 1328 1395 argentoque
1369 1303 1748 1373 radiantem
1786 1303 2001 1372 mirae
2034 1304 2537 1395 magnitudinis

62 1388 113 1457 in
153 1391 303 1461 facie
350 1394 587 1485 templi
622 1393 1004 1483 suspendit:
1058 1392 1535 1479 civitatemque
1582 1414 1781 1462 muro
1815 1414 1893 1461 ac
1927 1393 2233 1464 turribus
2265 1392 2537 1463 munire

60 1478 372 1577 inchoavit.
398 1487 680 1552 Parvam
718 1483 918 1551 etiam
954 1481 1311 1552 ecclesiam
1349 1480 1542 1550 valde
1577 1480 2008 1572 splendidam
2041 1494 2228 1551 extra
2258 1504 2533 1551 murum

57 1588 110 1635 tn
152 1569 385 1639 honore
435 1571 744 1641 vivificae
787 1572 1019 1640 Crucis
1065 1570 1378 1650 extruxit,
1414 1569 1615 1659 cujus
1646 1570 1849 1639 etiam
1888 1569 2192 1656 aliquam
2246 1583 2531 1661 partem,

56 1654 337 1747 largiente
370 1659 654 1730 domino
703 1660 894 1729 tertio
943 1661 1205 1730 Othone
1252 1663 1555 1748 Augusto
1602 1663 2046 1749 Imperatore,
2094 1658 2347 1728 ibidem
2401 1659 2537 1729 cla-

56 1744 304 1819 rissimis
336 1750 629 1849 gemmis
669 1771 973 1835 auroque
1010 1748 1381 1838 purissimo
1416 1747 1755 1817 inclusam
1793 1748 2139 1817 condidit:
2178 1749 2298 1818 ubi
2331 1748 2534 1817 etiam

55 1831 248 1905 divina
293 1850 506 1926 pietas
540 1836 837 1926 plurima
870 1838 1223 1928 signorum
1278 1835 1613 1906 miracula
1666 1858 1784 1926 per
1815 1838 2128 1906 virtutem
2183 1841 2245 1906 S.
2304 1837 2538 1908 Crucis

54 1925 324 1994 ostendit.
386 1931 460 1994 Et
512 1948 670 1995 cum
725 1926 1129 1995 venerabilis
1186 1925 1483 2015 pontifex
1556 1925 1959 1995 Berwardus
2032 1926 2294 1995 thecam
2369 1947 2537 1995 auro

55 2015 433 2102 gemmisque
485 2014 992 2096 lautissimam,
1054 2014 1121 2082 in
1172 2035 1304 2100 qua
1368 2013 1714 2083 vivificum
1791 2014 2058 2105 lignum
2127 2015 2531 2096 includeret,

56 2113 299 2186 pararet,
344 2125 421 2171 ac
487 2124 649 2173 cum
710 2103 927 2172 tribus
976 2102 1328 2193 particulis
1377 2103 1594 2172 sancti
1654 2103 1822 2192 ligni
1886 2115 2226 2190 quartam,
2281 2104 2340 2171 si
2389 2103 2538 2171 fieri

62 2205 260 2272 posset,
293 2192 604 2261 excidere
651 2205 958 2271 tentaret,
1014 2204 1087 2261 ut
1140 2215 1261 2281 per
1298 2190 1609 2281 singulas
1657 2191 1933 2280 apsides
1983 2192 2327 2283 portiones
2374 2213 2539 2261 con-

65 2273 225 2361 deret,
261 2303 377 2351 nec
413 2280 787 2371 gracilitaS‚
828 2302 949 2349 nec
1001 2282 1296 2369 parvitas
1344 2301 1783 2367 quacumque
1815 2302 1892 2348 ex
1927 2303 2130 2377 causa
2169 2280 2536 2349 sectionem

65 2362 409 2452 admitteret,
446 2392 605 2440 ecce
653 2370 878 2440 subito
911 2370 1087 2439 inter
1121 2391 1366 2438 manus
1399 2370 1549 2459 ejus
1578 2381 1820 2457 quarta
1859 2369 2193 2459 particula
2225 2368 2534 2458 ejusdem

62 2460 451 2528 sacratissimi
506 2458 704 2549 ligni,
748 2459 1090 2549 AngelicO,
1130 2469 1203 2527 ut
1249 2459 1574 2540 creditur,
1623 2459 2003 2528 ministerio
2051 2458 2269 2527 delata
2323 2481 2538 2548 appa-

58 2543 182 2612 ruit.
230 2552 368 2617 Mox
429 2548 643 2640 igitur
692 2548 907 2618 laetus
979 2546 1250 2647 praesul
1287 2602 1301 2628 ‚
1357 2546 1620 2636 lignum
1694 2560 2007 2617 sanctum
2067 2569 2186 2637 per
2245 2560 2541 2633 quatuor

54 2632 282 2717 apsides
329 2636 615 2725 paravit.
671 2640 721 2705 Ο
768 2649 1005 2723 quanti
1061 2634 1221 2703 inde
1271 2648 1601 2724 potante3‚
1656 2637 1969 2707 ardorem
2025 2635 2539 2705 vehementissi-

53 2738 173 2788 mae
214 2722 415 2794 sebris
456 2724 737 2814 saepius
788 2725 1031 2793 virtute
1072 2735 1345 2794 sanctae
1376 2725 1606 2792 Crucis
1648 2726 2144 2795 restinxerunt!
2203 2725 2540 2794 Multoties

53 2827 281 2904 quoquc
307 2815 615 2884 obortam
647 2813 825 2882 ae'ris
854 2812 1338 2901 inaequalitate
1376 2812 1822 2900 pestilentiam
1855 2814 2091 2884 fideles
2118 2815 2242 2883 hoc
2277 2813 2541 2882 vivifico

53 2891 203 2985 ligno
247 2922 313 2970 se
377 2925 643 2989 suaque
694 2902 1063 2972 lustrantes
1112 2901 1565 2971 sedaverunt:
1630 2901 1981 2990 multaque
2037 2904 2282 2972 virtute
2331 2903 2542 2993 hujus

53 2989 427 3060 sanctissimi
482 2991 819 3081 triumphi
868 2991 1045 3061 fiunt
1091 2990 1491 3079 quotidiana
1541 2990 1864 3058 remedia.

117 3076 146 3160 ἕ
187 3079 262 3148 S.
317 3081 799 3150 Monasterium
843 3102 1117 3166 quoque
1169 3080 1234 3148 in
1289 3078 1798 3168 septentrionali
1842 3093 2029 3169 parte
2076 3079 2368 3149 civitatis
2399 3079 2541 3149 Hil-

53 3159 453 3258 desemensis‚
494 3170 564 3237 in
609 3168 755 3239 loco
801 3170 1097 3255 quodam
1152 3168 1491 3256 squalido,
1538 3190 1615 3237 ac
1665 3167 1826 3236 seris
1858 3181 1921 3236 et
1953 3168 2174 3237 brutis
2223 3170 2543 3237 animan—

53 3248 202 3321 tibus
244 3270 577 3348 coaptem,
618 3269 751 3326 tota
802 3257 1155 3327 devotione
1189 3268 1252 3325 et
1299 3269 1636 3347 apparatu
1684 3256 1950 3325 decenti
1999 3257 2318 3326 instituit:
2357 3256 2540 3344 quod

53 3342 310 3423 praediis
359 3345 866 3415 sufficientibus
916 3345 1248 3427 dotatum,
1303 3345 1679 3414 coenobitis
1728 3350 1859 3415 Deo
1897 3344 2398 3416 famulantibus
2447 3344 2543 3414 ibi

53 3427 312 3501 collectis
379 3434 739 3525 delegavit.
788 3439 864 3502 In
917 3436 1118 3525 cujus
1166 3446 1401 3523 crypta
1451 3432 1779 3503 ecclesiae
1829 3433 2177 3524 sexaginta
2228 3457 2343 3503 sex
2391 3456 2542 3503 cor-

53 3534 181 3610 pora
229 3523 700 3610 reliquiarum,
741 3522 949 3612 digna
1002 3524 1429 3592 veneratione
1470 3523 1558 3591 ab
1589 3545 1668 3591 eo
1716 3522 1989 3592 condita
2034 3535 2217 3592 sunt.
2257 3528 2335 3592 Et
2381 3544 2540 3592 cum

53 3621 155 3680 lam
194 3612 513 3680 transitus
541 3611 646 3680 sui
687 3611 896 3693 diem,
936 3634 1137 3699 quem
1176 3634 1445 3700 semper
1475 3622 1844 3702 optaverat,
1884 3611 2245 3680 imminere
2280 3610 2543 3700 praevi-

54 3689 223 3776 ieret,
264 3700 644 3789 cappellam
686 3701 863 3768 inter
895 3700 1218 3770 sacellum
1285 3705 1348 3768 S.
1396 3701 1632 3770 Crucis
1680 3711 1744 3769 et
1793 3700 2283 3769 monasterium
2337 3723 2540 3769 suum

54 3798 520 3868 <tonstructam,
571 3788 636 3856 in
692 3788 1014 3858 honorem
1071 3793 1135 3858 S.
1198 3787 1463 3856 Martini
1535 3788 1838 3857 dedicari
1890 3788 2089 3868 fecit,
2153 3788 2546 3876 ibidemque

53 3888 146 3953 oro
188 3891 553 3965 augmento
593 3876 941 3966 religionis
992 3878 1141 3967 ipso
1180 3876 1290 3945 die
1338 3876 1651 3946 habitum
1699 3877 1989 3967 priorem
2044 3891 2343 3959 mutans,
2403 3899 2546 3945 mo-

53 3963 311 4058 nasticae
371 3964 815 4052 professionis
864 3966 1111 4056 jugum
1181 3966 1505 4055 suscepit.
1547 3972 1791 4034 Tactus
1847 3965 2093 4035 deinde
2148 3966 2546 4035 infirmitate

53 4044 275 4132 ultima,
312 4054 396 4121 ad
440 4053 752 4122 eamdem
805 4054 1186 4144 cappellam
1225 4076 1296 4124 se
1344 4054 1504 4123 ferri
1551 4055 1916 4143 praecepit,
1949 4054 2217 4142 justum
2257 4076 2403 4124 esse
2434 4077 2545 4124 as-

53 4151 246 4230 serens
280 4141 535 4210 ibidem
591 4142 762 4211 vitae
797 4144 1162 4211 terminum
1217 4143 1471 4224 sortiri,
1525 4144 1646 4212 ubi
1705 4143 2036 4214 secularis
2088 4144 2546 4213 abrenuncia-

53 4226 219 4296 tionis
258 4228 502 4301 habitu
551 4253 620 4300 se.
669 4232 1066 4320 contigisset
1117 4231 1462 4319 insigniri.
1504 4231 1611 4300 Sic
1637 4232 1875 4318 ’itaque
1927 4232 2025 4299 vir
2077 4234 2184 4301 Dei
2239 4232 2546 4301 beatissi-

53 4328 197 4392 mus,
235 4316 503 4388 diutina
551 4320 855 4410 corporis
906 4319 1213 4389 molestia
1264 4320 1489 4401 trituS,
1542 4320 1796 4389 bonum
1854 4335 2192 4390 certamen
2247 4336 2538 4400 certans,

53 4415 293 4474 cursum
346 4430 866 4489 consummans,
924 4408 1124 4477 fidem
1183 4431 1484 4490 servam,
1529 4409 1883 4498 ingressus
1946 4410 2119 4479 viam
2190 4411 2547 4481 universae
