2993 4837
64 2851 67 2878 l

64 3001 71 3122 ⁴⁴qr-——r

106 335 243 400 NOV.
294 338 334 399 ’2
938 354 1014 399 ne
1061 354 1385 400 moninus
1435 353 1780 399 namneus
2456 338 2525 400 5⁴

104 460 241 522 quae
287 450 638 527 perstant,
686 444 989 524 quaeque
1037 438 1434 527 contingere
1488 449 1798 526 possunt,
1845 449 1912 505 et
1966 459 2141 523 quae
2187 438 2406 525 palam
2460 439 2627 506 exti-

109 540 318 619 terunt.
373 527 811 608 (minimum,
865 539 938 595 ut
982 532 1281 596 Joannes
1335 527 1863 615 chrysostomus
1898 527 2037 595 ait:
2091 532 2230 595 Non
2281 550 2385 595 eos
2433 529 2627 595 clunz-

108 626 292 695 twat,
329 639 498 705 quos
535 614 650 683 hic
682 617 999 695 novimus,
1038 616 1153 685 sed
1186 625 1246 684 et
1283 618 1435 684 illos
1475 638 1639 706 quos
1687 638 2032 705 nunquam
2065 617 2380 694 vidimuS,
2424 639 2624 704 aquo‘

111 727 346 773 scemus.
398 710 537 772 ,Nec
586 706 759 772 enim
805 705 1143 773 Abraham
1190 705 1424 773 vidisti
1465 727 1793 794 unquam,
1832 728 1947 773 nec
1996 709 2213 782 Isaac,
2250 728 2365 772 nec
2395 706 2622 784 Jacob,

116 816 208 861 nec
238 792 694 871 Patr-inretitis,
748 815 862 861 nee
910 792 1293 882 Prophetas,
1337 815 1451 861 nec
1482 795 1850 882 ApostoloS,
1889 816 2003 861 nec
2051 798 2425 883 Martyres:
2466 816 2627 882 quos

117 894 303 950 tamen
346 885 413 950 in
459 883 777 971 yenerali
820 885 939 950 illo
988 892 1048 950 et
1097 883 1432 951 tremendo
1480 892 1667 950 coetu
1706 904 1855 948 cum
1898 883 2277 971 conspicies,
2323 884 2628 970 protinus

117 994 416 1060 aquosees,
454 982 520 1039 et
556 971 775 1039 dices:
824 975 923 1039 En
968 971 1333 1050 Abraham,
1388 981 1448 1039 et
1499 975 1715 1050 Isaac,
1752 979 1812 1037 et
1859 972 2059 1039 Jacob
2107 981 2169 1038 ct
2218 973 2467 1060 reliqui
2505 976 2627 1039 Pa·

120 1060 445 1128 erim-eltae.
482 1058 777 1127 Basilius
804 1058 988 1135 item,
1021 1059 1413 1128 divinarum
1468 1080 1695 1127 rerum
1750 1059 2232 1145 peritissimuS‚
2269 1057 2350 1126 ad
2389 1080 2629 1139 avaros

117 1148 453 1216 orationem
508 1146 822 1216 habens:
869 1152 1012 1216 Non
1061 1149 1202 1226 tibi,
1264 1147 1511 1233 inquit,
1568 1147 1822 1217 Christi
1865 1148 2164 1216 tribunal
2211 1158 2364 1216 ante
2410 1151 2628 1216 ocutos

122 1237 336 1323 mnes?
379 1259 530 1303 cum
584 1237 696 1303 illi
737 1260 899 1325 quos
946 1237 1205 1326 injuria
1245 1237 1569 1325 affeceriS,
1625 1236 1921 1324 undique
1970 1246 2031 1303 te
2069 1238 2355 1324 cinyent,
2395 1247 2454 1304 et
2487 1239 2629 1304 cla-

126 1327 369 1393 moribus
413 1327 866 1414 insequentur.
921 1330 1092 1392 [tam
1140 1348 1553 1414 quoe-umque
1612 1326 1889 1392 verteris
1948 1328 2170 1393 oeulos
2207 1379 2221 1403 ,
2271 1327 2628 1415 perspicua

123 1416 401 1481 scelerum
447 1415 820 1482 simulacra
870 1437 1111 1483 cernes.
1178 1416 1350 1482 Hinc
1392 1414 1725 1504 pupillos„
1776 1415 1967 1481 illine
2021 1414 2287 1492 vidua-3,
2351 1414 2628 1482 aliunde

124 1524 405 1592 pauperes
436 1525 601 1592 quos
632 1505 808 1571 male
839 1504 1171 1583 multasti,
1209 1504 1505 1590 famulos
1536 1525 1698 1592 quos
1728 1501 1968 1592 slaqris
2004 1504 2342 1581 lacera-sti,
2379 1505 2629 1571 vicinos

127 1613 362 1678 quorum
396 1594 654 1659 animos
700 1592 1051 1680 offendisti,
1091 1602 1211 1659 ete.

195 1680 367 1764 §1ss
396 1679 591 1761 Quali
621 1694 845 1749 autem
881 1679 1139 1769 pudore
1169 1679 1426 1766 alioqui
1456 1678 1764 1749 suffundi
1791 1680 2099 1768 probrosi
2129 1694 2468 1769 poterunt.
2496 1680 2624 1749 nisi

131 1768 434 1855 conspicui
479 1768 808 1838 omnibus
839 1768 1053 1837 fiant?
1091 1774 1280 1837 Tunc
1305 1770 1487 1837 enim
1524 1768 1752 1858 gravis
1790 1780 1853 1837 et
1884 1769 2224 1838 maximus
2251 1781 2350 1837 est
2381 1767 2623 1858 pudor,

134 1875 260 1922 cum
300 1857 635 1944 quispiam
690 1857 896 1926 simul
949 1858 1259 1947 agnoscit
1306 1871 1370 1926 et
1417 1856 1836 1947 agnoscitur.
1879 1858 2206 1944 Quisquis
2251 1852 2432 1925 enim
2476 1878 2626 1925 eru·

142 1942 329 2023 nescit,
359 1944 438 2013 ab
476 1946 559 2013 iis
585 1944 706 2031 qui
742 1967 812 2013 se
843 1959 1181 2015 noverunt
1217 1946 1583 2015 erubescit.
1620 1946 1792 2027 Quia
1828 1945 1963 2025 ille,
2002 1947 2120 2032 qui
2153 1946 2331 2015 inter
2365 1946 2378 2011 i
2438 1958 2631 2016 notos

146 2032 368 2119 ignotus
414 2049 743 2113 versatur,
799 2036 902 2102 vix
950 2034 1348 2103 erubescere
1393 2034 1629 2122 possit,
1682 2033 1848 2101 dum
1890 2034 2270 2133 ignominia
2305 1969 2622 2102 aflicitur.

150 2119 294 2201 Quod
340 2122 557 2208 itaque
597 2144 712 2191 vos
758 2144 997 2190 omnes
1049 2136 1286 2191 mutuo
1336 2143 1583 2192 sumus
1631 2123 1933 2209 agnituri
1967 2177 1982 2202 ,
2038 2122 2163 2191 lioc
2210 2137 2392 2190 extra
2426 2123 2629 2192 dubi-

160 2206 408 2277 tationem
456 2224 519 2279 et
566 2211 1096 2313 controversi*
1152 2233 1434 2300 prorsus
1482 2224 1606 2280 est.
1651 2216 1977 2297 Tuncque
2009 2217 2175 2279 aneo
2208 2210 2631 2296 quicumque

162 2292 443 2367 inhoneste
497 2299 922 2387 turpiterque
966 2301 1275 2379 vixerint,
1321 2312 1478 2367 ante
1516 2312 1923 2368 cunctorum
1973 2298 2210 2368 oculos
2251 2320 2630 2387 coarguen-

158 2394 260 2452 ιω.
288 2385 449 2457 Eheu
480 2410 643 2477 ergo
683 2388 1007 2458 omnibus
1039 2391 1158 2475 qui
1192 2388 1323 2458 mei
1364 2387 1627 2457 similes
1656 2392 1899 2457 eruntl
1937 2393 2034 2467 Et,
2070 2401 2147 2457 ut
2180 2392 2247 2456 B.
2293 2389 2625 2477 Epliraem

156 2472 330 2544 verbis
378 2489 570 2556 utar,
642 2497 763 2545 vae
827 2476 964 2546 illis
1022 2479 1141 2564 qui
1203 2478 1552 2546 sinistram
1608 2493 1865 2566 partem
1923 2478 2332 2546 sortienturl
2388 2482 2628 2545 Contra

156 2559 297 2629 beati
323 2584 387 2632 ac
427 2586 699 2634 summe
748 2565 947 2645 beati,
986 2588 1161 2652 quos
1193 2588 1231 2633 a
1271 2566 1526 2635 dextris
1580 2566 1910 2636 Dominus
1942 2565 2328 2644 collocabit,
2376 2567 2631 2653 quique

156 2645 512 2722 benedictam
583 2675 812 2722 vocem
876 2655 1202 2724 audient:
1268 2676 1475 2742 quam
1550 2655 1747 2724 nobis
1806 2656 2132 2724 omnibus
2190 2657 2307 2755 qui
2379 2668 2626 2724 rectam

62 2749 75 2770 ’·
158 2733 317 2806 fldem
359 2742 792 2821 servavimus,
834 2742 1066 2812 divino
1118 2764 1400 2812 munere
1432 2743 1787 2832 contingat
1835 2743 2098 2825 audire,
2154 2745 2630 2830 universisque

164 2821 269 2894 tlbs
292 2826 462 2898 bonis
508 2829 804 2918 impleri,
848 2853 1139 2917 quorum
1198 2832 1733 2921 pulcritudinem
1782 2853 1902 2900 nec
1961 2832 2348 2901 mortalium
2394 2832 2633 2901 oculos

172 2911 310 2996 adn,
346 2940 460 2988 nec
506 2941 713 2989 aures
756 2920 1028 3008 penitus
1058 2920 1451 2999 audierunt,
1495 2942 1618 2989 nec
1670 2942 1862 2989 mens
1896 2920 2178 2990 omnino
2224 2921 2632 3009 cogitatione

168 3004 440 3103 wptexa
489 3022 616 3077 est.
673 3013 772 3076 Ita
820 3008 960 3088 fiat,
1020 3011 1320 3088 Domine,
1378 3010 1552 3078 vitae
1614 3009 1928 3098 largitor,
2000 3009 2454 3078 intercedente
2506 3029 2632 3097 pu-

166 3107 372 3193 matina
404 3101 608 3166 Matre
642 3111 781 3173 tua.
820 3120 957 3166 una
993 3120 1150 3167 cum
1189 3099 1612 3188 incorporeis
1652 3097 2191 3183 venerandisque
2224 3096 2634 3166 coelestibus

162 3182 470 3275 mentibus,
506 3200 571 3253 et
601 3185 870 3255 cunctis
920 3187 1197 3266 sanctis,
1244 3188 1360 3273 qui
1398 3187 1606 3257 simul
1643 3209 1883 3256 omnes
1920 3188 2064 3266 tibi,
2103 3208 2143 3254 o
2184 3186 2474 3254 Verbum
2516 3190 2632 3253 Pa-

162 3278 276 3347 tris,
309 3270 383 3338 ab
412 3273 571 3341 orbe
608 3274 882 3344 condito
927 3276 1354 3364 placuerunt.
1394 3282 1627 3344 Amen.
