2993 4837
2907 116 2914 289 l

469 312 635 382 940*
1168 332 1696 381 nanrrnocociun
1758 329 2194 378 tccusrnuuu
2641 310 2764 376 GU.
2791 312 2840 377 Β

381 415 695 477 immutari
756 415 878 492 jam
940 414 1355 493 praesignatas
1399 416 1471 478 ad
1528 416 1656 477 tha·
1710 429 1912 493 supra.
1946 411 2218 486 Quarum
2247 425 2500 490 corpora
2541 408 2652 473 loco
2685 408 2844 488 qne·

381 493 1654 572 lamumSponsiaeterniconfidit,dilatum
1711 494 2007 564 ciderant,
2058 491 2365 563 derelicta,
2413 505 2637 552 summo
2681 490 2836 579 n*

379 575 721 652 praemium
760 590 869 652 per
896 582 1122 636 mortes
1155 590 1395 654 asperas
1434 576 1657 639 accele-
1711 574 2115 636 observantur
2153 571 2381 645 studio,
2429 586 2509 633 ne
2552 566 2834 660 chriam!

379 654 573 716 raudo
605 655 952 730 virginibus
978 656 1164 715 sacris
1188 654 1460 716 adducit.
1493 654 1657 717 ldeo·
1712 653 2199 716 emolumentum
2243 648 2830 729 patrocinationis*

377 749 495 810 que
536 740 877 795 sanctarum
905 733 1235 811 virginum
1281 750 1522 796 causam
1566 737 1656 796 in·
1711 749 1810 795 eas
1829 724 2840 883 surriperentetreconderenael·

377 813 594 874 stantia
651 813 982 876 satellitum
1036 829 1287 876 suorum
1344 815 1658 877 Praefecto
1714 821 1920 876 tamen
1961 810 2122 892 quod
2169 811 2266 872 illa
2323 809 2642 888 virginalia
2827 864 2840 873 .

380 891 550 953 urbis
592 894 883 964 insinuat,
928 896 1028 971 qui
1074 895 1236 955 illico
1275 896 1404 955 suis
1443 910 1545 957 eas
1573 911 1657 955 as·
1717 894 1778 955 in
1824 894 1977 965 loco,
2021 907 2142 971 quo
2195 891 2272 951 ab
2329 889 2594 951 ethnicis
2635 904 2662 950 a
2703 891 2712 899 ‘

378 973 592 1034 sistere
653 972 966 1035 obtutibus
1028 974 1223 1053 jubet.
1285 972 1441 1045 Quas
1502 990 1654 1036 vana
1714 973 1888 1035 bibus
1916 974 2111 1050 magis
2136 970 2490 1034 abscondita
2525 984 2686 1046 quam
2911 1002 2914 1083 Ι

382 1054 789 1129 promissione
837 1068 1171 1116 munerum
1231 1052 1462 1115 illicere
1527 1061 1657 1115 ten·
1711 1064 1880 1126 sunt,
1929 1053 2121 1131 signis
2166 1059 2229 1113 et
2279 1049 2591 1112 miraculis
2674 1127 2683 1136 -
2747 1127 2756 1138 .

386 1139 541 1203 tans,
584 1148 652 1193 ac
704 1133 957 1210 perinde
1005 1134 1079 1196 de
1127 1148 1340 1196 rerum
1373 1134 1560 1211 copiis
1600 1143 1660 1196 et
1714 1142 1777 1196 et
1807 1133 2064 1210 gloriam
2092 1132 2394 1194 emeritae
2423 1126 2647 1190 consola

382 1211 856 1273 clarissimorum
883 1213 1185 1289 juvenum
1207 1213 1532 1275 connubiis
1559 1214 1659 1275 ad·
1717 1220 1916 1275 tutum
1960 1212 2282 1274 efficientia
2331 1219 2460 1273 tam
2494 1206 2846 1285 fidelibus*
2911 1226 2914 1231 ·

382 1290 687 1364 hortatur,
718 1291 767 1352 si
812 1292 887 1354 ab
929 1293 1038 1354 hac
1080 1292 1381 1371 religione
1424 1291 1656 1355 Christi
1716 1291 2048 1371 gentilibus
2095 1298 2432 1354 ostentant.
2467 1314 2491 1343 ι»
2911 1312 2914 1325 ⁴

382 1373 622 1431 animos
676 1381 1052 1449 avocassent,
1118 1372 1382 1451 propriis
1449 1375 1660 1451 utique
2911 1390 2914 1401 ¹

386 1449 689 1511 natalibus
719 1451 1004 1525 redditae,
1040 1454 1288 1530 insuper
1318 1451 1656 1515 multarum
1833 1450 1894 1513 S.
1940 1449 2291 1514 CORDULA
2323 1451 2522 1513 Vmeo
2561 1467 2628 1511 m·
2654 1447 2790 1509 Hm.
2911 1440 2914 1487 Ἰ

385 1529 742 1591 divitiarum
798 1530 1117 1594 affluentia
1172 1533 1541 1594 ditarentur.
1596 1531 1656 1594 Si
2014 1560 2210 1619 passa
2238 1563 2330 1618 est
2361 1574 2531 1620 anm,
2558 1555 2676 1619 45¹·

384 1625 529 1670 vero
592 1612 978 1685 pertinaciori
1039 1612 1256 1689 spiritu
1313 1611 1662 1673 consultum

385 1689 685 1750 Praesidis
714 1690 1188 1765 conculcassent,
1225 1692 1289 1752 in
1325 1692 1541 1753 ultimo
1564 1692 1662 1752 die
1797 1691 2152 1753 Manrvnoc.
2186 1726 2265 1737 --
2297 1691 2478 1770 Apud
2510 1688 2854 1751 Coloniam*
2911 1722 2914 1753 ε

384 1770 819 1831 excruciationi
868 1777 1320 1833 tormentorum
1362 1770 1660 1842 addictae,
1718 1778 1848 1835 ctae
1879 1769 2227 1845 Gonoussa,
2256 1787 2420 1848 quae
2451 1786 2567 1833 una
2593 1761 2854 1830 exseffl
2911 1756 2914 1851 ξ

384 1849 458 1911 ad
491 1847 783 1910 ultimum
807 1849 1011 1925 gladio
1034 1851 1276 1913 vindice
1305 1852 1661 1912 interirent.
1718 1858 1959 1914 sanctae
2002 1850 2314 1923 Unsucas,
2366 1866 2508 1912 cum
2547 1850 2762 1911 aliarum

384 1925 730 1990 Cuibeatae
752 1930 1038 2007 Virgines
1058 1941 1267 1993 sancto
1289 1930 1515 2008 Spiritu
1539 1931 1663 1991 ani·
1721 1931 1913 2010 pliciis
1952 1940 2013 1993 et
2063 1930 2246 1993 caede
2314 1931 2625 2007 perterrita
2674 1940 2726 1986 se

388 2012 613 2079 maiae,
657 2016 1001 2071 constantes
1042 2018 1106 2071 et
1162 2012 1496 2088 intrepidae
1551 2011 1665 2074 sub
1723 2018 1923 2087 tasset,
1951 2011 2080 2086 ejus
2109 2011 2198 2071 rei
2230 2013 2569 2086 poenitens,
2608 1998 2854 2086 postriffl

385 2086 761 2149 consessione
789 2088 1104 2151 dixerunt:
1145 2114 1170 2144 ι
1195 2089 1508 2163 Quomodo
1539 2105 1663 2161 nos,
1725 2093 1881 2153 uitro
1925 2090 2229 2170 patefecit,
2262 2095 2327 2150 et
2359 2090 2658 2152 novissima
2690 2080 2856 2145 unffi

388 2167 653 2240 Praeses,
685 2184 714 2228 3
751 2168 966 2245 pietate
1013 2170 1115 2232 Dei
1155 2171 1333 2249 jubes
1359 2176 1664 2245 avertere,
1725 2171 2003 2250 martyrii
2036 2184 2332 2230 coronam
2377 2169 2595 2244 accepit

386 2263 534 2323 quas
577 2248 765 2325 pietas
806 2256 1003 2311 sancta
1035 2266 1143 2311 suo
1188 2249 1422 2311 lumine
1466 2248 1665 2326 perlu-
1802 2250 1908 2311 Htc
1937 2257 2149 2311 notare
2178 2248 2472 2322 sufficiat,
2503 2246 2561 2309 S.
2587 2234 2863 2330 cordula}

386 2327 630 2388 strando
650 2326 1488 2405 fecitcognoscere,nihllesse
1502 2328 1667 2392 Chri·
1722 2337 1881 2391 stum
1911 2336 2052 2392 ante
2081 2343 2316 2390 annum
2353 2326 2509 2390 ¹135
2535 2324 2759 2388 celabi-m
2781 2328 2862 2405 qm·

389 2413 483 2467 sto
512 2407 782 2481 divitius,
816 2408 969 2470 nihil
1016 2409 1135 2473 fide
1177 2410 1506 2473 christiana
1540 2409 1669 2473 leli·
1726 2413 1900 2490 pisse,
1929 2410 2177 2549 ejusque
2207 2424 2431 2486 corpus
2462 2396 2862 2490 inventam-me
2911 2457 2912 2462 ,

389 2488 540 2558 cim,
565 2500 874 2564 perquam
902 2490 1045 2567 justi
1069 2494 1318 2564 vivunt,
1344 2505 1450 2566 per
1479 2506 1665 2567 quam
1724 2497 2024 2560 regnante
2099 2503 2298 2551 oanne
2345 2488 2457 2550 PP.
2501 2484 2639 2558 xxi,
2665 2483 2859 2560 quim

392 2570 585 2628 sancti
656 2582 847 2644 regna
914 2569 1343 2632 viceruntP...·
1399 2570 1667 2644 Quarum
1728 2568 1875 2630 1277
1922 2570 2134 2630 vivore
2175 2567 2382 2629 desiit.

389 2647 789 2708 constantiam
815 2647 957 2710 fidei
982 2649 1227 2711 Praeses
1251 2652 1667 2728 virtutemque

391 2725 785 2803 professionis
810 2736 1119 2800 avertenS,
1144 2728 1508 2807 quibusdam
1539 2745 1671 2790 mu-
1804 2726 2198 2805 -Hierapoli
2235 2728 2297 2790 in
2342 2728 2597 2804 Phrygia
2625 2719 2673 2784 S.
2707 2717 2860 2801 w
2909 2769 2910 2784 ,

390 2803 683 2876 lierculis,
773 2808 964 2868 rofani
1025 2809 1180 2870 ritus
1238 2811 1453 2885 peritia
1510 2823 1670 2886 prae·
1725 2808 2040 2887 Episcopi,
2100 2808 2202 2885 qui
2252 2808 2370 2870 sub
2429 2807 2612 2868 Marco
2662 2799 2860 2889 ΛΡΜ*

388 2884 554 2956 ditis,
584 2884 723 2962 sigil
753 2887 902 2947 atim
942 2903 1042 2949 eas
1084 2888 1467 2950 instruendas
1510 2903 1668 2950 com·
1726 2888 2102 2967 Imperatore
2143 2887 2398 2949 claruit?
2436 2885 2613 2963 (Vide
2654 2878 2684 2940 d

389 2963 660 3033 mendat,
703 2970 766 3024 et
813 2967 1147 3029 terroribus
1189 2968 1411 3046 quibus
1457 2975 1668 3047 potest,
1729 2968 2013 3036 Surium,
2060 2981 2191 3047 pag.
2242 2966 2409 3046 642).

395 3060 472 3105 ne
501 3042 755 3105 alternis
783 3052 885 3107 aut
908 3047 1229 3126 cujuslibet
1254 3048 1529 3109 fidelium
1562 3048 1672 3109 l'ul-

391 3127 635 3186 ciantur
683 3124 1022 3203 colloquiis,
1066 3128 1376 3189 admonet.
1430 3129 1674 3189 Mulier·
1908 3127 1971 3189 S.
2026 3126 2425 3190 MELANIUS
2467 3126 2759 3185 Emeum

392 3204 566 3265 culae
592 3219 737 3265 vero
754 3207 1155 3285 suscipientes
1177 3208 1469 3283 Virgines
1501 3206 1673 3269 Cliri·
1976 3231 2130 3297 Obiit
2161 3235 2330 3296 circa
2362 3250 2584 3294 mmm„
2611 3223 2721 3288 314,

391 3285 492 3357 sti,
538 3283 816 3363 sacrilegi
857 3287 1058 3347 cultus
1098 3288 1373 3364 quotidie
1405 3302 1674 3349 veneno·
2661 3360 2668 3368 ,
2841 3337 2848 3346 .

392 3380 528 3425 suin
554 3364 769 3440 dogma
802 3366 889 3425 eis
918 3374 1255 3444 exponunt,
1286 3384 1354 3429 ac
1384 3368 1672 3444 pervigili
1812 3368 2175 3430 Manrvaoc.
2222 3402 2297 3413 —
2343 3368 2672 3437 Rhotomagt
2700 3357 2725 3390 ’
2750 3349 2853 3410 ⁵²⁵m

395 3444 823 3516 cura,coelesti
844 3445 968 3522 jam
1002 3462 1227 3508 manna
1253 3448 1493 3509 relectis
1523 3447 1675 3508 cloa·
1733 3449 1998 3510 Metam
2046 3449 2350 3524 Episcopi,
2392 3448 2492 3525 qui
2544 3460 2572 3503 a
2611 3423 2858 3498 sanan&
2905 3459 2906 3462 ¹

397 3539 501 3585 cae
553 3527 878 3600 putrientis
922 3526 1203 3603 poculum
1257 3528 1672 3604 propinantes,
1734 3531 1935 3607 phano
1977 3528 2126 3604 Papa
2157 3528 2490 3595 ordinatus,
2534 3521 2652 3583 illuc
2682 3511 2737 3574 ad
2765 3513 2859 3584 F*

398 3619 563 3665 casso
603 3612 1066 3668 consummatur
1097 3605 1323 3669 labore.
1357 3605 1471 3668 Sed
1520 3607 1675 3668 hanc
1732 3606 2055 3670 dicandum
2090 3607 2483 3684 Evangelium
2514 3603 2698 3663 missus
2718 3595 2840 3682 eet*

398 3682 638 3744 illarum
673 3686 1069 3761 pertinaciam
1113 3685 1372 3747 Praesidi
1407 3685 1679 3748 reseren·
1811 3686 1870 3748 S.
1908 3686 2226 3750 Melanius.
2263 3685 2355 3748 vel
2403 3684 2603 3745 rectius
2637 3668 2854 3737 stelione·

400 3762 562 3823 tibus
595 3763 996 3835 mulierculis,
1031 3773 1157 3842 post
1194 3765 1523 3827 nonnullos
1548 3765 1678 3827 dies
1736 3767 2091 3828 Britanniae
2136 3766 2375 3841 Maioris
2423 3756 2680 3824 oriundus
2700 3749 2852 3840 Romu}

399 3841 688 3917 Virgines
721 3844 780 3904 in
816 3844 1019 3906 lorum
1047 3844 1321 3915 eductae,
1356 3861 1417 3906 in
1451 3853 1679 3923 specta·
1736 3849 1901 3908 venit
1948 3853 2015 3907 nt
2061 3846 2383 3907 Valeriano
2429 3840 2718 3917 imperal⁰¹⁸¹
2744 3832 2852 3884 'sm'

392 3923 599 3983 culum
619 3923 1681 3999 publicumconstituuntur.etCln-i·
1740 3928 2100 3998 inservir‹·t;
2141 3927 2243 3987 sed
2296 3940 2433 3985 cum
2486 3919 2556 3982 ibi
2603 3907 2850 4002 Stepmm

394 4010 560 4082 stum
604 4003 991 4075 confitenteS,
1024 4010 1084 4065 et
1120 4004 1355 4065 hostem
1393 4004 1535 4066 fidei
1581 4005 1684 4066 de·
1740 4006 1842 4066 PP.
1884 4005 1903 4065 l
1949 4006 2104 4067 forte
2133 4004 2462 4066 audivisset
2492 4008 2660 4078 paucis
2686 3985 2852 4048 chrm·

399 4086 711 4155 testantes„
741 4083 855 4145 sub
899 4083 1250 4158 ictuigladni
1298 4090 1683 4155 corruerunt,
1742 4088 1835 4148 nis
1875 4085 2276 4161 Evangelium
2323 4079 2720 4159 praedicantem.
2739 4061 2847 4132 bavit
2901 4165 2902 4176 ἵ

402 4160 727 4222 undecimo
770 4161 1062 4224 Kalendas
1111 4163 1499 4235 Novembris,
1543 4179 1682 4227 aera
2709 4226 2715 4232 .
2756 4213 2847 4258 ‚W

1795 4247 1820 4273 *
1852 4246 2043 4290 Gallice.
2075 4246 2232 4289 Rauen,
2260 4243 2371 4284 urbs
2403 4223 2744 4287 archiepiscop&
2781 4270 2844 4315 m

402 4301 691 4352 quicumque
720 4307 923 4353 utroque
962 4306 1038 4346 vel
1083 4308 1231 4348 altero
1270 4310 1465 4361 parente
1494 4307 1685 4348 ethnico
1742 4307 1997 4348 leberrima
2026 4307 2185 4356 puella
2210 4307 2394 4346 Jonnns
2421 4305 2534 4344 dicu
2555 4299 2670 4338 mn.
2688 4289 2770 4326 Μ
2790 4331 2844 4382 w

402 4365 591 4412 genitus
621 4367 748 4406 esset
802 4369 895 4407 nisi
926 4366 1166 4410 oni-iatum
1206 4370 1461 4419 abnegat-et
1480 4402 1491 4418 ,
1533 4372 1687 4420 eapite
1744 4372 1806 4411 ab
1833 4372 2008 4421 Augus.
2034 4371 2085 4410 in
2112 4379 2314 4418 quorum
2341 4365 2596 4419 potestate!
2617 4346 2772 4396 Μ’

404 4427 711 4474 plecteretur.
1745 4435 1951 4474 cremata
1981 4433 2086 4473 ruit.
