2993 4837
514 312 643 376 298
1043 327 1122 374 m:
1171 323 1263 374 ss.
1318 324 1709 374 GALAcrloNE
1757 326 1832 372 ar
1877 325 2180 373 ertsrssmt
2227 326 2341 373 ιω.
2677 306 2827 373 NOV.
2866 312 2896 375 5

425 413 649 482 visum
686 411 928 492 suerat,
963 410 1339 481 audivisset
1372 409 1747 491 Galaction‚
1806 409 2078 479 dicebat
2126 409 2192 478 id
2243 409 2421 478 hanc
2472 409 2706 479 habere
2756 423 2900 501 pete-

428 513 692 571 statem.
733 501 910 569 Dixit
962 500 1144 569 enim
1198 499 1321 569 hos
1363 511 1498 569 tres
1543 498 1794 569 choros
1838 519 1990 568 esse
2053 508 2293 573 eorum
2340 498 2460 586 qui
2510 521 2579 568 se
2609 520 2648 568 a
2697 498 2900 572 mun&

434 602 780 679 separant,
823 601 889 657 et
928 588 1015 658 ab
1048 588 1133 658 iis
1179 610 1358 675 quae
1405 599 1568 659 sunt
1623 587 1892 669 mundi,
1921 598 2013 657 .et
2060 602 2332 657 servant
2379 588 2825 678 virginitatem,
2855 600 2901 657 et

431 678 785 768 elegerunt
830 677 1035 746 vitam
1089 699 1290 767 agere
1339 676 1602 747 Christo
1649 676 2192 746 convenientem.
2247 681 2494 745 Eorum
2563 688 2769 745 autem
2816 676 2903 764 qui

431 781 626 836 erant
660 766 856 856 nigra
890 778 1071 834 veste
1114 764 1361 846 induti,
1400 767 1589 855 ipsos
1619 764 1790 833 dixit
1836 786 1984 834 esse
2014 765 2278 834 similes
2325 765 2632 855 Angelis:
2682 765 2901 834 illorum

434 856 616 924 enim
718 876 937 1012 elnnae
983 867 1048 923 et
1088 854 1292 945 ignis,
1345 853 1554 923 simul
1590 853 2001 923 celeritatem
2052 866 2118 923 et
2143 854 2319 924 vires
2367 854 2907 943 exprimuntinex·

482 967 525 1013 u
582 966 664 1014 na
722 965 867 1013 ies.

433 968 475 1035 p
520 968 576 1120 §g
603 1037 760 1105 ss).
814 1032 1156 1121 Episteme
1194 1043 1447 1111 autem,
1496 1030 1602 1100 his
1631 1030 1911 1111 auditiS,
1955 1031 2183 1100 statim
2212 1030 2513 1100 ostendit
2558 1049 2907 1130 generosum

434 1123 771 1203 animum,
826 1134 891 1189 et
930 1141 1158 1189 rerum
1194 1119 1637 1189 honestarum
1687 1140 2031 1198 amorem;
2084 1131 2150 1187 et
2196 1131 2393 1208 capta
2442 1119 2769 1190 desiderio
2803 1140 2910 1187 ma·

435 1209 821 1299 gnitudinis
879 1230 1116 1279 eorum
1166 1230 1343 1295 quae
1389 1209 1530 1276 visa
1571 1207 1873 1277 fuerant:
1930 1230 1967 1274 «
2003 1212 2175 1276 Num
2229 1228 2406 1290 vem,
2448 1207 2693 1295 inquit,
2741 1229 2775 1275 o
2809 1227 2913 1276 ma-

437 1300 582 1378 rite,
624 1299 682 1366 si
729 1320 768 1366 a
818 1297 1015 1368 nobis
1053 1297 1344 1366 invicem
1376 1296 2026 1377 discesserimus,·et
2054 1296 2139 1365 ad
2194 1301 2401 1364 Deum
2443 1296 2908 1375 accesserimus

439 1386 816 1477 poterimus
848 1409 996 1456 eam
1060 1406 1354 1473 quoque,
1410 1407 1587 1473 quae
1641 1398 1743 1455 est
1791 1385 1968 1455 inter
2023 1405 2169 1466 nOS,
2222 1406 2633 1455 conservare
2676 1385 2911 1454 affectio-

442 1479 640 1544 nem?
675 1480 768 1544 Da
832 1475 997 1543 mihi
1049 1475 1261 1565 hujus
1312 1474 1403 1542 rei
1456 1474 1724 1543 firmam
1776 1487 2139 1543 et‘certam
2190 1473 2622 1545 cautionem:
2675 1494 2786 1542 nec
2825 1492 2918 1562 ego

436 1587 745 1652 unquam
800 1563 1151 1642 recusabo,
1209 1584 1346 1649 quo
1397 1563 1629 1631 minus
1678 1563 1807 1632 sim
1869 1562 1992 1632 tibi
2041 1562 2226 1631 socia
2281 1562 2493 1653 hujus
2548 1562 2912 1653 propositi.»

440 1661 602 1723 Cum
654 1665 880 1722 autem
931 1652 1063 1721 sibi
1112 1652 1401 1720 invicem
1454 1663 1686 1721 sancte
1738 1651 2088 1721 dedissent
2133 1650 2366 1726 fidem,
2422 1672 2772 1740 nunquam
2809 1667 2915 1718 esse

438 1766 473 1810 a
512 1764 581 1812 se
612 1741 901 1809 invicem
939 1741 1192 1810 animis
1238 1739 1761 1829 disjungendos.
1816 1740 2168 1810 Galaction
2202 1761 2361 1809 cum
2402 1744 2618 1811 Deum
2659 1738 2913 1829 precibus

438 1830 523 1898 de
573 1851 758 1898 more
796 1840 972 1898 esset
1003 1828 1366 1909 allocutuS,
1420 1829 1766 1919 suggessit
1814 1829 2196 1918 Epistemae
2255 1851 2336 1898 ea
2381 1851 2562 1915 quae
2624 1840 2802 1898 erant
2851 1824 2922 1893 fu·

438 1933 591 1987 tura
629 1918 690 1987 ei
739 1917 1226 1997 conducibilia,
1279 1916 1554 1986 dicens:
1613 1940 1647 1982 «
1692 1922 1791 1987 Tu
1837 1916 2116 2004 quidem
2168 1917 2304 1997 abi,
2359 1931 2422 1986 et
2469 1918 2910 2009 indigentibus,

438 2028 614 2094 quas
662 2006 871 2075 habes
917 2006 1297 2085 facultates,
1350 2005 1688 2075 distribue
1736 2005 2145 2086 liberaliter,
2200 2006 2488 2077 credens
2557 2020 2620 2077 te
2670 2027 2790 2075 non
2837 2006 2920 2070 eis

439 2116 867 2176 consumere,
909 2095 1022 2165 sed
1076 2095 1472 2164 thesaurum
1529 2094 1757 2183 potius
1803 2095 1871 2163 in
1910 2094 2133 2164 locum
2175 2107 2395 2165 tutum
2449 2117 2794 2183 reponere.
2822 2097 2916 2180 Ego

439 2197 665 2253 autem
717 2184 930 2253 hu‘us
983 2184 1073 2252 rei
1126 2205 1235 2252 me
1282 2182 1406 2250 tibi
1459 2204 1834 2272 proponam
1885 2183 2255 2272 exemplar,
2316 2196 2381 2252 et
2428 2184 2704 2273 primus
2748 2197 2919 2251 rerum

442 2294 748 2343 mearum
827 2272 1044 2341 nciam
1097 2271 1687 2352 distributionem,
1735 2293 1869 2340 non
1922 2294 2123 2341 avara
2170 2283 2234 2341 et
2297 2294 2502 2361 parca
2558 2294 2798 2349 manu,
2841 2262 2920 2336 sed

444 2361 769 2431 munifice
827 2373 891 2430 et
938 2360 1213 2431 abunde
1271 2381 1386 2430 eas
1432 2359 1865 2430 exhauriens.
1920 2362 2160 2432 Venies
2207 2373 2431 2431 autem
2491 2362 2691 2432 tertio
2734 2359 2844 2438 die,
2881 2365 2924 2422 et

448 2462 650 2541 prout
680 2451 986 2537 utrisque
1018 2451 1239 2518 visum
1291 2448 1520 2530 fuerit,
1565 2448 1673 2518 dis
1727 2449 2151 2520 ensabimus.
2200 2475 2222 2509 ιο

530 2541 566 2627 ξ
613 2544 745 2611 n.
800 2543 964 2608 Cum
1006 2560 1168 2629 ergo
1214 2559 1315 2618 ea,
1361 2559 1539 2624 quae
1588 2539 1673 2606 ha
1727 2538 1954 2619 ebant,
2009 2538 2550 2620 distribuissent,
2591 2550 2660 2608 et
2710 2539 2922 2606 interse

444 2626 944 2706 convenissent,
991 2626 1331 2697 Eutolmio
1369 2627 1707 2707 omnium,
1773 2649 1946 2714 quos
2003 2626 2367 2709 habebant,
2408 2627 2817 2697 famulorum
2845 2622 2923 2690 be-

449 2714 999 2785 nevolentissimo
1048 2716 1242 2803 sequi
1287 2715 1509 2802 jusso,
1554 2717 1808 2803 egressi
1858 2727 2022 2784 sunt
2071 2720 2274 2784 vitam
2317 2717 2706 2804 suscepturi
2755 2711 2924 2783 solita-

445 2805 643 2873 riam.
698 2808 860 2872 Cum
920 2818 1144 2873 autem
1194 2803 1647 2873 confecissent
1694 2806 1820 2873 iter
1892 2802 2125 2872 decem
2200 2803 2509 2884 dierum,
2571 2804 2834 2872 veniunt
2867 2793 2924 2865 ad

446 2904 769 2972 montem,
814 2892 932 2979 qui
980 2894 1067 2962 ab
1112 2892 1353 2963 incolis
1385 2892 1663 2978 quidem
1702 2891 2181 2982 appellabatur
2220 2892 2546 2962 Publius:
2592 2908 2694 2962 est
2751 2901 2922 2983 autem

448 3002 656 3071 prope
707 2993 1001 3050 montem
1057 2982 1239 3050 Sina.
1281 2987 1428 3064 Quo
1477 2981 1545 3049 in
1586 2981 1732 3050 loco
1764 3003 1921 3050 cum
1977 2983 2044 3049 in
2092 2981 2324 3051 decem
2389 2982 2761 3051 monachos
2803 2979 2924 3046 inci-

446 3069 727 3147 dissent,
780 3070 897 3156 qui
953 3070 1155 3138 vitam
1207 3071 1612 3139 exercebant
1662 3070 2110 3139 monasticam
2144 3125 2158 3148 ,
2203 3071 2303 3140 eis
2362 3082 2733 3140 narrarunt
2775 3083 2926 3135 suum

446 3179 730 3248 scopum
781 3170 845 3227 et
902 3158 1314 3238 institutum,
1360 3171 1423 3228 et
1479 3170 1832 3248 rogarunt,
1889 3172 1964 3227 ut
2012 3159 2571 3229 adscriberentur
2623 3161 2689 3227 in
2746 3167 2926 3251 eorum

448 3268 810 3316 numerum
847 3270 861 3313 :
897 3247 1077 3333 quod
1113 3246 1388 3334 quidem
1447 3246 1519 3316 fit
1554 3268 1687 3316 non
1735 3247 1971 3316 multis
2014 3260 2162 3335 post
2209 3248 2476 3318 diebus.
2509 3252 2592 3317 Et
2639 3245 2926 3317 Galacnon

448 3335 725 3422 quidem
797 3335 1084 3404 refertur
1131 3337 1199 3403 in
1251 3335 1561 3405 ordinem
1617 3336 1860 3406 horum
1930 3336 2283 3416 virorum;
2356 3337 2695 3426 Episteme
2756 3344 2926 3426 autem

450 3426 740 3494 mittitur
786 3426 873 3494 ab
909 3425 1059 3513 ipso
1106 3423 1188 3492 ad
1250 3423 1597 3511 quoddam
1654 3424 1890 3513 procul
1945 3438 2278 3494 remotum
2335 3424 2838 3497 monasterium,
2880 3433 2926 3481 ¹¹¹

446 3535 581 3601 quo
628 3527 924 3602 quatuor
967 3512 1456 3582 exercebantur
1486 3513 1807 3601 virgines.

533 3606 568 3689 ἓ
616 3607 764 3674 1².
819 3605 982 3672 Cum
1038 3602 1215 3670 hanc
1263 3623 1423 3691 ergo
1460 3602 1632 3670 vitae
1681 3601 1984 3689 agendae
2047 3602 2380 3671 rationem
2435 3600 2748 3691 elegisset
2784 3591 2930 3666 Gala·

447 3691 652 3770 ction,
707 3711 912 3778 quam
984 3711 1118 3759 non
1185 3690 1362 3758 viam
1412 3690 1692 3776 quidem
1746 3691 1920 3772 iniit,
1974 3711 2150 3777 quae
2245 3702 2424 3760 osset
2470 3689 2713 3759 docere
2758 3681 2931 3781 mode·

449 3781 821 3850 rationem?
869 3784 1080 3861 Quem
1119 3791 1346 3847 autem
1399 3800 1681 3847 sensum
1718 3799 1851 3847 non
1903 3778 2154 3859 erudit,
2224 3779 2447 3847 imites
2470 3792 2536 3847 et
2589 3775 2809 3847 modos
2837 3789 2930 3838 tm·

449 3890 712 3957 ponens
744 3868 1095 3946 omnibuS,
1150 3879 1215 3936 et
1253 3888 1506 3957 cogens
1531 3889 1646 3936 eos
1677 3868 1914 3956 parere
1964 3867 2253 3936 rationi?
2288 3872 2386 3936 Ita
2418 3878 2644 3936 autem
2672 3867 2729 3934 ei
2773 3875 2931 3930 curae

451 3959 729 4026 fuerunt
766 3956 1058 4046 Jejunia,
1104 3969 1179 4023 ut
1226 3955 1402 4025 duos
1465 3974 1684 4025 annos
1733 3955 1939 4025 semel
2008 3957 2073 4023 in
2130 3955 2561 4025 hebdomada
2627 3973 2789 4044 pane
2825 3943 2931 4016 solo

453 4059 855 4123 vesceretur,
907 4065 1126 4131 eoque
1176 4044 1468 4125 modic0,
1507 4061 1571 4113 et
1610 4056 1946 4132 quantum
2000 4044 2167 4115 satis
2223 4058 2400 4114 esset
2444 4044 2528 4113 ad
2596 4037 2925 4111 vivendum-

453 4139 613 4202 Cum
667 4133 892 4202 inedia
947 4155 1104 4202 vero
1153 4154 1225 4201 se
1283 4134 1487 4202 etiam
1552 4133 1905 4202 exercebat
1965 4131 2032 4201 in
2090 4132 2367 4223 vigiliis,
2420 4147 2486 4203 et
2544 4134 2616 4200 in
2665 4137 2927 4221 perpetuo

452 4221 677 4290 studio
724 4223 1077 4290 orationis
1137 4220 1509 4290 Pudicitiae
1564 4235 1792 4290 autem
1853 4233 2109 4290 tantam
2162 4244 2399 4291 curam
2498 4221 2678 4298 essit,
2735 4229 2798 4283 ut
2840 4226 2927 4304 nep

456 4309 680 4376 venire
725 4310 1002 4395 quidem
1059 4311 1124 4377 in
1177 4325 1619 4399 conspectum
1677 4309 1988 4379 mulieris
2017 4332 2320 4397 unquam
2355 4309 2421 4378 in
2483 4309 2691 4378 uxerit
2735 4305 2794 4372 in
2816 4316 2924 4367 ant·

458 4417 672 4476 mum,
709 4418 789 4465 ex
834 4419 971 4482 quo
1017 4397 1147 4467 suit
1177 4398 1262 4466 ad
1301 4399 1503 4467 vitam
1533 4398 1924 4489 adscriptus
1974 4399 2452 4468 monasticam.
2507 4397 2717 4484 Hujus
2743 4400 2921 4459 aute-m
