2993 4837
49 320 204 388 NOV.
267 323 341 386 ¹2
937 343 1012 387 nn
1059 342 1113 387 S.
1169 340 1444 388 marino
1493 342 1650 387 rara
2342 327 2468 390 425

47 424 441 513 apostolicae
510 425 936 494 auctoritatis
997 432 1572 495 commonuerunt
1618 447 1823 507 eum,
1879 439 1951 494 ut
2016 427 2100 496 de
2156 427 2272 495 tali
2320 428 2554 497 haerc-

51 514 158 583 lica
195 513 574 583 intentione
626 514 988 594 recederet,
1041 536 1301 582 necnon
1363 528 1426 584 et
1481 515 1842 583 contestari
1900 515 2031 583 nisi
2087 529 2268 595 sunt,
2334 538 2558 604 perse-

53 602 420 673 cutionibus
470 602 762 672 diversis
818 625 974 672 cum
1034 603 1187 673 aliis
1239 603 1630 672 orthodoxis
1680 603 1881 683 viris,
1939 619 1997 672 et
2054 604 2559 675 venerabilibus

21 690 494 777 ÷sacerdotibus
531 692 938 781 insequutus
967 704 1067 759 est
1112 712 1249 770 eOS,
1289 691 1621 777 quosdam
1659 713 1891 760 eorum
1943 693 2293 761 custodiae
2344 707 2552 761 retru—

21 778 214 878 3denS,
268 779 441 849 alios
485 781 554 848 in
618 779 934 849 exsilium
987 779 1388 867 deportans,
1449 779 1620 848 alios
1678 794 1901 848 autem
1953 782 2350 851 verberibus
2400 782 2558 851 sub·

49 880 318 936 inmens.

119 958 150 1041 ἓ
192 959 266 1026 2.
319 961 633 1043 Cumque
667 956 846 1024 idem
898 958 1001 1025 vir
1045 955 1428 1025 diabolicus
1473 978 1615 1027 una
1663 978 1818 1025 cum
1869 956 2024 1026 aliis
2078 959 2558 1048 commanipu-

51 1042 282 1114 laribus
331 1045 482 1115 suis
534 1066 706 1132 pene
742 1057 952 1114 totum
1018 1044 1354 1114 mundum
1409 1046 1865 1127 conturbaret,
1919 1067 1998 1114 ex
2045 1045 2333 1116 diversis
2385 1046 2551 1115 locis

49 1132 331 1215 querelas
403 1147 645 1201 contra
711 1155 825 1201 eos
892 1133 974 1202 ad
1043 1132 1489 1222 Apostolicam
1555 1133 1778 1204 sedem
1848 1133 2130 1223 plurimi
2195 1135 2549 1204 orthodoxi

49 1217 342 1291 detulisse
395 1234 893 1301 monstrantur,
934 1222 1366 1312 conjurantes
1403 1236 1475 1293 ut
1513 1224 1713 1292 totius
1749 1223 1934 1303 mali,
1983 1236 2338 1310 tantaeque
2367 1246 2554 1293 ever-

57 1309 239 1378 sionis
284 1323 756 1379 commentum
813 1332 932 1398 per
974 1309 1420 1399 Apostolicam
1473 1312 1938 1381 auctoritatem
1993 1312 2548 1393 abscinderetur,

54 1411 357 1480 quatenus
401 1398 693 1466 minime
740 1398 1112 1468 catholicae
1151 1399 1486 1469 Ecclesiae
1543 1401 2022 1488 integritatem,
2078 1401 2393 1470 nocibilis
2440 1424 2554 1469 eo-

59 1506 184 1553 rum
221 1486 582 1556 haereseos
627 1486 918 1576 languor
967 1487 1388 1577 dirumperet
1446 1488 1712 1556 valeret.
1770 1494 1957 1557 Tunc
2022 1490 2351 1559 Martinus
2399 1512 2549 1558 san-

53 1573 368 1644 ctissimus
417 1597 500 1643 ac
541 1576 982 1645 beatissimus
1028 1576 1403 1665 Episcopus
1438 1577 1645 1657 misit,
1689 1589 1753 1645 et
1799 1579 2229 1668 congregavit
2281 1578 2553 1667 Episco-

59 1682 161 1747 pos
203 1664 267 1730 in
321 1664 492 1733 urbe
545 1669 757 1732 Roma
808 1686 1091 1733 numero
1121 1678 1391 1732 centum
1428 1677 1491 1733 et
1526 1688 1585 1746 v,
1615 1677 1678 1734 et
1724 1664 1881 1734 fecit
1930 1666 2278 1754 Synodum
2313 1689 2550 1736 secun-

57 1746 190 1816 dum
228 1751 541 1821 instituta
579 1767 844 1838 patrum
895 1752 1420 1822 orthodoxorum
1476 1754 1540 1820 in
1593 1753 1876 1823 ecclesia
1928 1754 2314 1835 Salvatori5‚
2350 1756 2543 1844 juxta

58 1837 452 1929 episcopium
494 1846 974 1910 Lateranense:
1031 1840 1486 1911 residentibus
1521 1842 1896 1930 Episcopis,
1954 1844 2395 1932 Presbyteris,
2435 1843 2553 1911 ad·

55 1928 362 1997 stantibus
392 1929 809 1998 Diaconibus
831 1942 894 1997 et
920 1929 1105 1998 Clero
1143 1930 1498 1998 universo:
1531 1944 1594 1998 et
1631 1930 2260 1999 condemnaverunt
2300 1936 2549 2020 Cyrum

59 2012 586 2097 Alexandrinum,
634 2018 968 2106 Sergium,
1016 2019 1378 2106 Pyrrhum,
1420 2030 1483 2085 et
1531 2017 1817 2086 Paulum
1867 2019 2319 2105 patriarcham
2387 2025 2554 2089 Con-

61 2105 742 2194 stantinopolitanum,
795 2107 908 2193 qui
942 2107 1266 2175 novitates
1314 2120 1548 2174 contra
1582 2107 2088 2175 immaculatam
2122 2106 2323 2175 fidem
2367 2129 2550 2196 prae·
2597 2160 2600 2163 ,

61 2207 468 2280 sumpserunt
520 2196 882 2263 innectere.
939 2196 1204 2284 Quippe
1242 2196 1567 2281 quoniam
1620 2195 1837 2282 ipsam
1887 2195 2257 2263 excludere
2360 2218 2550 2284 rope-

69 2293 277 2360 rantes‚
317 2283 816 2351 haereticorum
868 2282 1262 2372 dogmatum
1312 2295 1545 2351 contra
1587 2282 1991 2352 catholicam
2032 2284 2139 2351 Dei
2176 2288 2302 2351 Ecc
2334 2284 2542 2352 esiam

65 2367 496 2440 confusionem
538 2372 1139 2451 concinnaverunt,
1194 2371 1486 2459 Spiritus
1527 2372 1748 2441 Sancti
1799 2372 2064 2460 judicio
2097 2372 2553 2442 anathematis

63 2453 284 2527 ultione
347 2459 647 2548 perculsi
719 2474 900 2530 sunt.
977 2465 1189 2542 Quam
1245 2460 1589 2547 Synodum
1658 2484 1874 2548 usque
1924 2461 2123 2530 hodie
2195 2462 2549 2531 archivum

61 2547 324 2615 continet
371 2561 649 2617 sanctae
701 2554 1039 2616 Romanae
1087 2549 1443 2618 Ecclesiae.
1498 2554 1572 2617 Et
1623 2549 1877 2618 faciens
1936 2549 2372 2639 exemplaria,
2439 2572 2556 2640 per

39 2649 261 2726 somnes
301 2637 640 2706 Ecclesias
671 2638 961 2706 Orientis
1016 2650 1080 2705 et
1114 2637 1496 2706 Occidentis
1546 2637 1810 2718 direxit,
1865 2651 1928 2706 et
1980 2661 2096 2727 per
2147 2661 2393 2709 manus
2442 2662 2551 2708 or-

65 2717 477 2793 thodoxorum
530 2724 838 2793 fidelium
884 2725 1368 2794 disseminavit.

131 2810 275 2893 ἓδ.
329 2817 404 2880 In
457 2814 629 2902 ipsis
689 2813 931 2882 diebus
979 2814 1215 2882 direxit
1268 2818 1641 2901 Imperator
1703 2815 1768 2883 in
1835 2815 2096 2884 Italiam
2150 2816 2543 2905 Olympium

64 2898 596 2969 cubicularium*
632 2902 996 2971 exarchum
1041 2902 1123 2970 ad
1170 2901 1531 2990 regendam
1583 2925 1852 2971 omnem
1907 2904 2198 2985 ltaliam,
2251 2918 2315 2972 et
2359 2928 2548 2993 prae-

65 2987 206 3078 cepit
249 2989 331 3066 ei,
376 2990 647 3059 dicens:
686 3014 720 3056 «
755 2995 1026 3079 Oportet
1074 2990 1357 3080 gloriam
1395 3000 1605 3069 tuam,
1652 3004 1724 3059 ut
1755 2991 1930 3060 sicut
1973 2992 2168 3061 nobis
2209 2994 2551 3083 suggessit

37 3073 280 3146 ‚Paulus
323 3079 715 3147 Patriarcha
767 3079 974 3166 hujus
1023 3101 1060 3146 a
1112 3084 1238 3147 Deo
1286 3079 1789 3147 conservandae
1840 3080 2030 3148 urbis
2078 3083 2341 3168 negotia
2396 3103 2547 3170 per-

67 3178 255 3246 agere;
296 3177 361 3234 et
408 3167 464 3235 si
506 3167 781 3254 quidem
826 3168 1165 3236 inveneris
1207 3168 1422 3256 ipsam
1478 3168 1893 3256 provinciam
1935 3190 2066 3236 non
2120 3170 2553 3238 consentien-

67 3257 170 3314 tem
219 3251 280 3320 in
331 3267 493 3344 typo
542 3278 580 3322 a
616 3256 812 3325 nobis
858 3256 1181 3344 exposito,
1224 3270 1372 3324 tene
1405 3277 1640 3324 omnes
1687 3256 1808 3341 qui
1850 3255 1939 3324 ibi
1977 3268 2137 3324 sunt
2181 3256 2550 3344 Episcopos

67 3330 424 3420 haereticos,
453 3343 591 3412 sive
626 3344 1057 3425 habitatores,
1104 3344 1198 3412 vel
1240 3365 1682 3432 possessoreS,
1719 3343 1857 3412 sive
1886 3344 2086 3413 etiam
2127 3346 2541 3433 peregrinOS,

65 3434 115 3525 e}
164 3431 506 3519 compelle,
561 3445 636 3501 ut
687 3435 752 3499 in
805 3431 1095 3500 eundem
1164 3447 1398 3523 typum
1451 3433 1909 3511 subscribant,
1980 3446 2043 3501 et
2095 3454 2215 3520 pro
2281 3433 2552 3502 veritate

67 3509 318 3585 fideliter
374 3533 642 3588 teneant
700 3543 778 3588 ac
826 3519 1213 3590 defendant.
1271 3522 1335 3589 Si
1387 3535 1655 3602 autem,
1716 3520 2296 3607 quemadmodum
2352 3522 2547 3590 nobis

68 3606 368 3690 suggessit
408 3608 614 3688 Plato,
651 3608 990 3697 gloriosus
1043 3610 1369 3698 patricius
1425 3611 1869 3699 EuparaxiuS,
1919 3611 2167 3698 poteris
2229 3608 2541 3689 suadere,

67 3692 324 3761 exercitu
371 3694 621 3764 ibidem
665 3698 1095 3776 consistente,
1132 3699 1460 3783 jubemus
1525 3698 1728 3766 teneri
1802 3699 2164 3767 Martinum
2197 3750 2216 3776 ,
2272 3698 2388 3783 qui
2440 3698 2550 3766 hic

68 3791 183 3870 etat
217 3784 670 3868 apocrisarius
722 3786 786 3853 in
842 3785 1018 3874 regia
1072 3786 1260 3866 urbe,
1288 3799 1351 3854 et
1395 3785 1827 3874 postmodum
1884 3807 2001 3875 per
2038 3806 2274 3854 omnes
2324 3786 2550 3854 Eccle-

70 3881 181 3932 sias
227 3869 510 3959 relegere
556 3895 711 3943 eum
748 3874 924 3959 quod
979 3875 1198 3943 sactus
1245 3887 1343 3942 est
1382 3897 1418 3942 a
1479 3875 1675 3943 nobis
1731 3874 2146 3943 orthodoxus
2196 3886 2423 3972 typuS,
2478 3886 2553 3943 ut

21 3995 24 4040 s
71 3969 273 4025 ornnes
318 3961 629 4050 Episcopi
692 3961 925 4030 Italiae
972 3963 1040 4031 in
1093 3964 1241 4051 ipso
1313 3964 1788 4041 subscribant,
1855 3976 1919 4030 et
1981 3974 2430 4031 consentiant.
2485 3963 2551 4031 Si

21 4061 22 4136 ξ
73 4052 260 4110 autem
310 4047 647 4117 inveneris
693 4052 1109 4119 contrarium
1165 4053 1228 4118 in
1285 4051 1398 4118 tali
1432 4074 1638 4120 causa
1690 4051 2083 4130 exercitum,
2125 4049 2396 4117 tacitum
2433 4049 2548 4118 ha-

21 4147 22 4216 j
75 4123 193 4196 beto
236 4131 442 4204 donec
474 4137 779 4206 obtineas
832 4139 1282 4226 provinciam,
1344 4153 1407 4208 et
1468 4140 1686 4228 possis
1734 4140 2100 4207 exercitum
2152 4159 2545 4236 aggregare,

79 4223 184 4282 tam
229 4224 563 4293 Romanae
617 4226 904 4295 civitatis
952 4248 1155 4313 quam
1211 4228 1643 4306 Ravennatis,
1711 4241 1783 4297 ut
1821 4250 1899 4295 ea
1963 4248 2139 4313 quae
2194 4224 2314 4294 tibi
2356 4247 2550 4312 Jussa

83 4373 475 4470 viii-:fssmmhmffi
503 4383 660 4427 italice
687 4387 978 4429 cianlellano.
1009 4389 1218 4429 Exarcha
1243 4398 1383 4438 porro
1416 4390 1537 4430 idem
1575 4389 1711 4429 sonat
1745 4400 1795 4428 ac
1820 4398 2007 4439 praesen
2027 4389 2102 4429 vel
2140 4389 2423 4438 gubernator
2457 4396 2559 4435 pro·
