2993 4837
299 217 381 281 ⁴2
1043 232 1369 283 memnon
1417 236 1512 282 ss.
1563 234 1906 282 namnum
2472 217 2655 284 NOV.
2711 220 2739 283 l

206 317 571 390 confusus:
623 341 648 382 α
686 316 918 389 Timeo
949 340 1030 388 ac
1074 318 1339 408 trepido
1404 319 1843 389 vehementer
1900 318 2086 389 hunc
2137 321 2576 411 sanguinem,
2627 322 2753 408 qui

206 407 293 477 de
337 428 697 477 caesorum
748 429 871 497 pro
906 413 1073 477 Jesu
1110 409 1438 478 Nazareni
1473 409 1753 477 nomine
1778 408 2165 478 cervicibus
2214 422 2472 479 manat.
2528 414 2610 478 Se
2641 410 2754 479 in-

204 497 425 565 vicem
466 496 828 566 hortantur
874 496 959 565 ad
1012 510 1325 576 mortem,
1380 496 1522 586 pro'
1552 497 1775 585 ipsius
1808 496 2242 567 consessione
2281 498 2751 568 subeundam.

206 590 434 654 Terret
481 605 592 653 me
640 584 810 669 tanti
859 583 1169 673 ipsorum
1221 586 1488 655 cruoris
1543 586 1810 666 effusio,
1865 607 2087 674 neque
2137 586 2225 656 ad
2289 599 2744 665 momentum,

205 684 364 742 ante
401 685 664 742 tantum
700 672 1202 763 discipulorum
1236 674 1483 743 Christi
1520 695 1964 756 consensum,
2020 687 2419 762 tantamque
2465 696 2756 745 concor-

204 761 391 831 diam
423 761 587 830 fidei
624 763 996 831 consistere
1031 784 1337 852 possum.
1377 762 1677 832 Poenitet
1703 761 1849 850 jam
1894 784 2002 831 me
2039 762 2199 837 facti
2237 765 2395 844 mei,
2434 763 2756 833 mallem-

202 872 339 937 que
384 850 715 920 adversus
759 871 874 920 eos
916 872 1050 920 non
1108 850 1488 921 concitasse
1539 850 1930 942 principum
1978 853 2270 922 animos,
2333 858 2504 922 Ecce
2554 852 2750 922 enim

204 937 483 1008 illorum
545 938 831 1029 sanguis
895 960 1004 1009 me
1063 939 1370 1026 undique
1415 941 1733 1030 exagitat.
1779 944 1873 1009 En
1925 941 2288 1030 sanguinis
2335 941 2506 1011 odor
2560 962 2755 1009 meas

202 1027 485 1097 exsolvit
511 1028 709 1107 vireS,
746 1050 827 1098 ac
856 1049 1115 1115 nequeo
1154 1029 1423 1119 penitus
1454 1028 1620 1098 illuc
1660 1028 2012 1099 intendere
2065 1030 2309 1109 aciem,
2364 1030 2488 1100 ubi
2536 1029 2754 1099 disci-

202 1116 528 1207 pulorum
576 1122 743 1185 Jesu
789 1138 943 1187 ossa
977 1117 1333 1186 inhumata
1357 1119 1615 1205 jacent.
1648 1140 1684 1184 »

295 1213 333 1286 ἓ
383 1209 461 1276 ⁸2.
524 1209 703 1274 Haec
751 1219 938 1285 sunt,
990 1228 1031 1275 o
1077 1205 1359 1275 formosi
1407 1204 1651 1276 Milites
1701 1205 1971 1286 Christi,
2009 1206 2309 1296 insignia
2344 1218 2606 1276 vestrae
2653 1206 2758 1273 vi-

204 1294 483 1363 ctoriae.
538 1298 698 1374 Ista,
754 1316 795 1363 o
852 1294 1146 1364 athletae
1196 1295 1688 1383 probatissimi,
1747 1295 2161 1385 perfectique
2225 1295 2442 1364 divini
2505 1295 2754 1384 proelii

202 1381 590 1464 bellatoreS,
642 1394 904 1452 vestrae
940 1382 1098 1452 fidei
1137 1405 1217 1451 ac
1265 1382 1688 1452 fortitudinis
1735 1384 2064 1473 praemia.
2115 1389 2289 1454 Istae
2337 1395 2599 1453 vestrae
2647 1384 2752 1451 vi-

204 1471 480 1552 ctoriae,
528 1471 694 1540 haec
734 1471 1048 1561 gloriatio
1100 1483 1344 1547 vestra.
1382 1477 1559 1541 Mors
1589 1484 1808 1541 vestra
1851 1493 2219 1561 perennem
2257 1473 2447 1542 vobis
2484 1472 2754 1562 peperit

203 1560 439 1629 vitam.
494 1565 914 1648 Conspexere
978 1560 1320 1648 sapientes
1383 1572 1680 1650 stragem
1750 1574 2087 1642 vestram,
2141 1583 2221 1630 ac
2269 1561 2340 1629 in
2392 1572 2750 1650 stuporem

203 1670 533 1718 conversa
558 1662 657 1717 est
688 1648 964 1718 illorum
999 1649 1360 1737 sapientia,
1395 1648 1799 1735 attonitique
1831 1650 1917 1719 ad
1948 1649 2356 1719 alterutrum
2384 1648 2750 1718 dicebant:

206 1760 243 1803 «
279 1743 446 1806 Vere
496 1758 791 1826 magnus
821 1750 924 1807 est
961 1737 1509 1807 Christianorum
1543 1742 1744 1818 DeuS,
1801 1738 1870 1806 in
1922 1760 2126 1825 quem
2178 1737 2367 1807 illius
2415 1736 2753 1825 discipuli

206 1826 304 1895 ita
333 1825 797 1906 crediderunt,
852 1838 931 1896 ut
976 1826 1063 1895 ab
1099 1825 1253 1913 ejus
1282 1825 1418 1895 fide
1451 1825 1665 1895 nullis
1704 1826 2070 1917 suppliciis
2118 1827 2416 1896 amoveri
2456 1827 2748 1914 possint,

206 1918 419 2014 Saepe
465 1926 693 1984 autem
727 1926 792 1983 et
825 1924 1107 1987 tortores
1157 1916 1178 1983 i
1231 1915 1314 1995 si,
1354 1915 1709 1984 beatorum
1764 1928 1950 1984 tanta
1997 1915 2288 2005 permoti
2333 1913 2750 1985 constantia.

206 2003 554 2073 Christum
605 2003 1083 2074 venerabiliter
1129 2026 1171 2072 a
1220 2016 1609 2083 oraverunt,
1664 2003 1960 2090 factique
2008 2016 2170 2073 sunt
2220 2003 2287 2072 in
2340 2004 2583 2073 timore
2636 2002 2758 2071 Dei

204 2114 285 2161 ac
320 2091 470 2161 fide
518 2090 820 2181 perfecti,
877 2090 1234 2162 tolerantia
1282 2093 1578 2162 maxime
1625 2097 1999 2181 Martyrum
2034 2104 2099 2161 et
2131 2091 2749 2170 exhortationibus,

204 2180 463 2267 quibus
523 2202 595 2250 se
644 2193 884 2250 mutuo
944 2180 1014 2249 in
1068 2181 1216 2269 ipso
1279 2181 1524 2250 ardore
1572 2181 1969 2250 certaminis
2021 2180 2105 2249 ad
2175 2181 2525 2270 passiones
2587 2180 2758 2249 tole-

204 2268 460 2338 randas
507 2268 932 2348 animabant,
988 2270 1355 2358 provocati.
1410 2269 1709 2350 vidistis,
1764 2269 2046 2351 fratres,
2100 2269 2315 2338 divini
2365 2289 2754 2338 consensus

204 2358 704 2427 eminentiam?
750 2356 1051 2440 Vidistis,
1104 2356 1559 2439 dilectissimi,
1612 2358 2014 2429 charitatem
2067 2358 2206 2439 Dei,
2263 2358 2573 2426 membra
2621 2379 2757 2426 sua

204 2447 383 2517 inter
422 2445 690 2515 labores
733 2447 1223 2535 passionesque
1256 2449 1738 2516 roborantem?
1771 2452 1935 2516 Nam
1967 2447 2185 2516 sancti
2221 2446 2318 2515 illi
2354 2469 2425 2515 se
2453 2447 2754 2515 invicem

202 2536 275 2604 in
326 2535 477 2625 ipso
525 2535 922 2605 certaminis
978 2534 1236 2605 fervore
1299 2536 1384 2605 ad
1437 2536 1875 2626 perferendos
1927 2557 2048 2625 pro
2095 2536 2232 2605 fide
2287 2535 2537 2604 Christi
2582 2557 2747 2603 cru-

204 2624 429 2692 ciatus
455 2622 930 2704 hortabantur,
969 2623 1587 2713 pusillanimesque
1611 2623 2170 2706 consolabantur,
2203 2637 2277 2694 ut
2309 2624 2442 2713 ipsi
2476 2644 2757 2710 quoque

205 2711 484 2781 illorum
521 2711 697 2781 servi
744 2734 885 2781 una
914 2735 1074 2798 c,um
1110 2712 1412 2782 dominis
1447 2714 1516 2782 in
1568 2725 1804 2782 sancto
1852 2714 2226 2783 certamine
2274 2712 2588 2802 martyrii
2632 2733 2756 2781 co-

202 2822 372 2870 rona
420 2799 864 2870 donarentur.
918 2805 1050 2870 Nos
1097 2815 1357 2881 contra,
1415 2802 1582 2871 mali
1629 2815 1833 2888 atque
1884 2802 2224 2890 perversi,
2282 2801 2576 2870 invicem
2639 2799 2753 2868 in-

200 2888 555 2968 videmus,
611 2888 900 2958 invicem
965 2889 1444 2968 comedimus,
1501 2891 1791 2960 invicem
1845 2890 2247 2960 mordemus
2291 2889 2379 2958 ob
2419 2889 2754 2957 immani-

201 2990 403 3048 tatem
473 2977 816 3064 nequitiae
870 2992 1162 3048 nostrae.
1225 2983 1358 3069 Age
1424 2979 1678 3079 igitur,
1734 2994 2129 3049 sanctorum
2181 2984 2348 3047 Mart
2403 2999 2554 3047 rum
2605 2989 2753 3048 esto

199 3064 613 3155 discipulus.
668 3066 739 3135 Si
788 3079 851 3136 te
898 3066 1036 3138 illis
1085 3067 1154 3135 in
1205 3066 1648 3155 disciplinam
1715 3067 1988 3149 tradas,
2043 3067 2246 3136 erunt
2293 3067 2337 3135 ti
2395 3068 2413 3134 i
2471 3087 2756 3156 praece-

200 3168 429 3246 ptores
477 3154 743 3243 optimi,
781 3155 1143 3241 discesque
1175 3157 1262 3225 ab
1299 3156 1439 3225 illis
1471 3155 1666 3225 nulla
1699 3156 1959 3225 ratione
1993 3155 2434 3246 passionibus
2474 3153 2746 3234 cedere;

199 3245 424 3316 disces
471 3244 560 3313 ab
605 3244 705 3314 eis
756 3242 1120 3332 perfectam
1171 3244 1401 3323 fidem,
1454 3245 1857 3314 charitatem
1909 3245 2046 3325 Dei,
2089 3246 2575 3333 ingentemque
2620 3243 2753 3312 mi-

201 3331 560 3404 serationis
592 3333 938 3415 affectum,
977 3353 1056 3401 ac
1087 3332 1478 3403 futurorum
1523 3333 1969 3404 desiderium.
2022 3334 2106 3403 Hi
2152 3332 2336 3401 enim
2389 3331 2749 3400 ardentem

200 3443 448 3513 rogum
500 3421 744 3489 virtute
809 3422 926 3489 Dei
970 3433 1035 3491 et
1083 3421 1219 3491 fide
1267 3421 1562 3511 perfecta
1628 3423 1959 3492 vicerunt.
2018 3422 2224 3490 Vince
2287 3420 2500 3521 igitur
2557 3432 2623 3488 et
2673 3431 2752 3488 tu

201 3532 473 3601 semper
517 3509 836 3578 ardentes
884 3510 1124 3579 noxiae
1159 3511 1757 3599 concupiscentiae
1786 3512 2125 3580 flammas.
2180 3514 2415 3578 Varios
2456 3507 2559 3576 illi
2587 3530 2752 3578 cru-

199 3601 422 3670 ciatus
456 3598 809 3668 tolerando
850 3611 1289 3686 superarunt,
1329 3621 1471 3688 spe,
1515 3621 1691 3686 quae
1723 3612 1825 3668 est
1865 3600 1934 3692 in
1963 3599 2252 3677 Christ0,
2299 3596 2604 3666 subnixi.
2642 3602 2750 3666 Tu

199 3709 473 3775 quoque
508 3700 744 3776 turpes
791 3706 1032 3757 omnes
1082 3688 1458 3776 passioneS,
1513 3688 1848 3778 pudicitia
1895 3699 1960 3756 et
2009 3687 2420 3776 cogitatione
2521 3684 2750 3754 ietatis

104 3809 113 3820 ·
200 3777 500 3857 admota,
546 3797 876 3864 superare
911 3775 1269 3845 contende.
1310 3779 1631 3846 Vicerunt
1663 3776 1763 3845 illi
1800 3790 2130 3864 tyrannos
2183 3797 2301 3866 per
2334 3795 2444 3843 mo
2497 3774 2752 3843 estiam

198 3878 265 3935 et
292 3864 913 3954 longanimitatem.
939 3865 1145 3934 Vince
1172 3877 1244 3934 tu
1268 3887 1543 3953 quoque
1571 3865 1974 3935 iracundiae
1992 3865 2456 3954 tyrannidem,
2483 3862 2753 3931 eisdem

199 3954 415 4023 armis
443 3954 849 4024 instructus.
894 3952 1003 4022 Illi
1037 3966 1268 4042 aperte
1309 3968 1645 4044 martyres
1677 3953 1908 4034 suere;
1955 3967 2029 4023 tu
2060 3955 2129 4023 in
2165 3951 2433 4023 occulto
2485 3963 2754 4039 martyr

199 4054 343 4112 esto
380 4041 741 4132 perfectus,
796 4041 907 4110 Illi
957 4042 1183 4131 palam
1218 4065 1786 4113 consummavere
1834 4055 2180 4112 certamen
2219 4065 2234 4122 ;
2290 4039 2543 4131 perfice
2576 4052 2641 4108 et
2677 4053 2756 4108 tu

201 4132 270 4201 in
307 4132 578 4202 occulto
617 4142 986 4212 certamen,
1033 4143 1110 4201 ut
1139 4132 1208 4199 in
1260 4131 1371 4200 die
1413 4131 1885 4201 retributionis
1933 4153 2094 4202 cum
2148 4131 2319 4220 ipsis
2368 4127 2748 4208 coroneris,

198 4234 404 4308 atque
447 4220 517 4289 in
568 4218 843 4289 coelesti
890 4241 1101 4309 regno
1151 4220 1427 4290 illorum
1479 4219 1739 4310 gloriae
1788 4220 2018 4291 socius
2067 4219 2443 4288 inveniaris
2473 4271 2490 4299 ,
2519 4229 2753 4305 ‚atque

198 4332 343 4380 una
390 4309 807 4399 sempiterno
856 4308 1110 4396 gaudio
1158 4309 1434 4378 fruaris.
1492 4331 1528 4374 »
