2993 4837
520 308 643 372 1184
1275 325 1351 371 ne
1399 324 1452 371 s.
1508 322 1747 372 canoro
1795 321 2126 371 noaaousso
2255 368 2264 389 ,
2683 306 2839 372 Nov.
2879 310 2906 373 l

430 431 509 480 ea
558 408 832 498 saepius
879 409 951 476 in
1014 429 1342 498 personae
1388 429 1557 478 suae
1606 408 1755 479 sine
1815 429 2063 479 caussa
2111 407 2306 477 vertit
2352 406 2720 495 injuriam,
2763 421 2821 478 et
2854 431 2914 478 ea

434 498 519 567 de
569 520 642 568 re
691 497 914 588 magis
972 498 1173 567 etiam
1240 519 1388 567 sese
1453 508 1871 566 commotum
1931 496 2270 586 praebuit.
2323 501 2549 583 Neque
2579 553 2595 578 ‚
2648 495 2789 567 licet
2824 502 2918 568 Ca·

436 586 626 656 rolus
670 608 826 655 eum
885 586 1297 674 quandoque
1353 599 1639 676 paterno
1688 597 1993 654 moneret
2047 584 2316 666 offici0,
2360 606 2496 672 qua
2544 585 2630 655 de
2679 608 2918 665 caussa,

429 696 648 762 quove
687 675 918 744 animo
966 674 1236 756 faceret,
1291 674 1697 763 simpliciter
1752 674 2083 764 aperiret,
2138 695 2364 743 rerum
2417 695 2593 761 quas
2636 676 2920 745 contrais

432 776 780 852 tantopere
821 762 1178 843 laboraret,
1219 762 1517 832 fructum
1551 761 1636 832 ad
1676 764 1789 831 Dei
1813 762 2105 844 cultum,
2139 762 2570 848 salutemque
2608 763 2938 833 hominum*

433 852 971 932 demonstraret,
1022 852 1496 939 acquiescebat
1535 850 1678 921 ullo
1714 850 1916 921 modo
1949 862 2199 921 tamen.
2253 851 2668 939 Hujusmodi
2715 851 2922 921 Guber-

434 954 628 1010 nator
678 961 797 1029 per
842 962 958 1010 eos
1005 963 1223 1011 annos
1272 963 1381 1010 ma
1438 961 1525 1009 no
1574 939 1824 1020 studio,
1878 939 2438 1027 vehementiaque
2467 952 2532 1009 et
2573 963 2694 1011 sua
2726 944 2938 1029 sponte‘

432 1030 779 1109 incitatuS,
824 1041 889 1099 et
926 1029 1012 1099 ab
1041 1029 1221 1110 aliis,
1266 1041 1342 1098 ut
1405 1029 1744 1110 erebatur,
1799 1029 2166 1118 instigatus
2211 1028 2394 1118 egit;
2445 1041 2510 1097 et
2562 1029 2632 1097 in
2680 1051 2758 1098 ea
2796 1050 2928 1099 con·

434 1118 727 1188 tentione
776 1118 1039 1188 tamdiu
1088 1118 1562 1207 perseveravit,
1615 1117 1952 1204 quamdiu
2001 1117 2196 1187 licuit
2244 1120 2313 1185 in
2362 1116 2496 1187 vita
2529 1118 2924 1187 commorari.

428 1211 507 1275 At
554 1208 732 1275 sacri
779 1228 913 1294 quo
964 1228 1051 1275 ue
1081 1206 1346 1277 ordinis
1394 1205 1710 1276 homines
1759 1206 1827 1274 in
1880 1205 2118 1275 multis
2149 1205 2234 1275 ad
2272 1227 2414 1274 rem
2449 1205 2920 1295 perficiendam,

432 1294 786 1381 Carolique
834 1295 933 1365 sol
966 1294 1356 1374 icitudines,
1410 1307 1476 1363 et
1521 1316 1727 1364 curas
1773 1294 2149 1384 augenda8‚
2202 1315 2282 1363 ex
2334 1294 2547 1365 altera
2599 1308 2785 1384 parte
2824 1315 2924 1364 noa

427 1382 738 1461 defuere;
791 1384 972 1471 quod
1022 1383 1301 1472 quidem
1350 1404 1590 1452 earum
1639 1404 1893 1463 rerum,
1946 1404 2122 1469 quae
2154 1393 2390 1452 contra
2438 1383 2814 1453 sanctitatis
2839 1405 2926 1453 ex-

427 1471 735 1541 cellentis
763 1474 938 1542 viros
971 1470 1369 1542 insectando
1396 1471 1598 1552 fiunt,
1629 1470 2038 1560 plerumque
2076 1471 2405 1541 solemnis
2436 1472 2743 1542 accessio
2766 1494 2847 1559 qu

426 1560 612 1642 dam,
638 1574 841 1647 atque
864 1560 1192 1631 cumulus
1216 1582 1364 1630 esse
1397 1560 1587 1629 solet.
1621 1560 2023 1630 coenobitae
2052 1582 2161 1629 ma
2215 1583 2301 1629 na
2324 1581 2405 1629 ex
2440 1573 2657 1649 parte,
2700 1572 2926 1650 propt&

426 1671 530 1730 ea,
586 1671 761 1737 quae
812 1649 997 1719 circa
1042 1670 1265 1731 suam,
1322 1648 1808 1737 virginumque
1856 1649 1986 1718 sibi
2037 1671 2150 1718 cre
2205 1649 2454 1718 itarum
2496 1649 2904 1739 disciplinam

424 1759 503 1807 eo
549 1759 821 1825 quoque
874 1750 1173 1827 tempore
1228 1737 1509 1808 Carolus
1544 1737 1846 1826 agitavit,
1907 1737 2005 1805 illi
2056 1759 2204 1807 sese
2249 1737 2556 1807 infensos
2591 1738 2832 1808 admod

425 1827 928 1916 praebuerunt;
981 1826 1378 1917 praesertim
1413 1826 1500 1895 ob
1533 1848 1648 1897 eas
1682 1827 1805 1897 hos
1839 1825 2056 1896 itales
2101 1826 2339 1907 aedes,
2391 1848 2573 1913 quae
2627 1827 2876 1916 virginu

422 1915 772 2009 coenobiis
819 1916 1125 2005 ipsorum
1158 1914 1520 1984 commodo
1550 1928 1713 1984 sunt
1744 1937 1786 1984 a
1828 1914 2108 2001 junctae
2139 1939 2152 1983 :
2206 1935 2503 2003 quarum
2539 1914 2868 2005 corruptel

419 2003 753 2091 quasdam
806 2003 949 2073 tolli
999 2003 1335 2074 studebat.
1390 2008 1627 2090 Itaque
1676 2007 1928 2073 Romae
1973 2003 2256 2090 quidam
2299 2025 2564 2085 eorum,
2613 2005 2863 2074 occasio

420 2114 500 2161 ex
548 2093 853 2174 caeteris,
906 2093 1027 2179 qui
1074 2092 1659 2174 adversabantur,
1721 2095 2025 2181 arrepta,
2079 2093 2149 2160 in
2198 2114 2355 2162 eum
2405 2093 2701 2181 ejusque
2744 2090 2902 2163 exis‘

424 2182 790 2251 mationem
831 2183 1095 2261 acerbe,
1134 2193 1469 2268 quantum
1507 2193 1896 2270 potuerunt,
1935 2180 2261 2251 invasere.
2309 2181 2781 2271 Religiosioris
2804 2183 2873 2249 ite

391 2269 684 2348 ,ordinis
733 2269 1096 2349 nonnulli,
1152 2268 1384 2356 aliqua
1443 2291 1522 2338 ex
1581 2281 1769 2358 parte
1837 2283 2375 2346 consenserunt,
2441 2270 2668 2341 Caroli
2727 2268 2900 2340 stud'

418 2371 619 2447 atque
644 2360 968 2450 operibus
990 2379 1125 2429 non
1162 2358 1451 2429 obscure
1482 2357 1938 2441 detrabentes,
1969 2371 2034 2429 et
2058 2380 2374 2430 caussam
2410 2359 2836 2431 adversarior

420 2448 831 2538 probantes;
885 2470 965 2518 ac
997 2448 1254 2517 inventi
1288 2460 1472 2527 sunt,
1529 2447 1766 2534 quide
1797 2460 2125 2538 suggestu
2175 2448 2650 2519 celeberrimis
2689 2450 2759 2518 in
2804 2471 2870 2518 co

416 2537 758 2617 cionibuS,
814 2537 881 2605 id
913 2535 1134 2605 facere
1181 2558 1314 2606 non
1369 2547 1785 2606 vererentur.
1837 2542 2141 2619 Quorum
2186 2536 2410 2618 dictis,
2465 2539 2828 2629 Principis»,

416 2626 755 2706 omnium,
808 2626 926 2712 qui
965 2647 1124 2697 cum
1164 2647 1242 2694 eo
1294 2623 1511 2693 Caroli
1571 2625 2020 2716 oppugnandi
2076 2627 2423 2726 negotium
2465 2637 2920 2717 susceperant,

414 2715 666 2782 animis
692 2713 1086 2793 acuebatur;
1116 2714 1427 2784 alebatur
1468 2713 1842 2784 multarum
1879 2736 2110 2783 rerum
2146 2713 2443 2795 licentia,
2477 2738 2661 2801 quas
2692 2713 2926 2803 jamdiu

415 2800 694 2871 Carolus
725 2804 1078 2872 communi
1116 2803 1451 2872 bonorum
1487 2824 1857 2883 consensu,
1912 2802 2144 2872 tollere
2201 2804 2707 2885 contendebat;
2759 2803 2872 2874 offe

414 2892 639 2959 siones
687 2892 969 2960 omnino
1033 2890 1307 2981 publice
1353 2913 1433 2960 ac
1484 2891 1801 2980 privatim
1865 2892 2187 2961 extabant
2250 2914 2490 2980 graves
2561 2906 2631 2963 et
2683 2893 2922 2962 multae

411 2977 596 3055 Quod
632 2977 963 3050 libertatis
995 3001 1237 3069 genus,
1276 3002 1435 3049 cum
1471 2980 1928 3070 tacitu30mira
1964 2981 2315 3070 patientia,
2357 2981 2558 3051 bonis
2594 2982 2930 3072 indignan-

412 3067 641 3147 tibus,
704 3066 824 3137 diu
882 3068 1160 3137 Carolus
1208 3067 1521 3148 tulisset,
1577 3068 1995 3156 privatisque
2042 3080 2307 3139 tantum
2367 3069 2944 3142 admonitionibus.

412 3156 778 3245 temperari
826 3156 1151 3227 benevole
1197 3170 1530 3237 curasset,
1577 3156 1883 3236 demum,
1912 3158 2224 3246 justitiae
2255 3157 2633 3229 servandae
2669 3149 2944 3228 necessi-³

411 3258 583 3325 tate,
638 3246 1004 3336 gregisque
1052 3245 1158 3317 sui
1208 3245 1540 3315 charitate
1588 3259 1863 3315 coactus
1895 3300 1910 3326 ‚
1966 3247 2455 3317 removendum
2505 3269 2660 3319 esse
2692 3303 2707 3331 ,
2773 3248 2944 3317 co'e'r·:

407 3334 843 3434 cendumque
892 3335 1165 3416 statuit,
1218 3357 1297 3403 ac
1344 3357 1423 3404 ea
1488 3334 1948 3404 concionandi
2012 3335 2182 3405 ratio
2232 3336 2650 3425 reprehensa
2712 3341 2944 3407 Romae

406 3435 723 3513 graviter,
761 3436 826 3492 et
860 3424 1102 3514 punita
1148 3435 1249 3494 est
1258 3472 1388 3490 .....
2941 3455 2942 3458 =

493 3515 529 3599 ξ
576 3515 721 3584 48.
777 3517 958 3581 Inter
1022 3534 1136 3581 eas
1184 3512 1626 3591 acerbitates,
1686 3533 1982 3599 quarum
2059 3513 2314 3582 exitum
2373 3525 2604 3602 postea
2664 3530 2923 3603 expone·

404 3622 585 3676 mus,
630 3600 911 3671 Carolus
960 3623 1169 3670 novas
1216 3621 1546 3688 quaerere
1587 3621 1721 3670 non
1772 3600 2143 3671 desistebat
2195 3600 2518 3671 salutaris
2565 3602 2744 3672 vitae
2797 3618 2922 3689 pro·

398 3689 809 3778 gressiones.
854 3690 1115 3759 Etenim
1153 3712 1231 3759 ex
1285 3689 1647 3779 praeterita
1702 3689 2127 3778 pestilentiae
2158 3690 2571 3771 calamitate,
2624 3684 2922 3778 quemad·

398 3777 682 3848 modum
726 3777 882 3848 aliis
922 3777 1252 3849 mortiferi
1302 3790 1535 3848 aestus
1584 3799 1922 3849 venenum
1976 3779 2043 3847 in
2100 3779 2408 3848 membra
2450 3779 2803 3866 injectum,
2848 3775 2918 3842 ita

400 3864 504 3934 illi
548 3867 818 3956 pietatis
865 3879 930 3936 et
977 3867 1335 3937 charitatis
1382 3866 1588 3936 ardor
1639 3867 1704 3934 in
1769 3867 2085 3940 animum
2139 3868 2496 3937 immissus
2547 3868 2885 3960 videbatur
2902 3883 2913 3934 ;

400 3967 701 4042 tuncque
751 3957 972 4046 magis
1011 3977 1219 4043 quam
1276 3978 1585 4043 unquam
1637 3967 1836 4025 antea
1885 3969 2028 4025 erat
2083 3956 2168 4025 ad
2220 3979 2531 4027 summos
2573 3956 2914 4028 sanctitatis

397 4042 867 4132 perfectaeque
913 4044 1327 4135 disciplinae
1359 4043 1620 4150 gradus
1658 4057 1950 4114 erectus.
2007 4044 2185 4114 Illud
2239 4046 2415 4114 inter
2458 4045 2618 4124 alia,
2679 4040 2911 4114 sublato

396 4132 622 4199 statim
655 4132 1082 4221 pestilentiae
1115 4134 1378 4215 morb0‚
1404 4133 1694 4212 curavit,
1735 4145 1809 4203 ut
1834 4135 2330 4204 coenobiticam
2368 4136 2572 4204 vitam
2615 4154 2748 4204 una
2777 4147 2905 4222 cum

393 4218 661 4290 clericis
702 4223 849 4291 suis
897 4223 1378 4292 institueret...
1409 4278 1421 4292 .
1456 4273 1469 4286 .
1518 4227 1682 4291 Cum
1737 4244 1858 4310 pro
1907 4223 2334 4313 Episcopalis
2372 4224 2547 4294 vitae
2578 4233 2769 4298 statu,
2809 4234 2904 4312 (ΙΨ

398 4307 755 4396 religiosos
818 4310 1095 4379 ordines
1151 4332 1629 4397 quoscumque
1696 4311 2016 4397 perfecta,
2071 4312 2470 4401 optimaque
2520 4312 2689 4381 vitae
2744 4309 2903 4375 insu-

396 4397 655 4466 tutione
705 4397 1087 4478 antecellit,
1141 4411 1205 4467 et
1258 4399 1523 4467 utinam
1572 4421 1681 4472 re,
1741 4399 2074 4486 factisque
2135 4423 2410 4490 semper
2470 4397 2892 4470 antecelleret,
