2993 4837
33 311 171 381 Nov.
213 314 249 378 4
818 331 895 378 nn
943 332 997 377 s.
1052 329 1293 378 canoto
1344 327 1680 377 Bonnousso
2306 312 2433 377 255

33 416 233 503 optima
265 436 399 483 sem
501 421 551 483 ι’
584 415 672 485 ad
736 415 1180 485 imitationem
1231 414 1544 504 exempla
1605 434 1984 504 proponere
2032 412 2323 493 debent;
2385 435 2525 501 quo

33 500 242 575 facilius
287 503 354 572 id
436 505 537 573 eri
594 517 844 593 posset,
896 503 1384 575 abstinendum
1440 502 1760 572 monebat
1808 502 1894 571 ab
1941 523 2179 572 eorum
2229 523 2520 572 consue-

33 592 255 675 tudinem
302 592 523 679 deque
566 615 640 662 se
675 594 826 681 ipso
873 592 989 661 tali
1039 592 1182 662 viro
1238 590 1670 673 affirmabat,
1726 612 2082 678 nunquam
2143 613 2213 661 se
2265 613 2522 681 cogna-

33 688 198 755 torum
229 702 507 751 suorum
546 680 837 750 domum
887 680 1076 750 adire
1112 680 1374 769 (adibat
1427 692 1657 750 autem
1709 701 2039 769 perquam
2084 679 2292 769 raro),
2347 680 2517 767 quin

33 762 206 856 iliquo
242 769 438 839 modo
486 769 889 839 divinarum
940 790 1170 839 rerum
1216 768 1468 851 studia,
1538 781 1742 855 atque
1789 767 2129 839 desideria
2188 769 2519 838 retardari

33 857 201 935 'mimo
248 880 368 927 suo
433 859 743 928 sentiret.
815 857 1213 928 Federicum
1264 880 1473 927 suum
1544 869 1822 946 propter
1883 857 2184 946 optimae
2234 871 2519 927 naturae

34 942 37 955 '
146 948 336 1028 inico,
390 962 605 1035 atque
652 946 821 1015 adeo
868 946 1293 1036 singularem
1352 945 1859 1015 ecclesiasticae
1912 945 2271 1034 probitatis
2322 947 2519 1017 indo-

128 1087 145 1114 ,
191 1058 225 1103 a
254 1037 472 1129 prima
508 1049 732 1106 aetate
779 1034 1013 1105 dilexit
1061 1034 1472 1124 plurimum,
1512 1033 1631 1103 sed
1663 1054 1966 1103 amorem
2029 1035 2120 1103 ita
2167 1037 2510 1117 coercuit,

118 1145 311 1211 neque
356 1124 545 1215 apud
602 1147 676 1195 se
730 1123 975 1194 habere
1024 1123 1357 1204 voluerit,
1427 1144 1646 1209 neque
1708 1122 1940 1204 vultu,
1999 1144 2218 1210 neque
2266 1126 2512 1206 verbiS,

124 1234 193 1280 ue
223 1234 289 1285 re
319 1213 562 1299 aliqua
614 1212 753 1282 fere
784 1212 1161 1300 quidquam
1213 1213 1281 1280 in
1333 1233 1490 1281 eum
1530 1212 1942 1302 praecipuae
1983 1211 2352 1283 voluntatis
2399 1214 2518 1282 de.-

112 1301 377 1370 nstrarit.
433 1306 609 1373 Cum
677 1323 895 1371 annos
940 1324 1055 1370 ¹111
1107 1312 1368 1382 natum,
1413 1300 1766 1370 doctrinae
1813 1305 2084 1383 caussa,
2137 1303 2514 1371 Bononiam

136 1390 351 1470 itteret,
396 1389 879 1478 nonnullaque
922 1412 1039 1480 per
1087 1410 1211 1458 nos
1241 1389 1302 1458 ei
1341 1389 1513 1458 vitae
1563 1402 1922 1479 praecepta
1972 1389 2201 1472 daret,
2257 1389 2519 1478 ample-

120 1499 215 1546 um
256 1478 451 1548 illum
502 1500 660 1548 esse
710 1478 912 1547 vitam
962 1477 1375 1557 clericalem,
1424 1479 1753 1568 gaudenti
1811 1500 1974 1547 sane
2023 1480 2257 1548 animo
2315 1479 2514 1547 nobis

122 1567 268 1635 ruit:
318 1589 755 1654 quamquam
806 1566 977 1635 nihil
1026 1566 1370 1656 ejusmodi
1422 1566 1648 1657 palam
1703 1588 1864 1656 prae
1911 1589 1983 1637 se
2033 1567 2213 1648 tulit;
2267 1590 2344 1636 ac
2391 1589 2516 1636 nos

115 1677 145 1723 c
183 1655 448 1742 quidem
503 1656 1076 1736 existimavimus,
1132 1655 1528 1725 Federicum
1580 1656 1664 1725 de
1719 1678 1800 1725 ea
1860 1677 1931 1724 re
1979 1677 2136 1727 cum
2189 1678 2267 1726 eo
2326 1678 2514 1725 com-

116 1743 386 1814 nicasse:
447 1758 687 1834 postea
738 1765 892 1813 vero
948 1745 1331 1831 permirum
1392 1745 1613 1814 visum
1670 1758 1794 1821 est,
1851 1767 2010 1814 cum
2063 1745 2243 1815 idem
2304 1744 2511 1813 Fede·

98 1852 168 1900 us
206 1834 587 1907 Cardinalis
638 1833 837 1903 nobis
884 1833 1271 1911 affirmavit,
1312 1855 1533 1920 neque
1574 1848 1717 1903 tum
1751 1855 1823 1903 se
1853 1833 2114 1920 aliquid
2165 1833 2509 1919 ejusmodi

75 1941 142 1988 ne
187 1930 269 1992 se*
292 1922 537 1991 tulisse
570 1977 587 2001 ,
659 1934 723 1991 et
769 1945 806 1990 a
846 1921 1146 1992 clericali
1199 1922 1332 1990 vita
1391 1944 1469 1992 eo
1534 1934 1836 2011 tempore
1913 1922 2126 1993 fuisse
2173 1921 2503 1992 alienum.

75 2009 381 2097 -upinquos
430 2032 561 2170 per
609 2010 781 2079 alios
845 2010 1193 2091 libentiuS,
1240 2032 1446 2098 quam
1522 2032 1640 2099 per
1686 2033 1759 2079 se
1799 2011 2022 2099 ipsos,
2076 2011 2337 2098 aliquid
2396 2034 2510 2100 pe-

73 2110 186 2166 tes
226 2099 423 2169 audie
477 2113 576 2177 at;
630 2099 913 2168 omnino
962 2112 1159 2168 caute
1189 2098 1575 2169 audiendos
1603 2120 1751 2169 esse
1792 2099 2083 2180 dicebat,
2137 2101 2508 2184 animoque

65 2186 293 2256 nulla
328 2189 735 2278 suspicione
768 2200 1121 2277 occupat0,
1158 2209 1239 2255 ne
1265 2187 1430 2274 quid
1467 2188 2016 2277 minusjustum,
2059 2188 2508 2277 probatumve

142 2274 415 2346 ularent:
451 2290 607 2347 tum
646 2288 881 2364 parato
910 2276 1114 2345 etiam
1158 2277 1241 2344 ad
1275 2276 1694 2367 negandum,
1731 2277 1789 2345 si
1842 2278 2074 2346 minus
2124 2276 2190 2345 id
2244 2288 2504 2345 rectum

73 2378 352 2444 wareret,
408 2388 497 2436 ne
551 2366 616 2434 vi
666 2364 833 2435 forte
879 2365 1421 2455 conjunctionis,
1490 2364 1577 2435 ad
1626 2364 1891 2453 aliquid
1967 2366 2202 2436 minus
2248 2364 2508 2453 justum

83 2452 475 2551 *medendum
512 2454 1008 2543 impelleretur,
1040 2475 1176 2540 qua
1212 2453 1683 2525 remollescere
1712 2455 1903 2525 fortis
1928 2477 2198 2543 quoque
2231 2456 2511 2525 animus

61 2620 64 2623 ¹
101 2539 170 2609 ile
210 2544 390 2625 solet,
448 2566 531 2613 ac
584 2543 809 2612 leniri.
864 2548 1031 2613 Cum
1064 2542 1180 2611 alii
1215 2542 1374 2623 fere,
1418 2543 1950 2632 propinquitatis
1981 2548 2252 2625 caussa,
2295 2543 2511 2613 multa

67 2651 278 2712 utere,
329 2646 541 2719 atque
590 2631 949 2722 indulgere
1004 2631 1287 2712 soleant,
1341 2644 1580 2701 contra
1629 2631 1743 2701 ille
1799 2632 2310 2720 conjunctionis
2361 2633 2509 2700 vin-

69 2722 502 2816 outebatur,
564 2732 903 2807 quantum
958 2732 1247 2809 poterat,
1308 2732 1383 2790 ut
1436 2742 1516 2789 eo
1582 2722 1933 2792 constricti
1982 2724 2252 2810 cognati
2304 2722 2508 2791 rebus

69 2807 279 2904 ...nibus
343 2811 623 2899 magis,
674 2830 882 2896 quam
964 2809 1081 2878 alii
1153 2809 1702 2889 continerentur,
1760 2831 1842 2879 ne
1908 2812 2148 2882 ceteris
2196 2810 2507 2899 exemplo

61 2893 334 2982 dquam
369 2911 726 2979 nocerent,
765 2898 904 2967 imo
955 2898 1180 2986 potius
1235 2896 1654 2985 prodessent.
1708 2903 1755 2967 Α
1806 2899 2048 2969 ebatur
2094 2901 2509 2987 quandoque

67 2984 476 3081 episcopatu
528 2987 604 3055 in
651 2986 997 3090 provinq'a
1050 2985 1536 3058 Mediolanensi
1593 2922 1988 3057 mangando
2035 2988 2310 3058 cuidam
2360 2989 2508 3076 ejus

63 3076 201 3152 ςέιιι,
244 3076 442 3166 cujus
491 3075 921 3156 doctrinam,
992 3074 1128 3144 alia
1175 3075 1459 3146 fortasse
1512 3075 1849 3146 nonnulla
1897 3075 1979 3144 ad
2029 3078 2504 3167 episcopatum

57 3162 332 3243 ,wadum
387 3164 780 3235 necessaria
813 3186 971 3233 cum
1022 3163 1484 3244 desideraret,
1539 3186 1697 3234 eum
1749 3164 2251 3235 excludendum
2303 3188 2507 3234 cura-

57 3267 110 3322 n:
137 3269 252 3334 qua
284 3253 364 3323 de
416 3276 490 3323 re
542 3274 702 3321 cum
755 3253 836 3332 is,
876 3253 1134 3340 aliique
1163 3253 1509 3342 conjuncti
1542 3266 2015 3340 quererentur,
2052 3252 2259 3322 libere
2307 3276 2505 3323 caus-

49 3343 406 3434 5aperuit,
464 3341 729 3428 quibus
761 3363 910 3410 eam
950 3363 1090 3410 rem
1148 3342 1293 3431 ipse
1345 3343 1632 3431 probare
1675 3363 1808 3411 non
1866 3353 2122 3431 posset,
2183 3342 2320 3410 imo
2370 3342 2501 3411 sibi

57 3443 295 3520 fucaret
371 3429 916 3520 impediendam.
981 3435 1177 3500 Joan.
1247 3431 1484 3499 Jacobi
1545 3430 1825 3499 Medicis
1894 3430 2227 3508 cadaver,
2298 3429 2504 3515 jussu

118 3516 184 3580 IV
224 3519 365 3607 ejus
414 3520 650 3589 fratris
709 3519 776 3587 in
835 3517 1155 3608 eleganti,
1200 3540 1278 3587 ac
1329 3518 1700 3608 magnifico
1753 3539 2131 3588 marmoreo
2182 3517 2503 3607 sepulcro

62 3597 359 3676 locatum
411 3609 481 3678 in
536 3608 822 3676 ecclesia
894 3607 1142 3695 majori
1206 3606 1375 3676 Med.
1432 3606 1888 3676 nihilominus
1947 3606 2246 3696 deponi,
2301 3619 2507 3693 atque

53 3686 367 3787 bterram
409 3696 664 3782 conjici
716 3695 950 3785 jussit,
1009 3697 1165 3765 licet
1211 3708 1565 3785 exceptum
1640 3708 2165 3765 monumentum
2199 3749 2213 3775 ,
2271 3695 2340 3763 in
2390 3694 2502 3762 de·

216 3805 288 3854 eo
323 3783 407 3853 de
441 3805 691 3874 genere
725 3784 1001 3874 scriptis
1051 3783 1341 3873 intelligi
1376 3795 1626 3885 posset.
1669 3789 1833 3853 Cum
1885 3783 2112 3852 adhuc
2161 3782 2505 3852 avunculo

101 3883 245 3967 ente,
299 3895 414 3961 per
461 3878 908 3944 Ortuanetum
954 3872 1429 3943 collocutionis
1480 3873 1627 3942 loca
1669 3873 1735 3941 in
1782 3871 2214 3941 monasteriis
2246 3872 2331 3940 ad
2369 3872 2505 3940 vir-

59 3955 217 4028 alis
262 3961 545 4059 pudoris
583 3982 892 4031 normam
933 3961 1409 4040 conformaret,
1464 3962 1533 4030 in
1587 3961 1737 4051 ipso
1789 3959 2202 4030 monasterio
2253 3960 2319 4029 in
2364 3959 2506 4049 pri-

62 4060 141 4120 ¹8,
173 4046 277 4116 ubi
330 4072 460 4120 non
515 4072 707 4120 soror
754 4051 904 4139 ejus
953 4063 1246 4131 tantum,
1301 4050 1417 4119 sed
1474 4050 1678 4120 etiam
1730 4048 2077 4119 Pontificis
2128 4047 2348 4137 ipsius
2398 4069 2505 4117 so-

69 4162 72 4165 ·
117 4158 126 4168 ·
191 4151 392 4217 erant,
449 4138 517 4207 id
567 4139 810 4207 effecit.
1198 4153 1211 4165 “

88 4219 281 4314 ἱδῗ.
334 4227 722 4297 Amicorum
775 4227 1032 4316 gratiae
1084 4239 1347 4296 tantum
1409 4227 1670 4306 tribuit,
1709 4239 1786 4296 ut
1826 4244 2067 4295 omnes
2119 4237 2340 4294 tamen
2395 4226 2502 4293 in-

77 4302 358 4394 ligerem,
414 4315 587 4385 nibil
641 4315 728 4384 ab
775 4338 853 4385 eo
904 4316 1253 4404 impetrari
1307 4338 1526 4404 posse,
1582 4315 1713 4384 nisi
1751 4316 2048 4404 justum,
2106 4327 2504 4410 rectumque

191 4403 464 4487 penituS,
520 4418 587 4474 et
639 4425 804 4473 suae
838 4403 1165 4474 ecclesiae
1218 4404 1570 4481 institutis,
1612 4417 1813 4489 atque
1850 4398 2300 4484 utilitatibuS,
2356 4415 2500 4472 tum

2643 4497 2714 4538 s,
