2993 4837
50 310 202 375 NOV.
259 313 341 377 12
843 282 850 291 ’
941 332 1017 377 os
1066 332 1121 377 S.
1177 330 1455 379 nanno
1507 333 1666 377 rArA
2357 316 2486 380 435

51 418 538 501 Imperatorem.
575 415 750 496 Quid
804 415 927 484 tibi
975 416 1122 506 spei
1162 419 1356 484 erat?
1403 437 1561 485 ecce
1595 414 2025 502 dereliquisti
2075 416 2466 495 dominum,
2511 431 2576 487 et

45 502 385 589 dereliquit
421 517 486 571 te
529 507 776 572 Deus.»
825 509 903 572 Et
940 505 1272 574 continuo
1311 526 1563 574 vocans
1603 504 2005 573 sacellarius
2043 505 2413 590 quemdam
2454 505 2574 574 ad·

29 592 346 673 >stantium
395 591 871 661 excubitorum
911 606 1276 673 tonsorem,
1316 595 1684 683 praecepit,
1730 594 1879 662 sine
1921 615 2110 662 mora
2161 593 2259 661 illi
2303 593 2575 663 auferre

29 681 398 767 'psachmon
457 680 491 715 ²*
548 682 807 750 summi
855 695 921 752 et
964 682 1330 772 Apostolici
1378 683 1555 764 viri,
1609 695 1811 769 atque
1874 683 2226 772 praecipui
2280 684 2573 771 pastoris

37 770 327 838 omnium
380 768 974 851 Christianorum,
1035 772 1156 858 qui
1218 772 1663 842 orthodoxam
1718 786 2112 840 sanctorum
2166 777 2439 841 Patrum
2507 786 2572 842 et

40 858 455 946 synodorum
506 858 1032 940 confessionem,
1077 861 1203 928 hoc
1236 873 1337 930 est
1377 860 1610 942 fidem,
1655 861 2110 942 confirmavit,
2150 874 2213 929 et
2262 861 2419 929 novi
2464 882 2569 930 er-

39 948 187 1016 roris
243 960 513 1017 exortos
563 959 920 1028 auctores,
988 948 1299 1018 videlicet
1348 971 1559 1020 novos
1608 949 2030 1030 haereticos,
2100 972 2257 1017 cum
2329 950 2567 1038 impiis

36 1034 463 1125 dogmatibus
518 1058 757 1106 eorum
817 1038 1149 1107 canonice
1195 1050 1260 1106 et
1321 1037 1652 1126 synodice
1712 1039 2335 1106 anathematizavit.
2395 1043 2564 1108 Cum

37 1146 174 1211 ergo
209 1126 570 1195 excubitor
618 1126 971 1196 incidisset
1015 1126 1392 1215 psachmon
1425 1127 1604 1196 beati
1643 1127 1791 1205 viri,
1847 1140 1912 1195 et
1963 1127 2331 1217 corrigiam
2380 1149 2566 1196 com-

41 1215 372 1299 pagiorum
423 1213 603 1301 ejuS,
660 1214 890 1283 statim
952 1215 1233 1284 tradidit
1280 1237 1437 1285 eum
1489 1215 1894 1285 sacellarius
1954 1216 2289 1305 praefecto
2338 1217 2558 1297 urbiS,

38 1300 281 1372 dicens:
329 1324 366 1368 «
421 1301 611 1371 Tolle
660 1303 869 1383 hunc,
905 1303 1184 1372 domine
1226 1303 1584 1392 praefecte,
1637 1318 1701 1373 et
1750 1305 2079 1375 continuo
2123 1305 2559 1374 membratim

40 1390 236 1459 incide
282 1391 510 1459 illum.
557 1414 592 1456 »
642 1396 808 1460 Cum
864 1391 973 1461 his
1025 1406 1249 1462 autem
1293 1396 1620 1463 omnibus
1661 1394 1872 1481 jussit
1922 1395 2357 1463 adstantibus
2391 1415 2565 1462 ana-

40 1477 451 1548 thematizare
482 1501 678 1547 eum:
723 1481 905 1567 quod
960 1493 1023 1549 et
1063 1481 1393 1551 fecerunt.
1440 1487 1582 1552 Non
1622 1505 1726 1552 res
1780 1484 2126 1552 onderunt
2163 1496 2391 1551 autem
2428 1481 2557 1551 hu-

35 1565 394 1651 juscemodi
447 1567 597 1637 voci
648 1568 883 1658 viginti
939 1571 1239 1640 virorum
1288 1571 1587 1650 animae,
1636 1594 1706 1640 se
1804 1593 2044 1640 omnes
2092 1573 2214 1657 qui
2270 1572 2396 1639 hoc
2466 1571 2562 1638 vi-

39 1654 282 1739 debant,
336 1671 404 1727 et
435 1657 748 1727 sciebant
784 1660 949 1743 quia
997 1665 1174 1728 Deus
1203 1673 1304 1728 est
1351 1660 1422 1727 in
1463 1660 1653 1728 coelo
1681 1673 2084 1747 conspector
2114 1682 2349 1729 eorum
2386 1681 2564 1746 quae

43 1744 283 1827 fiebant,
323 1747 679 1817 submisso
721 1747 914 1817 vultu
953 1771 1111 1818 cum
1159 1770 1410 1835 magna
1449 1748 1935 1817 moestitudine
1977 1748 2406 1818 recedebant.

110 1838 324 1920 3⁵21).
361 1835 836 1924 Suscipientes
859 1859 1020 1926 ergo
1052 1837 1414 1906 carnifices
1443 1837 1714 1904 beatum
1743 1838 2183 1925 Episcopum,
2229 1849 2568 1906 exuerunt

39 1921 206 1990 illum
246 1925 455 2013 pallio
493 1925 937 1994 sacerdotalis
968 1925 1178 1995 stolae
1214 1937 1278 1993 et
1305 1924 1696 1993 scindentes
1730 1925 1874 1993 alas
1912 1926 2183 1993 tunicae
2208 1927 2358 2012 ejus
2388 1947 2566 2011 quae

45 2027 162 2079 erat
207 2014 499 2083 interius
540 2036 579 2081 a
629 2035 902 2083 summo
940 2034 1162 2098 usque
1217 2013 1540 2082 deorsum
1570 2066 1590 2092 ‚
1641 2014 2290 2101 circumposuerunt
2347 2013 2565 2082 ferrea

47 2099 284 2170 vincula
333 2103 401 2171 in
450 2115 759 2170 sanctam
812 2103 961 2192 ejus
1009 2101 1366 2181 cervicem,
1420 2113 1485 2169 et
1528 2123 1646 2189 per
1685 2123 1885 2170 omne
1926 2123 2179 2188 corpus
2218 2114 2569 2170 traxerunt

47 2206 171 2257 eum
223 2212 381 2261 cum
440 2191 531 2270 vi,
585 2204 649 2258 et
701 2212 831 2260 non
881 2204 1369 2259 concesserunt
1415 2190 1474 2258 ei
1568 2192 1796 2259 enitus
1842 2189 2099 2258 alicubi
2159 2190 2457 2258 residere
2502 2203 2568 2259 et

51 2279 309 2347 animam
358 2279 766 2349 refocillare.
824 2285 1171 2350 Duxerunt
1217 2292 1442 2347 autem
1491 2280 1507 2346 i
1545 2279 1686 2348 lum
1729 2302 1767 2347 a
1809 2279 2085 2368 palatio,
2131 2279 2564 2367 publicantes

53 2378 100 2433 et
139 2367 658 2440 dehonestantes
703 2391 821 2458 per
870 2368 1172 2437 medium
1224 2368 1520 2438 civitatis
1569 2391 1788 2456 usque
1844 2368 1927 2436 ad
1982 2363 2396 2457 praetorium
2436 2423 2449 2446 ,
2501 2381 2568 2437 et

47 2452 280 2542 gladius
329 2481 561 2528 coram
613 2480 716 2527 eo.
774 2464 926 2527 Erat
972 2469 1197 2526 autem
1256 2458 1399 2526 viro
1456 2458 1648 2527 beato
1705 2457 1899 2526 dolor
1949 2480 2246 2548 magnus
2304 2471 2369 2526 et
2420 2458 2565 2525 ine-

51 2547 428 2617 narrabilis:
484 2546 741 2636 oppido
788 2548 970 2614 enim
1019 2560 1164 2614 erat
1212 2545 1433 2618 fessus
1485 2561 1551 2615 et
1615 2547 1936 2616 infirmus
1990 2570 2149 2636 prae
2209 2546 2413 2616 tantis
2462 2547 2565 2614 in-

45 2635 413 2715 commodis,
469 2635 746 2704 futurus
780 2634 1061 2703 reddere
1098 2635 1401 2705 animam
1438 2659 1475 2704 a
1513 2657 1837 2726 pressura
1874 2637 2246 2705 nimiarum
2300 2636 2562 2724 passio-

51 2740 220 2814 num,
276 2739 338 2793 et
390 2723 720 2793 tenuitate
768 2724 1096 2812 corporis.
1152 2728 1456 2794 Attamen
1520 2724 1832 2814 gaudens
1882 2747 2001 2814 spe
2048 2725 2564 2794 confortabatur

47 2827 100 2874 tn
130 2813 423 2891 Domino,
464 2813 531 2881 in
569 2833 704 2899 quo
746 2812 985 2882 habuit
1019 2813 1344 2881 fiduciam
1388 2826 1701 2903 aeternae
1749 2812 2239 2883 consolationis
2269 2826 2333 2882 et
2370 2836 2566 2902 prae-

53 2897 232 2966 mium
285 2902 454 2970 tanti
509 2924 629 2990 pro
679 2904 955 2971 veritate
1013 2901 1291 2970 laboris.
1361 2905 1436 2971 Et
1501 2925 1637 2989 quo
1701 2904 1923 2992 magis
1975 2903 2341 2971 afflictione
2388 2915 2451 2970 et
2503 2902 2567 2971 vi

54 2986 453 3072 trahebatur,
508 3013 586 3059 eo
637 2993 856 3080 magis
906 3012 1144 3059 sereno
1192 2990 1463 3059 obtuitu
1512 2992 1800 3070 ductnS‚
1857 3012 2015 3058 cum
2077 2990 2293 3060 multa
2342 2991 2563 3060 animi

50 3082 388 3148 constantia
427 3080 666 3168 justus
715 3101 872 3147 cum
926 3101 1066 3149 uno
1122 3079 1561 3149 solummodo
1612 3081 2014 3148 indumento
2066 3103 2100 3147 a
2146 3102 2420 3149 summo
2456 3079 2566 3146 di-

49 3164 225 3233 scisso
255 3169 319 3236 in
367 3169 546 3236 duas
589 3181 836 3255 parteS,
889 3182 955 3236 et
1001 3168 1149 3235 sine
1196 3168 1487 3237 cintorio
1541 3169 1892 3237 incedebat
1944 3167 2046 3236 vir
2095 3180 2324 3237 tantus
2355 3222 2369 3246 ‚
2426 3167 2565 3235 fide

50 3263 98 3316 et
139 3257 338 3340 gratia
399 3257 670 3325 Domini
718 3258 1007 3325 cinctus.
1073 3261 1243 3335 Heu,
1308 3257 1479 3345 proh
1521 3257 1737 3335 dolor,
1791 3278 2105 3325 cerneres
2148 3256 2369 3323 virum
2431 3261 2558 3324 Deo

51 3337 290 3421 plenum
337 3359 521 3414 tanto
555 3345 924 3433 opprobrio
958 3344 1372 3432 subJectum,
1404 3359 1479 3414 ut
1509 3346 1828 3414 interiora
1862 3345 2014 3430 ejus
2047 3343 2561 3431 quodammodo

53 3428 202 3496 nuda
237 3434 720 3519 panderentur.
759 3433 1122 3502 Multifarie
1148 3435 1427 3521 quidem
1458 3435 1926 3504 contentiones
1961 3432 2373 3522 populorum
2407 3454 2562 3519 age-

51 3511 264 3588 bantur
311 3535 587 3612 propter
636 3537 949 3593 sanctum
1004 3523 1253 3602 virum,
1302 3523 1419 3591 alii
1470 3525 1868 3612 gemebant,
1923 3535 1987 3590 et
2037 3542 2344 3591 moerore
2399 3542 2563 3587 con-

49 3598 175 3674 fecti
215 3607 809 3700 lacrymabantur;
863 3610 982 3680 alii
1033 3624 1259 3682 autem
1307 3612 1777 3681 ministrorum
1836 3623 2112 3680 satanae
2168 3609 2562 3699 gaudebant

52 3703 100 3759 et
149 3697 697 3778 subsannabant3
749 3714 814 3769 et
870 3701 1048 3770 sicut
1115 3701 1447 3790 seriptum
1501 3714 1648 3781 est,
1704 3712 2134 3769 transeuntes
2202 3697 2564 3766 movebant

53 3783 241 3868 capita
271 3810 416 3870 sua,
471 3804 535 3857 et
582 3789 941 3858 dicebant:
999 3813 1034 3854 «
1075 3790 1196 3857 Ubi
1254 3802 1355 3857 est
1409 3795 1583 3858 Deus
1629 3790 1802 3877 ejus,
1857 3802 1921 3858 et
1971 3789 2087 3856 ubi
2138 3787 2310 3856 sides
2358 3786 2507 3873 ejus
2542 3840 2556 3863 ,

56 3881 104 3966 et
141 3871 434 3947 doctrina
486 3878 755 3967 ipsius?
785 3902 819 3944 »
856 3876 1164 3964 Cumque
1211 3878 1507 3946 venisset
1556 3891 1835 3947 sanctus
1888 3876 2152 3944 Domini
2192 3876 2260 3942 in
2302 3887 2565 3963 praeto-

58 3975 203 4058 ?iufn
236 3963 739 4047 dehonestatus,
783 3980 848 4036 et
886 3989 925 4034 a
973 3965 1421 4035 carnificibus
1471 3965 1881 4044 vinculatus,
1924 3965 2359 4053 projecerunt
2404 3984 2563 4030 eum

63 4064 112 4111 tn
143 4070 264 4118 lma
297 4055 589 4124 carceris
635 4075 790 4123 cum
849 4055 1240 4134 homicidiS,
1275 4068 1340 4122 et
1371 4067 1713 4124 transacta
1759 4054 1956 4140 quasi
1998 4075 2137 4121 una
2179 4052 2346 4119 hora
2395 4049 2564 4118 tule-

65 4149 194 4205 runt
225 4161 372 4210 eum
424 4143 608 4220 inde,
660 4156 723 4212 et
768 4156 1339 4233 transposuerunt
1395 4143 1588 4211 illum
1638 4144 1705 4210 in
1763 4141 2073 4210 custodia
2111 4137 2453 4237 Diomedis
2492 4140 2560 4206 in

68 4231 356 4304 praetorio
404 4232 753 4322 praefecti.
809 4236 1021 4302 Tanta
1070 4246 1297 4303 autem
1349 4232 1679 4301 instantia
1730 4244 1794 4301 et
1843 4231 1905 4298 vi
1956 4230 2317 4299 trahebant
2364 4225 2564 4295 lllum

89 4378 123 4438 ν’
149 4380 359 4426 Peaehmon
395 4388 472 4427 vel
511 4387 673 4435 potius
709 4389 971 4437 μαι-ληίου,
1010 4398 1035 4428 e
1070 4396 1234 4438 graeco
1270 4386 1496 4427 vocabulo
1528 4375 1789 4438 Ψὰχνιον,
1824 4385 1973 4426 vestis
2002 4388 2104 4427 erat
2134 4388 2426 4425 summorum
2453 4379 2569 4418 Pon·

72 4436 212 4482 uacum
233 4447 275 4485 et
293 4448 667 4489 Patr-tarenorum
687 4447 891 4499 propria.
919 4451 993 4490 Ita
1010 4451 1241 4500 Ducnnge.
