2993 4837
25 356 28 371 ⁵
88 355 239 420 NOV.
297 356 361 420 ll
797 377 873 422 ΒΕ
922 377 972 423 s.
1031 377 1306 424 nantino
1357 377 1454 423 ΕΡ.
1510 376 1860 424 TURONENSI
2376 363 2504 426 4⁴9

86 458 240 527 enim
289 480 561 549 gregem
619 473 811 529 tuum
883 460 1030 561 lupi
1099 483 1408 562 rapaces:
1464 473 1530 530 et
1561 462 1718 548 quis
1764 484 1877 530 eos
1915 484 1955 531 a
1997 462 2381 544 morsibus,
2440 486 2590 551 per-

83 566 259 616 cusso
290 561 580 635 pastore,
621 548 1060 638 prohibebit?
1093 555 1362 619 Scimus
1390 550 1670 638 quidem
1702 549 2088 643 desiderare
2123 563 2182 619 te
2214 551 2581 633 Christum,

55 635 180 703 ‘sed
228 635 409 705 salva
463 636 588 706 tibi
651 649 812 707 sunt
873 649 988 709 tua
1038 641 1336 730 praemia
1370 694 1384 718 ,
1439 661 1563 708 nec
1610 638 1814 708 dilata
1869 640 2310 708 minuentur:
2378 641 2590 709 nostri

55 724 281 813 ,potius
332 724 677 807 miserere,
729 748 903 813 quos
951 727 1231 797 deseris.
1276 756 1299 787 ι
1356 733 1524 796 Tum
1579 726 1694 795 ille
1735 740 1958 797 motus
2008 727 2115 798 his
2163 728 2459 808 fletibus,
2516 743 2592 798 ut

53 810 235 881 ²1otus
263 834 536 903 semper
581 814 650 882 in
692 814 975 885 Domino
1027 815 1532 903 misericordiae
1565 815 1940 885 visceribus
1973 816 2310 897 affluebat,
2367 817 2590 907 lacry-

75 922 273 972 masse
321 901 740 992 perhibetur.
797 907 1308 991 conversusque
1356 904 1437 973 ad
1491 904 1883 985 Dominum,
1940 904 2065 973 hac
2116 918 2376 975 tantum
2422 906 2590 974 flen-

77 990 236 1059 tibus
283 1012 439 1059 voce
490 990 882 1081 respondit:
939 1014 975 1058 «
1010 995 1313 1072 Domine,
1352 994 1409 1061 si
1441 992 1671 1062 adhuc
1722 993 1974 1083 populo
2015 1005 2130 1062 tuo
2162 1015 2312 1063 sum
2351 1015 2585 1063 neces-

27 1078 300 1163 tsarius,
351 1101 487 1148 non
535 1100 776 1149 recuso
826 1079 1169 1150 laborem:
1222 1080 1340 1149 fiat
1397 1081 1714 1151 voluntas
1765 1094 1902 1151 tua.
1936 1105 1972 1148 »
2023 1082 2356 1151 Nimirum
2409 1083 2588 1151 inter

31 1184 237 1254 'spem
283 1189 730 1255 amoremque
779 1169 1064 1258 posituS‚
1118 1168 1454 1238 dubitavit
1502 1191 1697 1258 pene,
1734 1170 1899 1256 quid
1939 1170 2216 1239 mallet:
2262 1171 2426 1256 quia
2462 1193 2586 1240 nec

31 1222 180 1533 [hos
221 1254 552 1337 deserere,
596 1278 719 1325 nec
767 1278 805 1326 a
841 1258 1102 1327 Christo
1150 1257 1417 1327 volebat
1462 1257 1726 1327 diutius
1775 1259 2099 1348 separari.
2140 1257 2315 1327 Nihil
2356 1271 2582 1328 tamen

69 1339 133 1409 'in
175 1355 313 1413 voto
369 1367 500 1414 suo
540 1366 842 1435 ponens,
897 1356 1016 1416 aut
1061 1345 1392 1416 voluntati
1441 1347 1869 1434 relinquenS,
1928 1359 2141 1416 totum
2193 1369 2264 1416 se
2317 1348 2586 1416 Domini

73 1429 321 1499 ‘arbitrio
387 1434 843 1523 potestatique
907 1435 1392 1505 committens:
1469 1440 1705 1505 Nonne
1775 1435 1894 1504 tibi
1967 1435 2074 1503 his
2147 1435 2586 1524 paucissimis

71 1519 266 1589 verbis
310 1520 543 1591 dicere
589 1522 979 1591 videretur:
1033 1523 1269 1592 Gravis
1307 1522 1589 1610 quidem
1642 1537 1784 1603 est,
1840 1525 2120 1592 Domine
2150 1578 2165 1604 ‚
2220 1545 2586 1614 corporeae

69 1624 277 1697 pugna
325 1610 638 1691 militiae,
691 1622 754 1679 et
807 1612 935 1679 'am
989 1613 1156 1681 satis
1204 1624 1325 1691 est,
1379 1610 1561 1699 quod
1605 1611 1961 1698 hucusque
2008 1613 2302 1681 certavi:
2358 1612 2473 1681 sed
2525 1613 2583 1681 si

67 1694 269 1765 adhuc
316 1698 382 1766 in
433 1698 675 1768 eodem
729 1699 793 1767 la
844 1720 960 1768 ore
1007 1721 1129 1789 pro
1185 1699 1427 1770 castris
1489 1710 1760 1769 tuorum
1817 1713 1993 1770 stare
2050 1722 2157 1769 me
2216 1701 2578 1791 praecipiS,

73 1803 185 1852 non
220 1807 482 1867 recuSO,
521 1809 646 1857 nec
680 1785 1100 1857 fatiscentem
1132 1788 1471 1857 causabor
1518 1799 1829 1857 aetatem.
1876 1788 2104 1857 Munia
2143 1801 2259 1859 tua
2300 1789 2582 1859 devotus

41 1870 377 1962 ‚-‘mpleb0‚
433 1876 572 1946 sub
633 1876 851 1965 signis
904 1876 1042 1946 tuis
1074 1875 1301 1962 quoad
1349 1876 1697 1966 jusseriS,
1749 1876 2079 1945 militabo.
2133 1883 2211 1947 Et
2267 1879 2582 1964 quamvis

75 1975 268 2050 optata
300 1964 388 2033 sit
434 1965 589 2034 seni
638 1965 851 2033 sessio
896 1975 1050 2064 post
1101 1963 1428 2044 laborem,
1482 1976 1584 2033 est
1632 1975 1854 2032 tamen
1906 1966 2180 2034 animus
2213 1966 2423 2035 victor
2456 1988 2578 2035 an-

59 2062 313 2132 norum,
352 2063 419 2121 et
452 2051 697 2122 cedere
725 2074 1000 2124 nescius
1030 2051 1384 2122 senectuti.
1426 2057 1505 2121 At
1543 2052 1597 2121 si
1627 2052 1769 2139 jam
1805 2054 2030 2141 parcis
2062 2057 2285 2135 aetati,
2320 2054 2574 2124 bonum

73 2139 214 2208 mihi
249 2153 369 2222 est,
410 2141 723 2222 Domine,
777 2142 1089 2211 voluntas
1140 2153 1278 2211 tua.
1327 2145 1466 2210 Hos
1501 2162 1679 2223 vero,
1718 2141 1970 2227 quibus
2007 2142 2230 2223 timeo,
2270 2142 2413 2231 ipse
2462 2165 2579 2211 cu-

73 2227 315 2298 stodias.
371 2234 422 2299 Ο
466 2229 689 2298 virum
730 2229 1168 2308 ineffabilem,
1223 2251 1347 2301 nec
1398 2229 1628 2299 labore
1679 2229 1955 2310 victum,
2012 2252 2133 2298 nec
2170 2242 2379 2299 morte
2430 2230 2578 2298 vin-

25 2338 30 2343 ‘
65 2317 326 2413 ,nendum
364 2342 378 2384 :
434 2319 559 2404 qui
602 2318 668 2385 in
706 2317 967 2387 nullam
1003 2340 1073 2387 se
1108 2331 1366 2408 partem
1405 2319 1686 2409 pronior
1718 2317 2144 2387 inclinaverit
2178 2343 2193 2384 z
2248 2341 2368 2387 nec
2407 2318 2577 2388 mori

71 2407 288 2488 timuit,
329 2429 454 2476 nec
490 2406 715 2477 vivere
756 2407 1135 2477 recusavit!

141 2493 297 2579 §a
352 2500 591 2582 Itaque
638 2517 795 2564 cum
840 2496 981 2582 jam
1035 2518 1154 2584 per
1200 2495 1458 2583 aliquot
1507 2494 1653 2564 dies
1707 2495 1766 2562 vi
1828 2495 2119 2564 febrium
2182 2509 2566 2575 teneretur,

25 2607 27 2614 ’
71 2633 72 2638 1
112 2600 182 2650 on
219 2595 438 2652 tamen
475 2607 514 2653 a
552 2584 665 2652 Dei
705 2605 908 2673 opere
939 2585 1292 2654 cessabat:
1347 2606 1600 2673 pernox
1636 2584 1704 2652 in
1741 2583 2162 2655 orationibus
2196 2598 2260 2653 et
2294 2583 2569 2673 vigiliis,

129 2670 425 2741 tiscentes
474 2684 664 2741 artus
715 2672 985 2762 spiritui
1035 2672 1286 2741 servire
1325 2673 1629 2761 cogebat,
1676 2672 1886 2740 nobili
1925 2673 2039 2741 illo
2072 2685 2281 2743 strato
2330 2695 2454 2742 suo
2505 2674 2571 2741 in

106 2755 265 2828 inere
312 2773 372 2829 et
406 2759 638 2830 cilicio
673 2760 1033 2829 recubans.
1072 2766 1148 2829 Et
1193 2782 1349 2830 cum
1402 2783 1441 2828 a
1489 2760 1851 2850 discipulis
1899 2774 2274 2852 rogaretur,
2335 2774 2409 2830 ut
2443 2761 2576 2830 sal-

71 2921 80 2930 ,
123 2867 176 2914 m
215 2846 368 2917 vilia
405 2849 535 2918 sibi
574 2849 824 2917 sineret
857 2861 1224 2918 stramenta
1261 2849 1598 2938 supponi:
1642 2875 1664 2909 a
1696 2854 1835 2918 Non
1879 2848 2090 2928 decet,
2131 2850 2376 2937 inquit,
2417 2850 2568 2931 filii,

109 2932 498 3006 hristianum
540 2937 670 3005 nisi
705 2937 769 3004 in
822 2937 1049 3006 cinere
1085 2937 1278 3004 mori.
1334 2942 1470 3026 Ego
1519 2937 1576 3005 si
1610 2936 1798 3005 aliud
1834 2939 2020 3006 vobis
2051 2939 2431 3027 exemplum
2471 2962 2571 3008 re-

59 3013 296 3116 ]inquO,
336 3026 487 3115 ipse
521 3025 865 3116 peccavi.»
899 3025 1130 3095 Oculis
1166 3048 1243 3094 ac
1282 3026 1602 3094 manibus
1642 3025 1711 3093 in
1751 3025 2012 3094 coelum
2046 3047 2313 3115 semper
2348 3028 2569 3096 inten-

69 3117 178 3194 tuS,
227 3115 559 3183 invictum
609 3114 694 3182 ab
741 3114 1044 3183 oratione
1093 3114 1410 3203 spiritum
1447 3136 1581 3182 non
1622 3113 1986 3182 relaxabat.
2028 3118 2103 3182 Et
2141 3136 2299 3183 cum
2342 3138 2380 3183 a
2468 3137 2571 3184 re·—

99 3196 350 3287 byteris,
383 3202 502 3289 qui
541 3213 703 3271 tunc
736 3202 820 3270 ad
848 3224 1003 3271 eum
1035 3203 1526 3283 confluxerant,
1569 3212 1941 3291 rogaretur,
1979 3213 2052 3269 ut
2076 3223 2415 3292 corpuscu
2452 3226 2565 3272 um

67 3279 267 3360 lateris
310 3290 684 3360 mutatione
730 3290 1086 3360 relevaret:
1143 3313 1178 3356 «
1215 3291 1473 3370 Sinite,
1537 3290 1780 3377 inquit,
1840 3288 2039 3360 sinite
2092 3312 2221 3370 me,
2281 3290 2519 3359 fratres
2551 3345 2565 3371 ‚

67 3376 300 3446 coelum
343 3380 569 3480 potius
620 3379 977 3466 respicere,
1021 3401 1224 3465 quam
1279 3392 1552 3459 terram,
1605 3392 1681 3448 ut
1721 3400 1846 3447 suo
1871 3378 2012 3467 jam
2070 3377 2306 3447 itincre
2346 3379 2571 3448 iturus

53 3462 136 3530 *ad
187 3470 541 3535 Dominum
593 3467 876 3557 spiritus
924 3468 1281 3558 dirigatur.
1332 3494 1354 3528 »
1410 3471 1589 3535 Haec
1641 3468 1944 3547 locutu5‚
1999 3465 2346 3535 diabolum
2403 3467 2571 3535 vidit

31 3570 250 3642 ‚prope
277 3556 614 3625 assistere.
662 3579 687 3620 ‹
722 3556 896 3638 Quid
934 3556 1067 3637 hic,
1108 3555 1351 3642 inquit,
1384 3554 1638 3636 adstas,
1673 3567 1953 3624 cruenta
1988 3554 2248 3624 bestia?
2280 3554 2460 3625 Nihil
2494 3555 2561 3623 in

55 3655 202 3722 me,
252 3642 564 3726 funeste,
621 3646 961 3735 reperies:
1014 3644 1320 3713 Abrahae
1370 3665 1477 3713 me
1541 3644 1735 3714 sinus
1784 3643 2083 3734 recipiet.
2126 3666 2161 3709 »
2217 3647 2378 3712 Cum
2441 3643 2568 3712 hac

68 3743 203 3817 ergo
248 3753 404 3801 voce
452 3732 806 3824 fatigatum
868 3732 1120 3801 divinis
1165 3733 1491 3822 operibus
1541 3733 1855 3823 spiritum
1922 3731 2109 3800 coelo
2163 3731 2455 3800 reddidit
2487 3732 2565 3798 *ε

71 3819 396 3906 testatique
432 3822 628 3890 nobis
669 3832 851 3902 sunt,
904 3822 1024 3908 qui
1071 3822 1437 3902 affuerunt,
1485 3819 1628 3908 jam
1662 3820 1955 3890 exanimi
1998 3842 2302 3909 corpore,
2359 3819 2568 3910 glori-

67 3900 222 3974 ficati
269 3909 569 3980 hominis
619 3910 903 4000 gloriam
958 3933 1027 3979 se
1074 3909 1348 3979 vidisse.
1405 3910 1645 3979 Vultus
1694 3910 1842 3977 luce
1898 3907 2145 3977 clarior
2192 3908 2562 3987 renitebat,

73 4009 203 4062 cum
239 3998 541 4066 membra
590 4010 852 4067 caetera
901 4020 984 4067 ne
1026 3999 1249 4068 tenuis
1295 3998 1573 4085 quidem
1626 3996 1895 4065 macula
1943 3994 2259 4066 fuscaret.
2299 4001 2375 4065 In
2412 3996 2571 4064 aliis

72 4080 268 4164 etiarn,
320 4098 384 4153 et
433 4086 500 4154 in
552 4086 691 4167 illo,
747 4099 1007 4155 tantum
1061 4087 1347 4156 artubus
1399 4108 1531 4154 non
1584 4084 1964 4185 pudendiS,
2012 4086 2357 4175 septennis
2396 4106 2567 4171 quo-

76 4164 408 4242 dammodo
447 4175 641 4264 pueri
674 4176 888 4262 gratia
936 4174 1313 4244 videbatur.
1369 4175 1536 4257 Quis
1584 4186 1788 4242 istum
1842 4193 2144 4258 unquam
2199 4171 2422 4242 cilicio
2477 4186 2571 4241 te-

78 4267 256 4340 ctum,
305 4264 462 4349 quis
509 4262 858 4332 cineribus
904 4263 1204 4331 crederet
1255 4262 1682 4331 involutum?
1731 4265 1829 4329 Ita
1879 4261 2045 4329 vitro
2088 4261 2342 4349 purior,
2401 4260 2571 4329 lacte

121 4418 141 4441 *
157 4417 231 4458 Die
249 4423 487 4463 undecima
507 4420 787 4469 novembris.
807 4433 925 4464 anno
945 4426 1037 4470 397.
1054 4423 1132 4463 vel
1151 4424 1206 4462 nt
1227 4422 1331 4462 aliis
1352 4423 1521 4472 placet.
1542 4424 1631 4461 400.
1651 4423 1846 4469 Quidam
1865 4423 2034 4466 autem,
2048 4431 2151 4463 eum
2170 4418 2340 4462 obiisse
2357 4421 2567 4469 ejusdem

25 4457 30 4548 l
84 4472 227 4512 mensis
244 4475 314 4516 die
331 4479 509 4523 octava,
526 4476 768 4524 sepultum
785 4487 894 4519 vero
912 4477 1057 4519 ruisse
1077 4478 1153 4517 dle
1174 4477 1416 4516 undecima
1434 4478 1695 4515 adfirmant.
