<?xml version="1.0" encoding="UTF-8"?>
<!DOCTYPE html PUBLIC "-//W3C//DTD XHTML 1.0 Transitional//EN"
    "http://www.w3.org/TR/xhtml1/DTD/xhtml1-transitional.dtd">
<html xmlns="http://www.w3.org/1999/xhtml" xml:lang="en" lang="en">
 <head>
  <title>
</title>
<meta http-equiv="Content-Type" content="text/html;charset=utf-8" />
  <meta name='ocr-system' content='tesseract 3.04.00' />
  <meta name='ocr-capabilities' content='ocr_page ocr_carea ocr_par ocr_line ocrx_word'/>
</head>
<body>
  <div class='ocr_page' id='page_1' title='image "./historiaeseuvit05lippgoog_0387.png"; bbox 0 0 2993 4837; ppageno 0'>
   <div class='ocr_carea' id='block_1_1' title="bbox 78 335 2463 402">
    <p class='ocr_par' dir='ltr' id='par_1_1' title="bbox 78 335 2463 402">
     <span class='ocr_line' id='line_1_1' title="bbox 78 335 2463 402; baseline 0.001 -4"><span class='ocrx_word' id='word_1_1' title='bbox 78 335 213 399; x_wconf 69' lang='lat' dir='ltr'>Nov.</span> <span class='ocrx_word' id='word_1_2' title='bbox 261 339 297 400; x_wconf 90' lang='lat'>8</span> <span class='ocrx_word' id='word_1_3' title='bbox 706 356 782 401; x_wconf 74' lang='lat' dir='ltr'>aa</span> <span class='ocrx_word' id='word_1_4' title='bbox 832 357 886 402; x_wconf 89' lang='lat' dir='ltr'>s.</span> <span class='ocrx_word' id='word_1_5' title='bbox 942 355 1292 402; x_wconf 71' lang='lat' dir='ltr'>eonaramo</span> <span class='ocrx_word' id='word_1_6' title='bbox 1344 357 1439 401; x_wconf 77' lang='lat' dir='ltr'>ar.</span> <span class='ocrx_word' id='word_1_7' title='bbox 1494 355 1879 401; x_wconf 70' lang='lat' dir='ltr'>AualANaNsi</span> <span class='ocrx_word' id='word_1_8' title='bbox 2350 338 2463 401; x_wconf 73' lang='lat'>351</span> 
     </span>
    </p>
   </div>
   <div class='ocr_carea' id='block_1_2' title="bbox 9 437 2569 4522">
    <p class='ocr_par' dir='ltr' id='par_1_2' title="bbox 9 437 2567 1947">
     <span class='ocr_line' id='line_1_2' title="bbox 78 437 2558 529; baseline 0.002 -26"><span class='ocrx_word' id='word_1_9' title='bbox 78 437 428 508; x_wconf 82' lang='lat' dir='ltr'>muneribus</span> <span class='ocrx_word' id='word_1_10' title='bbox 476 438 829 529; x_wconf 86' lang='lat' dir='ltr'>depravati</span> <span class='ocrx_word' id='word_1_11' title='bbox 877 453 1111 509; x_wconf 87' lang='lat' dir='ltr'>erant:</span> <span class='ocrx_word' id='word_1_12' title='bbox 1167 463 1202 505; x_wconf 65' lang='grc' dir='ltr'>ε(</span> <span class='ocrx_word' id='word_1_13' title='bbox 1237 445 1458 514; x_wconf 86' lang='lat' dir='ltr'>Cessa,</span> <span class='ocrx_word' id='word_1_14' title='bbox 1506 441 1722 529; x_wconf 88' lang='lat' dir='ltr'>ajunt,</span> <span class='ocrx_word' id='word_1_15' title='bbox 1779 439 2051 529; x_wconf 89' lang='lat' dir='ltr'>praesul</span> <span class='ocrx_word' id='word_1_16' title='bbox 2103 439 2558 520; x_wconf 74' lang='lat' dir='ltr'>sanctissime,</span> 
     </span>
     <span class='ocr_line' id='line_1_3' title="bbox 76 526 2566 616; baseline 0.001 -23"><span class='ocrx_word' id='word_1_17' title='bbox 76 526 336 596; x_wconf 84' lang='lat' dir='ltr'>innoxios</span> <span class='ocrx_word' id='word_1_18' title='bbox 383 530 699 616; x_wconf 80' lang='lat' dir='ltr'>persequi</span> <span class='ocrx_word' id='word_1_19' title='bbox 745 529 1139 608; x_wconf 75' lang='lat' dir='ltr'>monach05‚</span> <span class='ocrx_word' id='word_1_20' title='bbox 1194 530 1313 615; x_wconf 90' lang='lat' dir='ltr'>qui</span> <span class='ocrx_word' id='word_1_21' title='bbox 1362 529 1524 598; x_wconf 89' lang='lat' dir='ltr'>olim</span> <span class='ocrx_word' id='word_1_22' title='bbox 1563 529 1764 597; x_wconf 90' lang='lat' dir='ltr'>etiam</span> <span class='ocrx_word' id='word_1_23' title='bbox 1806 529 2120 598; x_wconf 90' lang='lat' dir='ltr'>inimicos</span> <span class='ocrx_word' id='word_1_24' title='bbox 2163 528 2429 597; x_wconf 89' lang='lat' dir='ltr'>solebas</span> <span class='ocrx_word' id='word_1_25' title='bbox 2463 529 2566 595; x_wconf 90' lang='lat' dir='ltr'>di-</span> 
     </span>
     <span class='ocr_line' id='line_1_4' title="bbox 73 612 2562 706; baseline 0.001 -26"><span class='ocrx_word' id='word_1_26' title='bbox 73 612 259 704; x_wconf 82' lang='lat' dir='ltr'>ligere.</span> <span class='ocrx_word' id='word_1_27' title='bbox 311 622 436 684; x_wconf 85' lang='lat' dir='ltr'>Nec</span> <span class='ocrx_word' id='word_1_28' title='bbox 490 631 551 686; x_wconf 90' lang='lat' dir='ltr'>te</span> <span class='ocrx_word' id='word_1_29' title='bbox 588 639 669 685; x_wconf 89' lang='lat' dir='ltr'>eo</span> <span class='ocrx_word' id='word_1_30' title='bbox 729 618 1034 705; x_wconf 88' lang='lat' dir='ltr'>impellat</span> <span class='ocrx_word' id='word_1_31' title='bbox 1073 617 1330 706; x_wconf 85' lang='lat' dir='ltr'>gradus</span> <span class='ocrx_word' id='word_1_32' title='bbox 1370 617 1756 695; x_wconf 87' lang='lat' dir='ltr'>sublimior,</span> <span class='ocrx_word' id='word_1_33' title='bbox 1816 618 1948 686; x_wconf 90' lang='lat' dir='ltr'>nisi</span> <span class='ocrx_word' id='word_1_34' title='bbox 2001 617 2308 686; x_wconf 71' lang='lat' dir='ltr'>fortassis</span> <span class='ocrx_word' id='word_1_35' title='bbox 2356 616 2562 685; x_wconf 90' lang='lat' dir='ltr'>etiam</span> 
     </span>
     <span class='ocr_line' id='line_1_5' title="bbox 72 701 2560 793; baseline 0.001 -24"><span class='ocrx_word' id='word_1_36' title='bbox 72 701 119 770; x_wconf 88' lang='lat' dir='ltr'>in</span> <span class='ocrx_word' id='word_1_37' title='bbox 151 717 203 772; x_wconf 90' lang='lat' dir='ltr'>te</span> <span class='ocrx_word' id='word_1_38' title='bbox 236 705 517 791; x_wconf 75' lang='lat' dir='ltr'>quadrat</span> <span class='ocrx_word' id='word_1_39' title='bbox 552 705 725 774; x_wconf 90' lang='lat' dir='ltr'>illud</span> <span class='ocrx_word' id='word_1_40' title='bbox 755 732 768 771; x_wconf 91' lang='lat'>:</span> <span class='ocrx_word' id='word_1_41' title='bbox 807 711 1103 775; x_wconf 78' lang='lat' dir='ltr'>Honores</span> <span class='ocrx_word' id='word_1_42' title='bbox 1132 717 1396 775; x_wconf 77' lang='lat' dir='ltr'>mutant</span> <span class='ocrx_word' id='word_1_43' title='bbox 1428 729 1712 776; x_wconf 86' lang='lat' dir='ltr'>mores.»</span> <span class='ocrx_word' id='word_1_44' title='bbox 1747 708 2090 793; x_wconf 86' lang='lat' dir='ltr'>Multaque</span> <span class='ocrx_word' id='word_1_45' title='bbox 2128 706 2263 775; x_wconf 91' lang='lat' dir='ltr'>alia</span> <span class='ocrx_word' id='word_1_46' title='bbox 2299 707 2364 773; x_wconf 93' lang='lat' dir='ltr'>in</span> <span class='ocrx_word' id='word_1_47' title='bbox 2403 726 2560 773; x_wconf 89' lang='lat' dir='ltr'>eum</span> 
     </span>
     <span class='ocr_line' id='line_1_6' title="bbox 70 790 2567 882; baseline 0.002 -25"><span class='ocrx_word' id='word_1_48' title='bbox 70 790 304 882; x_wconf 88' lang='lat' dir='ltr'>indigna</span> <span class='ocrx_word' id='word_1_49' title='bbox 341 795 767 882; x_wconf 89' lang='lat' dir='ltr'>jactantibus</span> <span class='ocrx_word' id='word_1_50' title='bbox 818 795 998 874; x_wconf 84' lang='lat' dir='ltr'>iltis,</span> <span class='ocrx_word' id='word_1_51' title='bbox 1053 796 1155 863; x_wconf 85' lang='lat' dir='ltr'>vir</span> <span class='ocrx_word' id='word_1_52' title='bbox 1203 796 1442 864; x_wconf 82' lang='lat' dir='ltr'>beatus</span> <span class='ocrx_word' id='word_1_53' title='bbox 1492 796 1666 865; x_wconf 90' lang='lat' dir='ltr'>inter</span> <span class='ocrx_word' id='word_1_54' title='bbox 1704 816 1818 863; x_wconf 91' lang='lat' dir='ltr'>eos</span> <span class='ocrx_word' id='word_1_55' title='bbox 1866 808 1928 863; x_wconf 90' lang='lat' dir='ltr'>et</span> <span class='ocrx_word' id='word_1_56' title='bbox 1977 796 2210 864; x_wconf 89' lang='lat' dir='ltr'>animo</span> <span class='ocrx_word' id='word_1_57' title='bbox 2257 807 2323 863; x_wconf 89' lang='lat' dir='ltr'>et</span> <span class='ocrx_word' id='word_1_58' title='bbox 2371 793 2567 862; x_wconf 87' lang='lat' dir='ltr'>vultu</span> 
     </span>
     <span class='ocr_line' id='line_1_7' title="bbox 66 877 2564 973; baseline 0.001 -26"><span class='ocrx_word' id='word_1_59' title='bbox 66 877 409 951; x_wconf 87' lang='lat' dir='ltr'>columbino</span> <span class='ocrx_word' id='word_1_60' title='bbox 440 885 665 952; x_wconf 88' lang='lat' dir='ltr'>stabat</span> <span class='ocrx_word' id='word_1_61' title='bbox 697 884 1046 952; x_wconf 88' lang='lat' dir='ltr'>immotus.</span> <span class='ocrx_word' id='word_1_62' title='bbox 1100 888 1265 952; x_wconf 88' lang='lat' dir='ltr'>Cum</span> <span class='ocrx_word' id='word_1_63' title='bbox 1307 896 1533 952; x_wconf 83' lang='lat' dir='ltr'>autern</span> <span class='ocrx_word' id='word_1_64' title='bbox 1573 883 2143 973; x_wconf 78' lang='lat' dir='ltr'>Archiepiscopus</span> <span class='ocrx_word' id='word_1_65' title='bbox 2194 885 2564 973; x_wconf 78' lang='lat' dir='ltr'>imperaret</span> 
     </span>
     <span class='ocr_line' id='line_1_8' title="bbox 9 968 2559 1071; baseline 0.002 -37"><span class='ocrx_word' id='word_1_66' title='bbox 9 1047 10 1056; x_wconf 8' lang='grc' dir='ltr'>ἵ</span> <span class='ocrx_word' id='word_1_67' title='bbox 69 968 412 1052; x_wconf 83' lang='lat' dir='ltr'>silentium,</span> <span class='ocrx_word' id='word_1_68' title='bbox 467 972 585 1040; x_wconf 90' lang='lat' dir='ltr'>ille</span> <span class='ocrx_word' id='word_1_69' title='bbox 634 993 877 1071; x_wconf 87' lang='lat' dir='ltr'>parum</span> <span class='ocrx_word' id='word_1_70' title='bbox 929 972 1151 1041; x_wconf 88' lang='lat' dir='ltr'>fidens</span> <span class='ocrx_word' id='word_1_71' title='bbox 1202 972 1486 1047; x_wconf 80' lang='lat' dir='ltr'>litteris,</span> <span class='ocrx_word' id='word_1_72' title='bbox 1542 994 1714 1058; x_wconf 89' lang='lat' dir='ltr'>quas</span> <span class='ocrx_word' id='word_1_73' title='bbox 1767 973 2173 1051; x_wconf 85' lang='lat' dir='ltr'>recitarant,</span> <span class='ocrx_word' id='word_1_74' title='bbox 2232 972 2393 1061; x_wconf 91' lang='lat' dir='ltr'>petit</span> <span class='ocrx_word' id='word_1_75' title='bbox 2441 993 2559 1040; x_wconf 90' lang='lat' dir='ltr'>eas</span> 
     </span>
     <span class='ocr_line' id='line_1_9' title="bbox 9 1057 2563 1151; baseline 0.002 -27"><span class='ocrx_word' id='word_1_76' title='bbox 9 1065 18 1145; x_wconf 67' lang='lat'>&#39;3</span> <span class='ocrx_word' id='word_1_77' title='bbox 66 1057 170 1126; x_wconf 85' lang='lat' dir='ltr'>sibi</span> <span class='ocrx_word' id='word_1_78' title='bbox 212 1058 345 1128; x_wconf 89' lang='lat' dir='ltr'>dari</span> <span class='ocrx_word' id='word_1_79' title='bbox 398 1060 893 1150; x_wconf 64' lang='lat' dir='ltr'>inspiciendas</span> <span class='ocrx_word' id='word_1_80' title='bbox 947 1065 1270 1130; x_wconf 82' lang='lat' dir='ltr'>Accurate</span> <span class='ocrx_word' id='word_1_81' title='bbox 1321 1063 1531 1150; x_wconf 87' lang='lat' dir='ltr'>igitur</span> <span class='ocrx_word' id='word_1_82' title='bbox 1564 1059 1717 1129; x_wconf 89' lang='lat' dir='ltr'>illas</span> <span class='ocrx_word' id='word_1_83' title='bbox 1750 1062 2248 1151; x_wconf 87' lang='lat' dir='ltr'>contemplans,</span> <span class='ocrx_word' id='word_1_84' title='bbox 2286 1073 2351 1129; x_wconf 90' lang='lat' dir='ltr'>et</span> <span class='ocrx_word' id='word_1_85' title='bbox 2383 1071 2563 1129; x_wconf 89' lang='lat' dir='ltr'>veste</span> 
     </span>
     <span class='ocr_line' id='line_1_10' title="bbox 14 1146 2559 1239; baseline 0 -22"><span class='ocrx_word' id='word_1_86' title='bbox 14 1198 23 1217; x_wconf 89' lang='lat'><strong>.</strong></span> <span class='ocrx_word' id='word_1_87' title='bbox 72 1166 168 1213; x_wconf 78' lang='lat' dir='ltr'>sua</span> <span class='ocrx_word' id='word_1_88' title='bbox 186 1146 399 1217; x_wconf 80' lang='lat' dir='ltr'>leviter</span> <span class='ocrx_word' id='word_1_89' title='bbox 428 1150 856 1239; x_wconf 76' lang='lat' dir='ltr'>abstergens,</span> <span class='ocrx_word' id='word_1_90' title='bbox 890 1147 1195 1219; x_wconf 89' lang='lat' dir='ltr'>fraudem</span> <span class='ocrx_word' id='word_1_91' title='bbox 1229 1149 1701 1239; x_wconf 85' lang='lat' dir='ltr'>deprehendit,</span> <span class='ocrx_word' id='word_1_92' title='bbox 1734 1150 2296 1236; x_wconf 82' lang='lat' dir='ltr'>exclamansque:</span> <span class='ocrx_word' id='word_1_93' title='bbox 2331 1153 2559 1228; x_wconf 83' lang='lat' dir='ltr'>«Huc,</span> 
     </span>
     <span class='ocr_line' id='line_1_11' title="bbox 11 1238 2566 1329; baseline 0.002 -28"><span class='ocrx_word' id='word_1_94' title='bbox 11 1278 21 1329; x_wconf 70' lang='lat'><em>3</em></span> <span class='ocrx_word' id='word_1_95' title='bbox 70 1254 300 1320; x_wconf 83' lang='lat' dir='ltr'>quaeso,</span> <span class='ocrx_word' id='word_1_96' title='bbox 352 1238 601 1324; x_wconf 86' lang='lat' dir='ltr'>inquit,</span> <span class='ocrx_word' id='word_1_97' title='bbox 656 1238 892 1307; x_wconf 89' lang='lat' dir='ltr'>oculos</span> <span class='ocrx_word' id='word_1_98' title='bbox 940 1242 1178 1308; x_wconf 88' lang='lat' dir='ltr'>omnes</span> <span class='ocrx_word' id='word_1_99' title='bbox 1227 1238 1600 1306; x_wconf 89' lang='lat' dir='ltr'>advertite:</span> <span class='ocrx_word' id='word_1_100' title='bbox 1655 1261 1734 1306; x_wconf 88' lang='lat' dir='ltr'>en</span> <span class='ocrx_word' id='word_1_101' title='bbox 1778 1239 2212 1307; x_wconf 87' lang='lat' dir='ltr'>membranas</span> <span class='ocrx_word' id='word_1_102' title='bbox 2265 1251 2328 1308; x_wconf 92' lang='lat' dir='ltr'>et</span> <span class='ocrx_word' id='word_1_103' title='bbox 2384 1250 2566 1307; x_wconf 86' lang='lat' dir='ltr'>atra-</span> 
     </span>
     <span class='ocr_line' id='line_1_12' title="bbox 18 1326 2567 1416; baseline 0.003 -28"><span class='ocrx_word' id='word_1_104' title='bbox 18 1344 25 1353; x_wconf 89' lang='lat'><strong>·</strong></span> <span class='ocrx_word' id='word_1_105' title='bbox 68 1337 323 1396; x_wconf 83' lang='lat' dir='ltr'>mentum</span> <span class='ocrx_word' id='word_1_106' title='bbox 374 1328 932 1416; x_wconf 83' lang='lat' dir='ltr'>scripturamque</span> <span class='ocrx_word' id='word_1_107' title='bbox 981 1327 1182 1416; x_wconf 88' lang='lat' dir='ltr'>plane</span> <span class='ocrx_word' id='word_1_108' title='bbox 1233 1327 1558 1407; x_wconf 81' lang='lat' dir='ltr'>recentia,</span> <span class='ocrx_word' id='word_1_109' title='bbox 1619 1349 1740 1397; x_wconf 91' lang='lat' dir='ltr'>nec</span> <span class='ocrx_word' id='word_1_110' title='bbox 1793 1333 2098 1398; x_wconf 89' lang='lat' dir='ltr'>Romano</span> <span class='ocrx_word' id='word_1_111' title='bbox 2148 1349 2333 1396; x_wconf 81' lang='lat' dir='ltr'>more</span> <span class='ocrx_word' id='word_1_112' title='bbox 2379 1326 2567 1395; x_wconf 89' lang='lat' dir='ltr'>obsi-</span> 
     </span>
     <span class='ocr_line' id='line_1_13' title="bbox 71 1414 2565 1503; baseline 0.001 -24"><span class='ocrx_word' id='word_1_113' title='bbox 71 1426 256 1499; x_wconf 84' lang='lat' dir='ltr'>gnata,</span> <span class='ocrx_word' id='word_1_114' title='bbox 310 1416 689 1501; x_wconf 86' lang='lat' dir='ltr'>meritoque</span> <span class='ocrx_word' id='word_1_115' title='bbox 736 1437 811 1484; x_wconf 89' lang='lat' dir='ltr'>ea</span> <span class='ocrx_word' id='word_1_116' title='bbox 861 1438 1071 1484; x_wconf 88' lang='lat' dir='ltr'>causa</span> <span class='ocrx_word' id='word_1_117' title='bbox 1121 1415 1512 1503; x_wconf 86' lang='lat' dir='ltr'>rejicienda.</span> <span class='ocrx_word' id='word_1_118' title='bbox 1556 1439 1592 1481; x_wconf 85' lang='lat'>»</span> <span class='ocrx_word' id='word_1_119' title='bbox 1642 1421 2023 1486; x_wconf 77' lang='lat' dir='ltr'>Accurrunt</span> <span class='ocrx_word' id='word_1_120' title='bbox 2063 1438 2346 1495; x_wconf 80' lang='lat' dir='ltr'>omneS,</span> <span class='ocrx_word' id='word_1_121' title='bbox 2409 1414 2565 1483; x_wconf 89' lang='lat' dir='ltr'>dili-</span> 
     </span>
     <span class='ocr_line' id='line_1_14' title="bbox 66 1504 2564 1595; baseline 0.002 -28"><span class='ocrx_word' id='word_1_122' title='bbox 66 1514 259 1587; x_wconf 80' lang='lat' dir='ltr'>genter</span> <span class='ocrx_word' id='word_1_123' title='bbox 305 1504 722 1594; x_wconf 86' lang='lat' dir='ltr'>inspiciunt:</span> <span class='ocrx_word' id='word_1_124' title='bbox 778 1525 915 1571; x_wconf 89' lang='lat' dir='ltr'>rem</span> <span class='ocrx_word' id='word_1_125' title='bbox 960 1526 1131 1583; x_wconf 90' lang='lat' dir='ltr'>esse,</span> <span class='ocrx_word' id='word_1_126' title='bbox 1186 1519 1261 1573; x_wconf 78' lang='lat' dir='ltr'>ut</span> <span class='ocrx_word' id='word_1_127' title='bbox 1300 1504 1392 1572; x_wconf 89' lang='lat' dir='ltr'>ait</span> <span class='ocrx_word' id='word_1_128' title='bbox 1442 1504 1870 1584; x_wconf 76' lang='lat' dir='ltr'>Godefridu3‚</span> <span class='ocrx_word' id='word_1_129' title='bbox 1910 1506 2389 1595; x_wconf 87' lang='lat' dir='ltr'>comperiunt:</span> <span class='ocrx_word' id='word_1_130' title='bbox 2441 1504 2564 1590; x_wconf 86' lang='lat' dir='ltr'>qui</span> 
     </span>
     <span class='ocr_line' id='line_1_15' title="bbox 68 1589 2556 1675; baseline 0.002 -20"><span class='ocrx_word' id='word_1_131' title='bbox 68 1589 232 1675; x_wconf 85' lang='lat' dir='ltr'>paulo</span> <span class='ocrx_word' id='word_1_132' title='bbox 282 1606 431 1661; x_wconf 88' lang='lat' dir='ltr'>ante</span> <span class='ocrx_word' id='word_1_133' title='bbox 493 1594 747 1661; x_wconf 91' lang='lat' dir='ltr'>canino</span> <span class='ocrx_word' id='word_1_134' title='bbox 795 1613 909 1661; x_wconf 90' lang='lat' dir='ltr'>ore</span> <span class='ocrx_word' id='word_1_135' title='bbox 967 1614 1121 1661; x_wconf 87' lang='lat' dir='ltr'>eum</span> <span class='ocrx_word' id='word_1_136' title='bbox 1178 1592 1600 1673; x_wconf 88' lang='lat' dir='ltr'>lacerarant,</span> <span class='ocrx_word' id='word_1_137' title='bbox 1663 1594 1755 1662; x_wconf 89' lang='lat' dir='ltr'>rei</span> <span class='ocrx_word' id='word_1_138' title='bbox 1816 1593 2155 1662; x_wconf 78' lang='lat' dir='ltr'>evidentia</span> <span class='ocrx_word' id='word_1_139' title='bbox 2214 1592 2556 1673; x_wconf 87' lang='lat' dir='ltr'>convicti,</span> 
     </span>
     <span class='ocr_line' id='line_1_16' title="bbox 72 1678 2562 1771; baseline 0.002 -27"><span class='ocrx_word' id='word_1_140' title='bbox 72 1678 362 1748; x_wconf 88' lang='lat' dir='ltr'>mirantur</span> <span class='ocrx_word' id='word_1_141' title='bbox 389 1682 543 1771; x_wconf 81' lang='lat' dir='ltr'>ejus</span> <span class='ocrx_word' id='word_1_142' title='bbox 588 1680 1048 1769; x_wconf 86' lang='lat' dir='ltr'>prudentiam,</span> <span class='ocrx_word' id='word_1_143' title='bbox 1099 1681 1300 1751; x_wconf 85' lang='lat' dir='ltr'>laude</span> <span class='ocrx_word' id='word_1_144' title='bbox 1334 1696 1397 1751; x_wconf 90' lang='lat' dir='ltr'>et</span> <span class='ocrx_word' id='word_1_145' title='bbox 1438 1683 1941 1771; x_wconf 86' lang='lat' dir='ltr'>praedicatione</span> <span class='ocrx_word' id='word_1_146' title='bbox 1992 1684 2160 1751; x_wconf 89' lang='lat' dir='ltr'>mire</span> <span class='ocrx_word' id='word_1_147' title='bbox 2201 1704 2356 1751; x_wconf 87' lang='lat' dir='ltr'>eum</span> <span class='ocrx_word' id='word_1_148' title='bbox 2400 1681 2562 1749; x_wconf 84' lang='lat' dir='ltr'>effe-</span> 
     </span>
     <span class='ocr_line' id='line_1_17' title="bbox 68 1769 2563 1861; baseline 0.002 -29"><span class='ocrx_word' id='word_1_149' title='bbox 68 1780 213 1834; x_wconf 86' lang='lat' dir='ltr'>runt.</span> <span class='ocrx_word' id='word_1_150' title='bbox 261 1770 565 1837; x_wconf 75' lang='lat' dir='ltr'>Monachi</span> <span class='ocrx_word' id='word_1_151' title='bbox 601 1769 965 1858; x_wconf 85' lang='lat' dir='ltr'>pudefacti,</span> <span class='ocrx_word' id='word_1_152' title='bbox 1004 1769 1087 1838; x_wconf 89' lang='lat' dir='ltr'>ad</span> <span class='ocrx_word' id='word_1_153' title='bbox 1127 1776 1515 1840; x_wconf 88' lang='lat' dir='ltr'>Romanurn</span> <span class='ocrx_word' id='word_1_154' title='bbox 1558 1771 1950 1841; x_wconf 85' lang='lat' dir='ltr'>Pontificem</span> <span class='ocrx_word' id='word_1_155' title='bbox 1993 1783 2385 1861; x_wconf 89' lang='lat' dir='ltr'>provocant,</span> <span class='ocrx_word' id='word_1_156' title='bbox 2430 1775 2563 1839; x_wconf 89' lang='lat' dir='ltr'>Ro-</span> 
     </span>
     <span class='ocr_line' id='line_1_18' title="bbox 70 1857 1151 1947; baseline 0.006 -30"><span class='ocrx_word' id='word_1_157' title='bbox 70 1875 337 1943; x_wconf 84' lang='lat' dir='ltr'>mamque</span> <span class='ocrx_word' id='word_1_158' title='bbox 372 1857 560 1926; x_wconf 91' lang='lat' dir='ltr'>illico</span> <span class='ocrx_word' id='word_1_159' title='bbox 600 1858 1151 1947; x_wconf 84' lang='lat' dir='ltr'>proficiscuntur.</span> 
     </span>
    </p>

    <p class='ocr_par' dir='ltr' id='par_1_3' title="bbox 9 1945 2565 3024">
     <span class='ocr_line' id='line_1_19' title="bbox 135 1945 2563 2038; baseline 0 -24"><span class='ocrx_word' id='word_1_160' title='bbox 135 1949 337 2022; x_wconf 66' lang='lat'>528.</span> <span class='ocrx_word' id='word_1_161' title='bbox 394 1947 587 2015; x_wconf 86' lang='lat' dir='ltr'>Idem</span> <span class='ocrx_word' id='word_1_162' title='bbox 653 1945 811 2016; x_wconf 88' lang='lat' dir='ltr'>facit</span> <span class='ocrx_word' id='word_1_163' title='bbox 860 1948 1102 2017; x_wconf 91' lang='lat' dir='ltr'>beatus</span> <span class='ocrx_word' id='word_1_164' title='bbox 1151 1948 1487 2026; x_wconf 78' lang='lat' dir='ltr'>Antistes,</span> <span class='ocrx_word' id='word_1_165' title='bbox 1547 1963 1822 2038; x_wconf 89' lang='lat' dir='ltr'>propter</span> <span class='ocrx_word' id='word_1_166' title='bbox 1870 1946 2210 2037; x_wconf 88' lang='lat' dir='ltr'>justitiam</span> <span class='ocrx_word' id='word_1_167' title='bbox 2278 1947 2563 2016; x_wconf 86' lang='lat' dir='ltr'>adversa</span> 
     </span>
     <span class='ocr_line' id='line_1_20' title="bbox 75 2034 2565 2127; baseline 0.002 -28"><span class='ocrx_word' id='word_1_168' title='bbox 75 2034 259 2127; x_wconf 73' lang='lat' dir='ltr'>omnia</span> <span class='ocrx_word' id='word_1_169' title='bbox 305 2035 602 2124; x_wconf 85' lang='lat' dir='ltr'>perferre</span> <span class='ocrx_word' id='word_1_170' title='bbox 668 2049 969 2124; x_wconf 89' lang='lat' dir='ltr'>paratus.</span> <span class='ocrx_word' id='word_1_171' title='bbox 1032 2037 1397 2105; x_wconf 89' lang='lat' dir='ltr'>Verebatur</span> <span class='ocrx_word' id='word_1_172' title='bbox 1454 2039 1690 2115; x_wconf 89' lang='lat' dir='ltr'>enim,</span> <span class='ocrx_word' id='word_1_173' title='bbox 1761 2059 1843 2105; x_wconf 89' lang='lat' dir='ltr'>ne</span> <span class='ocrx_word' id='word_1_174' title='bbox 1904 2037 2125 2125; x_wconf 89' lang='lat' dir='ltr'>ipsius</span> <span class='ocrx_word' id='word_1_175' title='bbox 2190 2035 2453 2104; x_wconf 89' lang='lat' dir='ltr'>desidia</span> <span class='ocrx_word' id='word_1_176' title='bbox 2500 2048 2565 2104; x_wconf 88' lang='lat' dir='ltr'>et</span> 
     </span>
     <span class='ocr_line' id='line_1_21' title="bbox 80 2123 2557 2215; baseline 0.002 -28"><span class='ocrx_word' id='word_1_177' title='bbox 80 2123 295 2205; x_wconf 74' lang='lat' dir='ltr'>ignavia</span> <span class='ocrx_word' id='word_1_178' title='bbox 332 2125 452 2215; x_wconf 89' lang='lat' dir='ltr'>jus</span> <span class='ocrx_word' id='word_1_179' title='bbox 503 2123 781 2210; x_wconf 88' lang='lat' dir='ltr'>aliquod</span> <span class='ocrx_word' id='word_1_180' title='bbox 854 2147 1057 2194; x_wconf 87' lang='lat' dir='ltr'>suurn</span> <span class='ocrx_word' id='word_1_181' title='bbox 1111 2126 1445 2194; x_wconf 89' lang='lat' dir='ltr'>amitteret</span> <span class='ocrx_word' id='word_1_182' title='bbox 1515 2123 1861 2205; x_wconf 88' lang='lat' dir='ltr'>Ecclesia,</span> <span class='ocrx_word' id='word_1_183' title='bbox 1927 2126 2041 2194; x_wconf 92' lang='lat' dir='ltr'>cui</span> <span class='ocrx_word' id='word_1_184' title='bbox 2108 2123 2557 2213; x_wconf 85' lang='lat' dir='ltr'>praesidebat.</span> 
     </span>
     <span class='ocr_line' id='line_1_22' title="bbox 76 2206 2555 2304; baseline 0.002 -30"><span class='ocrx_word' id='word_1_185' title='bbox 76 2206 320 2281; x_wconf 80' lang='lat' dir='ltr'>Habebat</span> <span class='ocrx_word' id='word_1_186' title='bbox 367 2214 435 2281; x_wconf 90' lang='lat' dir='ltr'>in</span> <span class='ocrx_word' id='word_1_187' title='bbox 489 2214 820 2282; x_wconf 90' lang='lat' dir='ltr'>comitatu</span> <span class='ocrx_word' id='word_1_188' title='bbox 884 2235 1009 2282; x_wconf 90' lang='lat' dir='ltr'>suo</span> <span class='ocrx_word' id='word_1_189' title='bbox 1061 2214 1310 2283; x_wconf 86' lang='lat' dir='ltr'>multos</span> <span class='ocrx_word' id='word_1_190' title='bbox 1362 2214 1673 2304; x_wconf 88' lang='lat' dir='ltr'>egregios</span> <span class='ocrx_word' id='word_1_191' title='bbox 1734 2227 1798 2283; x_wconf 90' lang='lat' dir='ltr'>et</span> <span class='ocrx_word' id='word_1_192' title='bbox 1864 2212 2268 2281; x_wconf 85' lang='lat' dir='ltr'>reverendos</span> <span class='ocrx_word' id='word_1_193' title='bbox 2332 2213 2555 2291; x_wconf 87' lang='lat' dir='ltr'>viros,</span> 
     </span>
     <span class='ocr_line' id='line_1_23' title="bbox 76 2297 2560 2389; baseline 0.001 -25"><span class='ocrx_word' id='word_1_194' title='bbox 76 2297 168 2380; x_wconf 87' lang='lat' dir='ltr'>qui</span> <span class='ocrx_word' id='word_1_195' title='bbox 195 2315 401 2388; x_wconf 84' lang='lat' dir='ltr'>postea</span> <span class='ocrx_word' id='word_1_196' title='bbox 452 2302 914 2371; x_wconf 86' lang='lat' dir='ltr'>Ecclesiarum</span> <span class='ocrx_word' id='word_1_197' title='bbox 968 2303 1302 2372; x_wconf 85' lang='lat' dir='ltr'>antistites</span> <span class='ocrx_word' id='word_1_198' title='bbox 1342 2302 1499 2371; x_wconf 78' lang='lat' dir='ltr'>lacti</span> <span class='ocrx_word' id='word_1_199' title='bbox 1534 2315 1717 2371; x_wconf 87' lang='lat' dir='ltr'>sunt.</span> <span class='ocrx_word' id='word_1_200' title='bbox 1767 2302 1892 2372; x_wconf 90' lang='lat' dir='ltr'>Ubi</span> <span class='ocrx_word' id='word_1_201' title='bbox 1934 2303 2015 2372; x_wconf 90' lang='lat' dir='ltr'>ad</span> <span class='ocrx_word' id='word_1_202' title='bbox 2051 2301 2248 2389; x_wconf 80' lang='lat' dir='ltr'>Alpes</span> <span class='ocrx_word' id='word_1_203' title='bbox 2283 2313 2560 2368; x_wconf 87' lang='lat' dir='ltr'>ventum</span> 
     </span>
     <span class='ocr_line' id='line_1_24' title="bbox 71 2389 2562 2484; baseline 0.002 -31"><span class='ocrx_word' id='word_1_204' title='bbox 71 2396 166 2484; x_wconf 74' lang='lat' dir='ltr'>est.</span> <span class='ocrx_word' id='word_1_205' title='bbox 193 2389 373 2479; x_wconf 85' lang='lat' dir='ltr'>jubet</span> <span class='ocrx_word' id='word_1_206' title='bbox 412 2392 641 2461; x_wconf 88' lang='lat' dir='ltr'>socios</span> <span class='ocrx_word' id='word_1_207' title='bbox 688 2390 1108 2462; x_wconf 90' lang='lat' dir='ltr'>antecedere.</span> <span class='ocrx_word' id='word_1_208' title='bbox 1149 2392 1443 2461; x_wconf 86' lang='lat' dir='ltr'>Omnino</span> <span class='ocrx_word' id='word_1_209' title='bbox 1476 2392 1657 2461; x_wconf 85' lang='lat' dir='ltr'>enirn</span> <span class='ocrx_word' id='word_1_210' title='bbox 1697 2391 1873 2461; x_wconf 87' lang='lat' dir='ltr'>inter</span> <span class='ocrx_word' id='word_1_211' title='bbox 1904 2390 2350 2480; x_wconf 89' lang='lat' dir='ltr'>equitandum</span> <span class='ocrx_word' id='word_1_212' title='bbox 2395 2390 2562 2458; x_wconf 84' lang='lat' dir='ltr'>haec</span> 
     </span>
     <span class='ocr_line' id='line_1_25' title="bbox 68 2478 2562 2571; baseline 0 -25"><span class='ocrx_word' id='word_1_213' title='bbox 68 2493 113 2540; x_wconf 78' lang='lat' dir='ltr'>et</span> <span class='ocrx_word' id='word_1_214' title='bbox 144 2480 576 2563; x_wconf 84' lang='lat' dir='ltr'>praedicanda</span> <span class='ocrx_word' id='word_1_215' title='bbox 614 2493 753 2549; x_wconf 90' lang='lat' dir='ltr'>erat</span> <span class='ocrx_word' id='word_1_216' title='bbox 783 2481 1232 2562; x_wconf 82' lang='lat' dir='ltr'>consuetudO,</span> <span class='ocrx_word' id='word_1_217' title='bbox 1263 2482 1643 2550; x_wconf 90' lang='lat' dir='ltr'>utcomites</span> <span class='ocrx_word' id='word_1_218' title='bbox 1679 2481 1778 2551; x_wconf 86' lang='lat' dir='ltr'>vel</span> <span class='ocrx_word' id='word_1_219' title='bbox 1815 2481 2235 2571; x_wconf 88' lang='lat' dir='ltr'>praecedere,</span> <span class='ocrx_word' id='word_1_220' title='bbox 2275 2478 2370 2548; x_wconf 86' lang='lat' dir='ltr'>vel</span> <span class='ocrx_word' id='word_1_221' title='bbox 2403 2479 2562 2547; x_wconf 87' lang='lat' dir='ltr'>sub·</span> 
     </span>
     <span class='ocr_line' id='line_1_26' title="bbox 67 2566 2562 2670; baseline 0.002 -38"><span class='ocrx_word' id='word_1_222' title='bbox 67 2566 219 2649; x_wconf 83' lang='lat' dir='ltr'>sequi</span> <span class='ocrx_word' id='word_1_223' title='bbox 250 2569 462 2646; x_wconf 81' lang='lat' dir='ltr'>vellet,</span> <span class='ocrx_word' id='word_1_224' title='bbox 506 2572 850 2637; x_wconf 84' lang='lat' dir='ltr'>neminem</span> <span class='ocrx_word' id='word_1_225' title='bbox 905 2570 1188 2658; x_wconf 89' lang='lat' dir='ltr'>propius</span> <span class='ocrx_word' id='word_1_226' title='bbox 1237 2570 1318 2637; x_wconf 92' lang='lat' dir='ltr'>ad</span> <span class='ocrx_word' id='word_1_227' title='bbox 1373 2571 1601 2670; x_wconf 88' lang='lat' dir='ltr'>ipsum</span> <span class='ocrx_word' id='word_1_228' title='bbox 1656 2594 1727 2639; x_wconf 84' lang='lat' dir='ltr'>se</span> <span class='ocrx_word' id='word_1_229' title='bbox 1768 2571 2161 2660; x_wconf 86' lang='lat' dir='ltr'>adjungere,</span> <span class='ocrx_word' id='word_1_230' title='bbox 2204 2591 2286 2636; x_wconf 88' lang='lat' dir='ltr'>ne</span> <span class='ocrx_word' id='word_1_231' title='bbox 2327 2567 2562 2638; x_wconf 88' lang='lat' dir='ltr'>otiosis</span> 
     </span>
     <span class='ocr_line' id='line_1_27' title="bbox 9 2657 2560 2749; baseline 0.002 -28"><span class='ocrx_word' id='word_1_232' title='bbox 9 2716 10 2721; x_wconf 75' lang='grc'>,</span> <span class='ocrx_word' id='word_1_233' title='bbox 66 2657 452 2749; x_wconf 72' lang='lat' dir='ltr'>sermonibus</span> <span class='ocrx_word' id='word_1_234' title='bbox 500 2658 781 2727; x_wconf 90' lang='lat' dir='ltr'>daretur</span> <span class='ocrx_word' id='word_1_235' title='bbox 811 2659 1078 2728; x_wconf 88' lang='lat' dir='ltr'>occasio</span> <span class='ocrx_word' id='word_1_236' title='bbox 1112 2683 1125 2723; x_wconf 74' lang='grc' dir='ltr'><strong>ι</strong></span> <span class='ocrx_word' id='word_1_237' title='bbox 1160 2672 1363 2745; x_wconf 91' lang='lat' dir='ltr'>atque</span> <span class='ocrx_word' id='word_1_238' title='bbox 1400 2671 1491 2727; x_wconf 85' lang='lat' dir='ltr'>ita</span> <span class='ocrx_word' id='word_1_239' title='bbox 1525 2658 1636 2726; x_wconf 88' lang='lat' dir='ltr'>ille</span> <span class='ocrx_word' id='word_1_240' title='bbox 1675 2658 1957 2748; x_wconf 90' lang='lat' dir='ltr'>psalmis</span> <span class='ocrx_word' id='word_1_241' title='bbox 1991 2659 2384 2745; x_wconf 88' lang='lat' dir='ltr'>sanctisque</span> <span class='ocrx_word' id='word_1_242' title='bbox 2419 2679 2560 2726; x_wconf 89' lang='lat' dir='ltr'>me-</span> 
     </span>
     <span class='ocr_line' id='line_1_28' title="bbox 69 2737 2558 2838; baseline 0.004 -34"><span class='ocrx_word' id='word_1_243' title='bbox 69 2737 473 2816; x_wconf 82' lang='lat' dir='ltr'>ditationibus</span> <span class='ocrx_word' id='word_1_244' title='bbox 505 2768 776 2827; x_wconf 85' lang='lat' dir='ltr'>vacans,</span> <span class='ocrx_word' id='word_1_245' title='bbox 823 2769 860 2815; x_wconf 90' lang='lat' dir='ltr'>a</span> <span class='ocrx_word' id='word_1_246' title='bbox 905 2747 1120 2837; x_wconf 88' lang='lat' dir='ltr'>patria</span> <span class='ocrx_word' id='word_1_247' title='bbox 1155 2748 1428 2818; x_wconf 88' lang='lat' dir='ltr'>coelesti</span> <span class='ocrx_word' id='word_1_248' title='bbox 1468 2771 1540 2817; x_wconf 91' lang='lat' dir='ltr'>se</span> <span class='ocrx_word' id='word_1_249' title='bbox 1580 2747 1854 2817; x_wconf 85' lang='lat' dir='ltr'>exulare</span> <span class='ocrx_word' id='word_1_250' title='bbox 1883 2748 2179 2838; x_wconf 87' lang='lat' dir='ltr'>lugebat.</span> <span class='ocrx_word' id='word_1_251' title='bbox 2220 2753 2384 2817; x_wconf 86' lang='lat' dir='ltr'>Cum</span> <span class='ocrx_word' id='word_1_252' title='bbox 2416 2745 2558 2831; x_wconf 89' lang='lat' dir='ltr'>jam</span> 
     </span>
     <span class='ocr_line' id='line_1_29' title="bbox 65 2835 2555 2924; baseline 0.003 -29"><span class='ocrx_word' id='word_1_253' title='bbox 65 2847 268 2920; x_wconf 85' lang='lat' dir='ltr'>magna</span> <span class='ocrx_word' id='word_1_254' title='bbox 323 2857 401 2904; x_wconf 86' lang='lat' dir='ltr'>ex</span> <span class='ocrx_word' id='word_1_255' title='bbox 462 2847 654 2923; x_wconf 89' lang='lat' dir='ltr'>parte</span> <span class='ocrx_word' id='word_1_256' title='bbox 696 2836 867 2924; x_wconf 86' lang='lat' dir='ltr'>juga</span> <span class='ocrx_word' id='word_1_257' title='bbox 919 2835 1188 2924; x_wconf 76' lang='lat' dir='ltr'>Alpium</span> <span class='ocrx_word' id='word_1_258' title='bbox 1240 2858 1564 2905; x_wconf 81' lang='lat' dir='ltr'>emensus</span> <span class='ocrx_word' id='word_1_259' title='bbox 1611 2849 1831 2917; x_wconf 90' lang='lat' dir='ltr'>esset,</span> <span class='ocrx_word' id='word_1_260' title='bbox 1879 2850 2059 2906; x_wconf 90' lang='lat' dir='ltr'>arcta</span> <span class='ocrx_word' id='word_1_261' title='bbox 2112 2850 2173 2905; x_wconf 91' lang='lat' dir='ltr'>et</span> <span class='ocrx_word' id='word_1_262' title='bbox 2231 2835 2555 2915; x_wconf 85' lang='lat' dir='ltr'>horrida,</span> 
     </span>
     <span class='ocr_line' id='line_1_30' title="bbox 9 2914 2561 3024; baseline 0.002 -38"><span class='ocrx_word' id='word_1_263' title='bbox 9 2970 16 2975; x_wconf 80' lang='lat'>.</span> <span class='ocrx_word' id='word_1_264' title='bbox 66 2914 242 3015; x_wconf 78' lang='lat' dir='ltr'>glacie</span> <span class='ocrx_word' id='word_1_265' title='bbox 286 2946 362 2992; x_wconf 89' lang='lat' dir='ltr'>ac</span> <span class='ocrx_word' id='word_1_266' title='bbox 415 2924 694 2994; x_wconf 89' lang='lat' dir='ltr'>nivibus</span> <span class='ocrx_word' id='word_1_267' title='bbox 740 2925 1092 3024; x_wconf 89' lang='lat' dir='ltr'>impedita,</span> <span class='ocrx_word' id='word_1_268' title='bbox 1148 2926 1387 2994; x_wconf 84' lang='lat' dir='ltr'>semita</span> <span class='ocrx_word' id='word_1_269' title='bbox 1439 2926 1815 3014; x_wconf 88' lang='lat' dir='ltr'>ingressus,</span> <span class='ocrx_word' id='word_1_270' title='bbox 1874 2926 2066 2995; x_wconf 86' lang='lat' dir='ltr'>audit</span> <span class='ocrx_word' id='word_1_271' title='bbox 2118 2925 2404 2994; x_wconf 89' lang='lat' dir='ltr'>tenuiter</span> <span class='ocrx_word' id='word_1_272' title='bbox 2445 2947 2561 3012; x_wconf 89' lang='lat' dir='ltr'>ge-</span> 
     </span>
    </p>

    <p class='ocr_par' dir='ltr' id='par_1_4' title="bbox 27 3011 2569 4522">
     <span class='ocr_line' id='line_1_31' title="bbox 66 3011 2562 3102; baseline 0.005 -32"><span class='ocrx_word' id='word_1_273' title='bbox 66 3019 237 3078; x_wconf 81' lang='lat' dir='ltr'>mitus</span> <span class='ocrx_word' id='word_1_274' title='bbox 282 3011 608 3081; x_wconf 86' lang='lat' dir='ltr'>hominis.</span> <span class='ocrx_word' id='word_1_275' title='bbox 665 3012 986 3082; x_wconf 85' lang='lat' dir='ltr'>Subsistit</span> <span class='ocrx_word' id='word_1_276' title='bbox 1038 3014 1291 3101; x_wconf 89' lang='lat' dir='ltr'>igitur,</span> <span class='ocrx_word' id='word_1_277' title='bbox 1353 3015 1592 3102; x_wconf 86' lang='lat' dir='ltr'>arrigit</span> <span class='ocrx_word' id='word_1_278' title='bbox 1640 3036 1842 3083; x_wconf 90' lang='lat' dir='ltr'>aures</span> <span class='ocrx_word' id='word_1_279' title='bbox 1874 3069 1888 3091; x_wconf 92' lang='lat'>‚</span> <span class='ocrx_word' id='word_1_280' title='bbox 1948 3013 2341 3082; x_wconf 83' lang='lat' dir='ltr'>circumfert</span> <span class='ocrx_word' id='word_1_281' title='bbox 2396 3035 2562 3082; x_wconf 88' lang='lat' dir='ltr'>ocu-</span> 
     </span>
     <span class='ocr_line' id='line_1_32' title="bbox 66 3089 2562 3192; baseline 0.003 -30"><span class='ocrx_word' id='word_1_282' title='bbox 66 3089 247 3190; x_wconf 64' lang='lat' dir='ltr'>lorum</span> <span class='ocrx_word' id='word_1_283' title='bbox 280 3101 585 3181; x_wconf 88' lang='lat' dir='ltr'>obtutus,</span> <span class='ocrx_word' id='word_1_284' title='bbox 624 3113 689 3169; x_wconf 91' lang='lat' dir='ltr'>et</span> <span class='ocrx_word' id='word_1_285' title='bbox 727 3123 881 3170; x_wconf 86' lang='lat' dir='ltr'>ecce</span> <span class='ocrx_word' id='word_1_286' title='bbox 920 3101 1101 3171; x_wconf 89' lang='lat' dir='ltr'>videt</span> <span class='ocrx_word' id='word_1_287' title='bbox 1130 3101 1499 3171; x_wconf 89' lang='lat' dir='ltr'>foeminam</span> <span class='ocrx_word' id='word_1_288' title='bbox 1547 3102 2063 3192; x_wconf 85' lang='lat' dir='ltr'>pauperculam,</span> <span class='ocrx_word' id='word_1_289' title='bbox 2106 3102 2278 3170; x_wconf 88' lang='lat' dir='ltr'>inter</span> <span class='ocrx_word' id='word_1_290' title='bbox 2310 3102 2562 3170; x_wconf 88' lang='lat' dir='ltr'>densas</span> 
     </span>
     <span class='ocr_line' id='line_1_33' title="bbox 64 3189 2564 3281; baseline 0.003 -34"><span class='ocrx_word' id='word_1_291' title='bbox 64 3200 218 3253; x_wconf 81' lang='lat' dir='ltr'>nives</span> <span class='ocrx_word' id='word_1_292' title='bbox 260 3189 510 3278; x_wconf 83' lang='lat' dir='ltr'>frigore</span> <span class='ocrx_word' id='word_1_293' title='bbox 553 3211 761 3280; x_wconf 89' lang='lat' dir='ltr'>prope</span> <span class='ocrx_word' id='word_1_294' title='bbox 804 3204 1133 3271; x_wconf 89' lang='lat' dir='ltr'>enectam,</span> <span class='ocrx_word' id='word_1_295' title='bbox 1187 3204 1249 3260; x_wconf 92' lang='lat' dir='ltr'>et</span> <span class='ocrx_word' id='word_1_296' title='bbox 1288 3192 1433 3280; x_wconf 89' lang='lat' dir='ltr'>jam</span> <span class='ocrx_word' id='word_1_297' title='bbox 1486 3213 1888 3281; x_wconf 90' lang='lat' dir='ltr'>supremum</span> <span class='ocrx_word' id='word_1_298' title='bbox 1938 3191 2307 3259; x_wconf 84' lang='lat' dir='ltr'>trahentem</span> <span class='ocrx_word' id='word_1_299' title='bbox 2362 3189 2564 3278; x_wconf 91' lang='lat' dir='ltr'>spiri·</span> 
     </span>
     <span class='ocr_line' id='line_1_34' title="bbox 60 3278 2554 3368; baseline 0.002 -29"><span class='ocrx_word' id='word_1_300' title='bbox 60 3279 198 3339; x_wconf 79' lang='lat' dir='ltr'>tum.</span> <span class='ocrx_word' id='word_1_301' title='bbox 248 3281 450 3346; x_wconf 88' lang='lat' dir='ltr'>Totus</span> <span class='ocrx_word' id='word_1_302' title='bbox 486 3300 638 3347; x_wconf 84' lang='lat' dir='ltr'>mox</span> <span class='ocrx_word' id='word_1_303' title='bbox 679 3300 837 3368; x_wconf 85' lang='lat' dir='ltr'>prae</span> <span class='ocrx_word' id='word_1_304' title='bbox 868 3281 1464 3350; x_wconf 85' lang='lat' dir='ltr'>commiseratione</span> <span class='ocrx_word' id='word_1_305' title='bbox 1502 3280 1823 3368; x_wconf 70' lang='lat' dir='ltr'>lacrymis</span> <span class='ocrx_word' id='word_1_306' title='bbox 1857 3278 2149 3357; x_wconf 83' lang='lat' dir='ltr'>diffluit,</span> <span class='ocrx_word' id='word_1_307' title='bbox 2202 3291 2265 3345; x_wconf 89' lang='lat' dir='ltr'>et</span> <span class='ocrx_word' id='word_1_308' title='bbox 2315 3300 2350 3342; x_wconf 88' lang='lat'>«</span> <span class='ocrx_word' id='word_1_309' title='bbox 2385 3283 2554 3358; x_wconf 87' lang='lat' dir='ltr'>Heu,</span> 
     </span>
     <span class='ocr_line' id='line_1_35' title="bbox 59 3365 2558 3455; baseline 0.002 -29"><span class='ocrx_word' id='word_1_310' title='bbox 59 3377 147 3428; x_wconf 85' lang='lat' dir='ltr'>me</span> <span class='ocrx_word' id='word_1_311' title='bbox 180 3365 525 3447; x_wconf 86' lang='lat' dir='ltr'>miserum,</span> <span class='ocrx_word' id='word_1_312' title='bbox 583 3369 825 3454; x_wconf 89' lang='lat' dir='ltr'>inquit,</span> <span class='ocrx_word' id='word_1_313' title='bbox 878 3370 995 3455; x_wconf 91' lang='lat' dir='ltr'>qui</span> <span class='ocrx_word' id='word_1_314' title='bbox 1044 3392 1202 3438; x_wconf 90' lang='lat' dir='ltr'>cum</span> <span class='ocrx_word' id='word_1_315' title='bbox 1255 3369 1383 3437; x_wconf 89' lang='lat' dir='ltr'>sim</span> <span class='ocrx_word' id='word_1_316' title='bbox 1442 3369 1832 3439; x_wconf 87' lang='lat' dir='ltr'>mortalium</span> <span class='ocrx_word' id='word_1_317' title='bbox 1885 3368 2194 3439; x_wconf 89' lang='lat' dir='ltr'>omnium</span> <span class='ocrx_word' id='word_1_318' title='bbox 2249 3365 2558 3445; x_wconf 87' lang='lat' dir='ltr'>ultimus,</span> 
     </span>
     <span class='ocr_line' id='line_1_36' title="bbox 58 3457 2564 3544; baseline 0 -23"><span class='ocrx_word' id='word_1_319' title='bbox 58 3466 276 3539; x_wconf 77' lang='lat' dir='ltr'>magno</span> <span class='ocrx_word' id='word_1_320' title='bbox 308 3457 635 3525; x_wconf 87' lang='lat' dir='ltr'>comitatu</span> <span class='ocrx_word' id='word_1_321' title='bbox 667 3457 857 3526; x_wconf 83' lang='lat' dir='ltr'>fruor</span> <span class='ocrx_word' id='word_1_322' title='bbox 896 3472 959 3526; x_wconf 90' lang='lat' dir='ltr'>et</span> <span class='ocrx_word' id='word_1_323' title='bbox 1000 3457 1266 3526; x_wconf 90' lang='lat' dir='ltr'>interim</span> <span class='ocrx_word' id='word_1_324' title='bbox 1302 3458 1484 3544; x_wconf 91' lang='lat' dir='ltr'>quod</span> <span class='ocrx_word' id='word_1_325' title='bbox 1539 3470 1778 3527; x_wconf 90' lang='lat' dir='ltr'>natura</span> <span class='ocrx_word' id='word_1_326' title='bbox 1831 3458 2155 3528; x_wconf 89' lang='lat' dir='ltr'>omnibus</span> <span class='ocrx_word' id='word_1_327' title='bbox 2194 3476 2564 3523; x_wconf 86' lang='lat' dir='ltr'>commune</span> 
     </span>
     <span class='ocr_line' id='line_1_37' title="bbox 56 3543 2557 3634; baseline 0.003 -32"><span class='ocrx_word' id='word_1_328' title='bbox 56 3555 177 3606; x_wconf 80' lang='lat' dir='ltr'>esse</span> <span class='ocrx_word' id='word_1_329' title='bbox 221 3543 454 3627; x_wconf 87' lang='lat' dir='ltr'>voluit,</span> <span class='ocrx_word' id='word_1_330' title='bbox 507 3546 676 3614; x_wconf 87' lang='lat' dir='ltr'>mihi</span> <span class='ocrx_word' id='word_1_331' title='bbox 726 3545 1078 3634; x_wconf 86' lang='lat' dir='ltr'>speciatim</span> <span class='ocrx_word' id='word_1_332' title='bbox 1135 3546 1440 3626; x_wconf 89' lang='lat' dir='ltr'>vendico,</span> <span class='ocrx_word' id='word_1_333' title='bbox 1493 3567 1708 3633; x_wconf 88' lang='lat' dir='ltr'>eoque</span> <span class='ocrx_word' id='word_1_334' title='bbox 1808 3545 1915 3614; x_wconf 93' lang='lat' dir='ltr'>lus</span> <span class='ocrx_word' id='word_1_335' title='bbox 1961 3568 2166 3633; x_wconf 89' lang='lat' dir='ltr'>quam</span> <span class='ocrx_word' id='word_1_336' title='bbox 2220 3564 2396 3630; x_wconf 86' lang='lat' dir='ltr'>opus</span> <span class='ocrx_word' id='word_1_337' title='bbox 2447 3543 2557 3622; x_wconf 92' lang='lat' dir='ltr'>sit,</span> 
     </span>
     <span class='ocr_line' id='line_1_38' title="bbox 52 3630 2564 3723; baseline 0.004 -34"><span class='ocrx_word' id='word_1_338' title='bbox 52 3637 224 3697; x_wconf 89' lang='lat' dir='ltr'>utor:</span> <span class='ocrx_word' id='word_1_339' title='bbox 275 3645 339 3701; x_wconf 89' lang='lat' dir='ltr'>et</span> <span class='ocrx_word' id='word_1_340' title='bbox 390 3632 551 3702; x_wconf 87' lang='lat' dir='ltr'>haec</span> <span class='ocrx_word' id='word_1_341' title='bbox 603 3633 1025 3723; x_wconf 87' lang='lat' dir='ltr'>paupercula</span> <span class='ocrx_word' id='word_1_342' title='bbox 1057 3633 1222 3703; x_wconf 92' lang='lat' dir='ltr'>dum</span> <span class='ocrx_word' id='word_1_343' title='bbox 1262 3647 1440 3704; x_wconf 88' lang='lat' dir='ltr'>veste</span> <span class='ocrx_word' id='word_1_344' title='bbox 1489 3645 1696 3715; x_wconf 84' lang='lat' dir='ltr'>caret,</span> <span class='ocrx_word' id='word_1_345' title='bbox 1790 3633 1973 3703; x_wconf 91' lang='lat' dir='ltr'>olore</span> <span class='ocrx_word' id='word_1_346' title='bbox 2019 3632 2404 3713; x_wconf 84' lang='lat' dir='ltr'>conficitur,</span> <span class='ocrx_word' id='word_1_347' title='bbox 2444 3630 2564 3699; x_wconf 82' lang='lat' dir='ltr'>fri-</span> 
     </span>
     <span class='ocr_line' id='line_1_39' title="bbox 56 3720 2565 3812; baseline 0.003 -32"><span class='ocrx_word' id='word_1_348' title='bbox 56 3732 190 3798; x_wconf 86' lang='lat' dir='ltr'>gore</span> <span class='ocrx_word' id='word_1_349' title='bbox 235 3734 643 3809; x_wconf 88' lang='lat' dir='ltr'>consumpta</span> <span class='ocrx_word' id='word_1_350' title='bbox 695 3723 890 3812; x_wconf 90' lang='lat' dir='ltr'>perit.</span> <span class='ocrx_word' id='word_1_351' title='bbox 932 3746 968 3788; x_wconf 77' lang='lat'>»</span> <span class='ocrx_word' id='word_1_352' title='bbox 1018 3723 1137 3792; x_wconf 90' lang='lat' dir='ltr'>His</span> <span class='ocrx_word' id='word_1_353' title='bbox 1181 3722 1404 3804; x_wconf 79' lang='lat' dir='ltr'>dictis,</span> <span class='ocrx_word' id='word_1_354' title='bbox 1459 3746 1585 3793; x_wconf 91' lang='lat' dir='ltr'>suo</span> <span class='ocrx_word' id='word_1_355' title='bbox 1635 3745 1706 3792; x_wconf 91' lang='lat' dir='ltr'>se</span> <span class='ocrx_word' id='word_1_356' title='bbox 1749 3724 2146 3792; x_wconf 86' lang='lat' dir='ltr'>vestimento</span> <span class='ocrx_word' id='word_1_357' title='bbox 2197 3720 2432 3799; x_wconf 89' lang='lat' dir='ltr'>nudat,</span> <span class='ocrx_word' id='word_1_358' title='bbox 2486 3732 2565 3788; x_wconf 90' lang='lat' dir='ltr'>ut</span> 
     </span>
     <span class='ocr_line' id='line_1_40' title="bbox 57 3807 2565 3904; baseline 0.002 -33"><span class='ocrx_word' id='word_1_359' title='bbox 57 3820 207 3904; x_wconf 78' lang='lat' dir='ltr'>pene</span> <span class='ocrx_word' id='word_1_360' title='bbox 233 3807 464 3877; x_wconf 89' lang='lat' dir='ltr'>nudus</span> <span class='ocrx_word' id='word_1_361' title='bbox 498 3810 1122 3892; x_wconf 86' lang='lat' dir='ltr'>videretur,-induit</span> <span class='ocrx_word' id='word_1_362' title='bbox 1146 3834 1224 3880; x_wconf 91' lang='lat' dir='ltr'>ea</span> <span class='ocrx_word' id='word_1_363' title='bbox 1260 3814 1714 3882; x_wconf 89' lang='lat' dir='ltr'>miserrimam</span> <span class='ocrx_word' id='word_1_364' title='bbox 1749 3812 2145 3890; x_wconf 87' lang='lat' dir='ltr'>foeminam,</span> <span class='ocrx_word' id='word_1_365' title='bbox 2173 3820 2375 3895; x_wconf 85' lang='lat' dir='ltr'>atque</span> <span class='ocrx_word' id='word_1_366' title='bbox 2406 3809 2565 3876; x_wconf 91' lang='lat' dir='ltr'>inde</span> 
     </span>
     <span class='ocr_line' id='line_1_41' title="bbox 56 3899 2565 3989; baseline 0.002 -29"><span class='ocrx_word' id='word_1_367' title='bbox 56 3909 280 3982; x_wconf 64' lang='lat' dir='ltr'>§ensim</span> <span class='ocrx_word' id='word_1_368' title='bbox 338 3899 662 3989; x_wconf 84' lang='lat' dir='ltr'>membris</span> <span class='ocrx_word' id='word_1_369' title='bbox 722 3899 1339 3982; x_wconf 76' lang='lat' dir='ltr'>recalescentibuS,</span> <span class='ocrx_word' id='word_1_370' title='bbox 1413 3901 1677 3970; x_wconf 89' lang='lat' dir='ltr'>reducit</span> <span class='ocrx_word' id='word_1_371' title='bbox 1741 3923 1888 3970; x_wconf 87' lang='lat' dir='ltr'>eam</span> <span class='ocrx_word' id='word_1_372' title='bbox 1962 3902 2028 3968; x_wconf 89' lang='lat' dir='ltr'>in</span> <span class='ocrx_word' id='word_1_373' title='bbox 2082 3900 2306 3967; x_wconf 84' lang='lat' dir='ltr'>viam:</span> <span class='ocrx_word' id='word_1_374' title='bbox 2363 3917 2565 3986; x_wconf 91' lang='lat' dir='ltr'>porro</span> 
     </span>
     <span class='ocr_line' id='line_1_42' title="bbox 58 3985 2565 4078; baseline 0.002 -31"><span class='ocrx_word' id='word_1_375' title='bbox 58 3996 179 4065; x_wconf 78' lang='lat' dir='ltr'>ipse</span> <span class='ocrx_word' id='word_1_376' title='bbox 224 3986 444 4055; x_wconf 87' lang='lat' dir='ltr'>socios</span> <span class='ocrx_word' id='word_1_377' title='bbox 494 3987 899 4073; x_wconf 88' lang='lat' dir='ltr'>insequitur,</span> <span class='ocrx_word' id='word_1_378' title='bbox 948 3988 1140 4057; x_wconf 87' lang='lat' dir='ltr'>valde</span> <span class='ocrx_word' id='word_1_379' title='bbox 1182 3989 1452 4058; x_wconf 89' lang='lat' dir='ltr'>interim</span> <span class='ocrx_word' id='word_1_380' title='bbox 1498 3989 1747 4078; x_wconf 82' lang='lat' dir='ltr'>frigore</span> <span class='ocrx_word' id='word_1_381' title='bbox 1780 4011 1937 4058; x_wconf 89' lang='lat' dir='ltr'>eum</span> <span class='ocrx_word' id='word_1_382' title='bbox 1971 3987 2356 4068; x_wconf 83' lang='lat' dir='ltr'>infestante,</span> <span class='ocrx_word' id='word_1_383' title='bbox 2397 3985 2565 4054; x_wconf 89' lang='lat' dir='ltr'>adeo</span> 
     </span>
     <span class='ocr_line' id='line_1_43' title="bbox 52 4071 2566 4165; baseline 0.004 -33"><span class='ocrx_word' id='word_1_384' title='bbox 52 4079 115 4133; x_wconf 89' lang='lat' dir='ltr'>ut</span> <span class='ocrx_word' id='word_1_385' title='bbox 140 4071 251 4138; x_wconf 89' lang='lat' dir='ltr'>ubi</span> <span class='ocrx_word' id='word_1_386' title='bbox 304 4072 458 4142; x_wconf 91' lang='lat' dir='ltr'>illos</span> <span class='ocrx_word' id='word_1_387' title='bbox 507 4077 748 4165; x_wconf 90' lang='lat' dir='ltr'>attigit,</span> <span class='ocrx_word' id='word_1_388' title='bbox 803 4077 1299 4146; x_wconf 89' lang='lat' dir='ltr'>tremebundus</span> <span class='ocrx_word' id='word_1_389' title='bbox 1348 4078 1645 4146; x_wconf 87' lang='lat' dir='ltr'>adstaret</span> <span class='ocrx_word' id='word_1_390' title='bbox 1679 4099 1907 4146; x_wconf 89' lang='lat' dir='ltr'>coram</span> <span class='ocrx_word' id='word_1_391' title='bbox 1962 4076 2121 4154; x_wconf 90' lang='lat' dir='ltr'>illis,</span> <span class='ocrx_word' id='word_1_392' title='bbox 2161 4075 2306 4145; x_wconf 91' lang='lat' dir='ltr'>solo</span> <span class='ocrx_word' id='word_1_393' title='bbox 2340 4073 2566 4143; x_wconf 90' lang='lat' dir='ltr'>cilicio</span> 
     </span>
     <span class='ocr_line' id='line_1_44' title="bbox 55 4160 2560 4254; baseline 0.004 -33"><span class='ocrx_word' id='word_1_394' title='bbox 55 4167 104 4221; x_wconf 83' lang='lat' dir='ltr'>et</span> <span class='ocrx_word' id='word_1_395' title='bbox 133 4160 400 4230; x_wconf 87' lang='lat' dir='ltr'>cucullo</span> <span class='ocrx_word' id='word_1_396' title='bbox 441 4163 755 4232; x_wconf 52' lang='lat' dir='ltr'>indutus,</span> <span class='ocrx_word' id='word_1_397' title='bbox 797 4167 1361 4235; x_wconf 88' lang='lat' dir='ltr'>Percontantibus</span> <span class='ocrx_word' id='word_1_398' title='bbox 1409 4166 1532 4246; x_wconf 91' lang='lat' dir='ltr'>eis,</span> <span class='ocrx_word' id='word_1_399' title='bbox 1588 4166 1709 4234; x_wconf 91' lang='lat' dir='ltr'>ubi</span> <span class='ocrx_word' id='word_1_400' title='bbox 1757 4178 1932 4235; x_wconf 90' lang='lat' dir='ltr'>esset</span> <span class='ocrx_word' id='word_1_401' title='bbox 1983 4164 2182 4234; x_wconf 91' lang='lat' dir='ltr'>vestis</span> <span class='ocrx_word' id='word_1_402' title='bbox 2222 4164 2560 4254; x_wconf 89' lang='lat' dir='ltr'>superior,</span> 
     </span>
     <span class='ocr_line' id='line_1_45' title="bbox 58 4245 2566 4344; baseline 0.006 -37"><span class='ocrx_word' id='word_1_403' title='bbox 58 4245 250 4316; x_wconf 84' lang='lat' dir='ltr'>modis</span> <span class='ocrx_word' id='word_1_404' title='bbox 298 4250 623 4318; x_wconf 87' lang='lat' dir='ltr'>omnibus</span> <span class='ocrx_word' id='word_1_405' title='bbox 657 4251 767 4321; x_wconf 91' lang='lat' dir='ltr'>ille</span> <span class='ocrx_word' id='word_1_406' title='bbox 804 4255 1097 4324; x_wconf 86' lang='lat' dir='ltr'>celatum</span> <span class='ocrx_word' id='word_1_407' title='bbox 1149 4256 1438 4344; x_wconf 90' lang='lat' dir='ltr'>cupiens</span> <span class='ocrx_word' id='word_1_408' title='bbox 1479 4254 1660 4339; x_wconf 90' lang='lat' dir='ltr'>quod</span> <span class='ocrx_word' id='word_1_409' title='bbox 1707 4254 1995 4333; x_wconf 84' lang='lat' dir='ltr'>fecerat,</span> <span class='ocrx_word' id='word_1_410' title='bbox 2051 4254 2145 4323; x_wconf 90' lang='lat' dir='ltr'>ait</span> <span class='ocrx_word' id='word_1_411' title='bbox 2192 4276 2264 4322; x_wconf 89' lang='lat' dir='ltr'>se</span> <span class='ocrx_word' id='word_1_412' title='bbox 2316 4274 2566 4343; x_wconf 87' lang='lat' dir='ltr'>magno</span> 
     </span>
     <span class='ocr_line' id='line_1_46' title="bbox 27 4342 2566 4434; baseline 0.002 -28"><span class='ocrx_word' id='word_1_413' title='bbox 27 4348 231 4406; x_wconf 69' lang='grc' dir='ltr'>,ΟΠΘΙῈ</span> <span class='ocrx_word' id='word_1_414' title='bbox 295 4359 659 4425; x_wconf 86' lang='lat' dir='ltr'>pressum,</span> <span class='ocrx_word' id='word_1_415' title='bbox 704 4343 867 4434; x_wconf 86' lang='lat' dir='ltr'>juga</span> <span class='ocrx_word' id='word_1_416' title='bbox 934 4345 1271 4413; x_wconf 89' lang='lat' dir='ltr'>montium</span> <span class='ocrx_word' id='word_1_417' title='bbox 1344 4342 1672 4412; x_wconf 88' lang='lat' dir='ltr'>scandere</span> <span class='ocrx_word' id='word_1_418' title='bbox 1721 4366 1856 4412; x_wconf 90' lang='lat' dir='ltr'>non</span> <span class='ocrx_word' id='word_1_419' title='bbox 1911 4343 2256 4432; x_wconf 88' lang='lat' dir='ltr'>potuisse:</span> <span class='ocrx_word' id='word_1_420' title='bbox 2313 4357 2566 4413; x_wconf 89' lang='lat' dir='ltr'>vestem</span> 
     </span>
     <span class='ocr_line' id='line_1_47' title="bbox 60 4427 2569 4522; baseline 0.005 -36"><span class='ocrx_word' id='word_1_421' title='bbox 60 4431 178 4489; x_wconf 80' lang='lat' dir='ltr'>tuto</span> <span class='ocrx_word' id='word_1_422' title='bbox 227 4427 596 4511; x_wconf 85' lang='lat' dir='ltr'>reliquisse</span> <span class='ocrx_word' id='word_1_423' title='bbox 643 4427 803 4512; x_wconf 85' lang='lat' dir='ltr'>loeo,</span> <span class='ocrx_word' id='word_1_424' title='bbox 856 4432 1101 4502; x_wconf 84' lang='lat' dir='ltr'>Christi</span> <span class='ocrx_word' id='word_1_425' title='bbox 1153 4433 1575 4522; x_wconf 83' lang='lat' dir='ltr'>benignitate</span> <span class='ocrx_word' id='word_1_426' title='bbox 1626 4431 2140 4501; x_wconf 88' lang='lat' dir='ltr'>restituendam.</span> <span class='ocrx_word' id='word_1_427' title='bbox 2194 4432 2569 4502; x_wconf 89' lang='lat' dir='ltr'>Prudenter</span> 
     </span>
    </p>
   </div>
   <div class='ocr_carea' id='block_1_3' title="bbox 2717 4523 2776 4558">
    <p class='ocr_par' dir='ltr' id='par_1_5' title="bbox 2717 4523 2776 4558">
     <span class='ocr_line' id='line_1_48' title="bbox 2717 4523 2776 4558; baseline 0 -32"><span class='ocrx_word' id='word_1_428' title='bbox 2717 4523 2776 4558; x_wconf 46' lang='lat' dir='ltr'>l,</span> 
     </span>
    </p>
   </div>
  </div>
 </body>
</html>
