2993 4837
542 317 668 380 676
1132 333 1211 379 na
1257 333 1313 378 s.
1367 330 1729 379 camanum
1780 332 1945 377 viae.
1999 333 2073 377 ar
2121 332 2308 377 nitar.
2649 312 2798 375 Noli.
2831 311 2895 372 ‘25

452 425 617 489 Nam
641 439 801 487 cum
832 418 961 506 ipsi
988 438 1259 503 quoque
1283 439 1353 486 se
1372 417 1864 572 stitissentcpro
1898 415 2252 494 tribunali,
2296 440 2332 481 «
2363 420 2493 505 Ego
2521 435 2765 500 quoque
2787 435 2899 482 sum
2945 415 2946 504 J

452 508 901 585 Christianus,
958 505 1128 575 dixit
1183 505 1585 594 Porphyrio.
1640 509 1721 573 Se
1820 505 1891 573 hi
1939 526 2238 590 quoque,
2293 507 2414 591 qui
2463 515 2616 573 sunt
2661 524 2900 576 mecum,
2945 537 2946 584 3

452 610 614 665 sunt
671 595 965 682 insignis
1013 594 1096 662 ad
1160 598 1370 662 Deum
1439 594 1783 663 adductus
1822 594 2181 662 exercitus.
2226 617 2263 659 »
2303 599 2444 662 Hoc
2484 614 2610 661 non
2655 591 2907 660 sustinuit
2945 621 2946 680 χ

454 685 695 754 audire
746 684 1161 752 Maxentius:
1217 683 1330 751 sed
1369 705 1527 751 cum
1578 703 1659 750 ex
1696 683 2036 770 profundo
2072 681 2277 751 corde
2308 682 2661 769 ejulasset3
2710 679 2905 756 «Perii,
2945 703 2946 752 ι

452 774 701 861 inquit,
736 795 893 840 cum
935 772 1346 861 perdiderim
1386 770 1866 840 admirabilem
1920 772 2142 840 virum
2186 771 2733 860 Porphyrionem.
2764 793 2793 833 »
2831 773 2909 835 De·
2945 759 2946 774 ¹

454 863 615 930 inde
648 862 850 930 etiam
886 883 1257 932 conversus
1303 860 1387 928 ad
1431 882 1594 929 suos
1647 860 1929 930 milites:
1986 882 2022 926 «
2055 865 2181 928 Vos
2239 875 2491 939 autem,
2534 859 2759 946 inquit,
2801 878 2911 942 qua·

454 973 612 1019 nam
655 951 740 1018 de
769 972 975 1019 causa
1017 950 1182 1018 deos
1216 949 1470 1038 patrios
1513 948 1852 1018 habuistis
1884 949 2359 1036 contemptui?
2393 973 2430 1012 »
2479 953 2639 1018 Cum
2680 945 2767 1015 illi
2807 968 2909 1012 vero

455 1039 624 1108 nihil
680 1039 1213 1127 respondissent,
1257 1037 1671 1126 Porphyrio:
1728 1061 1762 1103 «
1802 1041 1936 1106 Cur
1986 1038 2298 1117 dimisso,
2357 1038 2599 1123 inquit,
2651 1035 2856 1120 capite,
2891 1057 2914 1099 o

453 1134 854 1216 Imperator,
901 1128 1105 1217 pedes
1139 1127 1552 1216 interrogas?
1591 1131 1704 1194 Est
1733 1126 1852 1194 tibi
1891 1148 2160 1196 mecum
2197 1125 2698 1212 loquendum.»
2729 1122 2914 1192 llleau·

458 1232 631 1285 tem:
674 1241 709 1281 «
749 1216 1026 1294 Malum,
1064 1217 1310 1302 inquit,
1349 1228 1583 1302 caput,
1624 1229 1694 1284 tu
1729 1237 1802 1283 es
1833 1236 2070 1284 eorum
2108 1220 2359 1304 caput?
2394 1239 2432 1280 »
2484 1220 2560 1283 Et
2608 1235 2753 1282 cum
2785 1211 2910 1301 plur:

456 1305 643 1392 loqui
679 1327 810 1373 non
851 1305 1271 1393 permisisset
1308 1303 1552 1393 pudor,
1587 1324 1703 1372 eos
1732 1325 2007 1390 quoque
2043 1304 2269 1374 statim
2309 1317 2527 1373 morte
2558 1301 2908 1372 condemnat

452 1408 516 1462 et
552 1396 681 1483 ipsi
741 1416 1015 1480 quoque
1070 1404 1645 1463 consummantur
1709 1393 2034 1461 vicesimo
2089 1406 2334 1478 quarto
2369 1391 2777 1470 Novembris,
2821 1379 2911 1457 effe

452 1497 779 1570 ctumque
818 1493 1131 1553 assecuta
1176 1495 1278 1551 est
1328 1481 1723 1571 praedictiO,
1763 1502 1971 1567 quam
2024 1486 2279 1570 Martyr
2309 1482 2733 1570 praedixerat
2768 1484 2910 1566 impe

457 1573 689 1642 ratori.
727 1593 883 1640 cum
920 1571 1121 1640 dixit:
1178 1594 1213 1638 «
1243 1570 1432 1639 Multi
1467 1592 1546 1639 ex
1579 1583 1694 1638 tuo
1732 1569 1982 1659 palatio
2018 1576 2146 1639 Deo
2198 1592 2315 1659 per
2359 1593 2470 1639 me
2499 1570 2838 1639 credent.»

542 1663 578 1746 ἓ
630 1667 773 1732 21.
828 1659 950 1729 Ille
982 1672 1208 1729 autem
1269 1682 1428 1729 cum
1486 1681 1729 1728 rursus
1791 1660 2057 1729 beatam
2101 1659 2478 1728 sistendam
2533 1668 2816 1728 curasset
2848 1661 2910 1723 ‚te

453 1750 853 1828 caterinam,
900 1761 965 1817 et
997 1749 1063 1816 in
1099 1771 1246 1817 eam
1285 1770 1557 1816 omnem
1601 1747 1918 1816 movisset
1966 1749 2507 1836 improbitatem,
2545 1761 2612 1818 et
2659 1745 2808 1816 nihil
2837 1765 2912 1811 non

454 1850 630 1907 esset
670 1838 1128 1917 macliinatuS,
1166 1838 1286 1906 ubi
1321 1858 1441 1904 nec
1473 1836 1857 1926 promissiS,
1901 1858 2023 1905 nec
2075 1838 2285 1906 minis
2332 1860 2486 1906 eam
2524 1839 2790 1906 omnino
2818 1831 2912 1900 vidit

461 1948 656 2015 posse
689 1928 1094 2016 expugnari,
1124 1928 1324 2014 jubet
1371 1927 1592 2014 ipsam
1628 1947 1904 2012 quoque
1937 1925 2100 1995 duci
2150 1925 2236 1994 ad
2275 1939 2594 1996 mortem.
2649 1931 2796 1995 Cum
2820 1944 2913 2007 erga¹

455 2038 604 2084 eam
642 2016 1054 2102 accipientes
1112 2014 1361 2084 milites
1413 2014 1811 2083 eduxissent
1857 2036 1893 2084 e
1925 2016 2219 2093 civitate,
2259 2027 2325 2083 et
2373 2016 2731 2085 duxissent
2760 2011 2825 2080 ad
2862 2011 2912 2076 lo·

456 2126 614 2174 cum
679 2105 1012 2192 martyrii,
1067 2103 1587 2173 circumsistens
1647 2124 1904 2203 magna
1967 2103 2360 2182 multitudO,
2429 2105 2726 2174 maxime
2765 2114 2912 2169 autem

455 2193 851 2272 mulierum,
898 2214 1073 2279 quae
1132 2204 1327 2260 erant
1383 2191 1608 2260 clarae
1658 2205 1723 2261 et
1778 2194 1911 2260 insi
1970 2212 2109 2272 nes,
2173 2194 2419 2262 acerbe
2473 2194 2635 2282 plan
2688 2192 2911 2260 ebanta

457 2281 1033 2359 lamentabantur,
1087 2294 1151 2350 et
1186 2280 1515 2369 lugebant
1549 2280 1873 2350 ultimum
1915 2282 1930 2349 i
1965 2280 2106 2350 lum
2141 2281 2538 2350 decessum.
2603 2282 2656 2350 Il
2688 2304 2724 2350 a
2762 2289 2910 2347 autem

456 2372 648 2440 vultu
679 2372 1018 2441 constanti
1052 2384 1117 2440 et
1160 2391 1592 2457 nequaquam
1649 2371 2024 2459 perterrito,
2079 2371 2242 2457 petit
2299 2382 2583 2460 tempus
2634 2371 2711 2440 ad
2753 2365 2915 2439 oratio-

459 2482 639 2528 nem.
671 2460 859 2542 Quod
889 2462 948 2528 ei
977 2459 1364 2528 concedunt
1393 2458 1666 2527 milites.
1703 2459 1825 2535 Illa
1848 2481 2000 2529 vero
2030 2481 2190 2527 cum
2225 2471 2290 2528 et
2327 2481 2584 2529 manus
2604 2474 2667 2529 et
2695 2458 2914 2528 animum

456 2549 539 2616 ad
573 2548 839 2617 coelum
899 2548 1312 2627 sustulisset,
1374 2547 1589 2617 dixit:
1645 2549 2002 2639 «Domine
2031 2549 2203 2617 Jesu
2240 2547 2501 2618 Christe
2558 2556 2730 2618 Deus
2768 2562 2910 2613 meus.

456 2659 583 2725 ago
616 2639 738 2706 tibi
770 2639 1048 2726 gratias,
1105 2637 1286 2725 quod
1322 2637 1616 2707 statuisti
1660 2658 1869 2725 supra
1907 2650 2166 2725 petram
2216 2637 2421 2726 pedes
2474 2660 2687 2716 meos,
2719 2648 2774 2704 et
2802 2632 2913 2699 die

456 2726 607 2795 xisti
658 2747 938 2815 gressus
989 2748 1217 2806 meos;
1274 2740 1341 2794 et
1398 2747 1585 2794 nunc
1636 2727 1921 2795 extende
1983 2725 2288 2814 palmas,
2350 2748 2529 2812 quae
2598 2749 2715 2817 pro
2776 2743 2852 2790 me
2875 2719 2907 2782 in

454 2836 656 2883 cruce
702 2815 982 2884 suerunt
1030 2817 1415 2895 sauciatae,
1469 2828 1534 2882 et
1581 2815 1853 2904 suscipe
1924 2816 2230 2882 animam
2264 2869 2279 2893 ,
2332 2837 2546 2901 quam
2614 2811 2902 2885 sacrificafl

459 2924 578 2992 pro
628 2917 688 2971 te
734 2918 800 2972 et
832 2916 946 2972 tua
993 2904 1441 2974 confessione.
1489 2908 1846 2982 Memento,
1908 2904 2210 2981 Domine,
2247 2904 2432 2990 quod
2473 2926 2718 2974 sumus
2746 2904 2907 2968 cam&

455 2992 762 3080 sanguis,
825 3005 890 3060 et
923 3014 1005 3061 ne
1057 2993 1431 3081 permittas,
1486 3005 1584 3069 ut,
1633 3013 1810 3078 quae
1857 3014 1895 3060 a
1949 3014 2056 3060 me
2096 2991 2269 3061 sacta
2303 3006 2468 3061 sunt
2503 3016 2625 3082 per
2672 2994 2905 3092 ignoran-

455 3080 644 3159 tiam,
700 3082 767 3149 in
802 3095 1113 3170 apertum
1171 3082 1516 3170 proferant
1561 3102 1754 3149 acres
1804 3102 2035 3150 rerum
2081 3074 2471 3150 nostrarum
2503 3088 2908 3163 examinator&

453 3183 608 3238 ante
650 3183 843 3239 tuum
883 3169 1183 3239 terribile
1212 3183 1277 3238 et
1302 3172 1782 3258 incorruptum
1820 3169 2151 3238 tribunal:
2184 3169 2300 3238 sed
2325 3192 2531 3257 quem
2569 3193 2687 3261 pro
2706 3156 2910 3239 teell'udt

455 3259 890 3348 sanguinem,
917 3282 995 3327 eo
1026 3260 1332 3328 maculas
1357 3280 1543 3327 meas
1564 3257 1791 3327 ablue.
1825 3263 1918 3326 Da
1944 3272 2172 3327 autem
2197 3273 2274 3327 ut
2307 3260 2436 3328 boc
2468 3281 2687 3329 meum
2718 3266 2910 3342 corpus.

453 3348 631 3434 quod
669 3370 791 3439 pro
820 3362 883 3417 te
914 3349 1045 3417 suit
1089 3349 1544 3427 conscissum,
1597 3368 1732 3415 non
1778 3347 1993 3436 possit
2042 3347 2311 3436 adspici
2360 3349 2448 3417 ab
2495 3349 2582 3417 iis
2627 3347 2739 3434 qui
2779 3357 2912 3429 quae·

457 3451 641 3506 runt:
671 3452 736 3506 et
756 3458 893 3524 qua
918 3436 1341 3527 providentia
1370 3436 1625 3506 finxisti
1660 3436 1868 3504 corda
1898 3450 2150 3516 nostra,
2188 3436 2472 3535 adspice
2496 3460 2576 3507 ex
2600 3438 2727 3505 alto
2751 3438 2912 3503 sancto

457 3539 594 3605 tuo,
639 3528 944 3607 Domine,
999 3525 1082 3595 ad
1123 3527 1308 3595 bunc
1353 3524 1713 3614 populum,
1751 3527 1871 3610 qui
1911 3537 1974 3593 te
2009 3524 2485 3607 circumsistit,
2520 3540 2583 3596 et
2612 3523 2808 3593 deduc
2841 3532 2912 3581 «³05

457 3615 720 3684 lumine
769 3628 924 3684 tuae
957 3615 1353 3705 agnitionis.
1411 3619 1504 3683 Da
1528 3626 1755 3681 autem
1784 3614 1870 3683 iis
1901 3634 2197 3701 quoque,
2235 3617 2356 3701 qui
2394 3638 2515 3705 per
2551 3637 2652 3684 me
2676 3610 2910 3681 invocant

456 3717 770 3773 sanctum
823 3717 1016 3774 tuum
1071 3726 1342 3782 nomen,
1403 3703 1761 3790 petitiones
1800 3724 1976 3789 quae
2026 3714 2188 3772 sunt
2220 3705 2320 3773 eis
2369 3699 2825 3775 conducibiles,
2865 3698 2907 3787 μί

460 3815 577 3881 per
622 3794 855 3862 omnia
904 3792 1273 3862 laudentur
1321 3805 1437 3861 tua
1488 3789 1835 3880 magnalia
1884 3812 2069 3860 nunc
2118 3804 2184 3859 et
2217 3791 2287 3861 in
2340 3794 2595 3863 secula.
2627 3794 2822 3858 »Cum
2845 3798 2904 3845 εἰ(

460 3894 727 3971 precata
777 3894 974 3962 esset,
1022 3881 1232 3970 jussit
1282 3880 1532 3950 milites
1559 3879 1801 3959 facere,
1839 3879 2024 3966 quod
2074 3878 2297 3950 fuerat
2339 3884 2747 3972 imperatum.
2780 3876 2904 3962 Πῑιῑμς

412 4026 419 4033 .
458 3984 685 4040 autem
735 3993 815 4039 ex
861 3971 982 4051 eis,
1036 3971 1269 4040 stricto
1317 3969 1571 4059 gladi0‚
1626 3969 1902 4039 beatum
1937 3970 2088 4059 ejus
2135 3984 2346 4060 caput
2393 3980 2688 4062 amputat
2734 3963 2901 4029 vicesi-

463 4061 816 4147 moquinto
851 4061 1107 4129 mensis
1142 4059 1567 4129 Novembris.

544 4152 580 4235 ξ
632 4154 791 4219 22.
852 4154 1054 4218 Porro
1102 4162 1330 4217 autem
1366 4148 1476 4217 hic
1501 4170 1776 4235 quoque
1809 4147 1972 4216 tacit
2007 4153 2181 4217 Deus
2221 4147 2500 4235 aliquod
2553 4136 2892 4216 miraculum-

459 4237 805 4308 honorans
854 4259 1048 4307 suam
1102 4243 1488 4326 Martyrem‚
1542 4237 1715 4305 etad
1767 4237 2079 4306 effectum
2122 4237 2474 4307 deducens
2521 4235 2685 4304 illius
2707 4236 2890 4319 proeffiz

460 4329 622 4392 Nam
688 4326 805 4412 qui
868 4325 1203 4405 aderant,
1261 4326 1580 4395 viderunt
1629 4325 1733 4395 lac
1781 4326 2007 4395 fluens
2058 4347 2177 4414 pro
2215 4327 2588 4427 sanguine:
2636 4334 2689 4390 et
2725 4302 2890 4397 Angeh

459 4431 618 4479 cum
671 4414 1132 4484 venerandum
1189 4414 1378 4486 illius
1440 4435 1694 4504 corpus
1741 4415 2316 4505 composuissent,
2365 4437 2433 4484 in
2497 4415 2632 4504 ipso
2672 4410 2891 4488 tempore
