2993 4837
494 313 622 376 686
1202 327 1278 371 m:
1326 328 1382 372 s.
1437 325 1632 372 ramo
1681 327 1777 372 Er.
1835 328 1908 371 er
1956 327 2149 372 naar.
2615 308 2765 370 Not.
2803 311 2863 371 ΞΒ

403 412 801 503 praesertim
852 433 1012 479 cum
1077 410 1147 477 in
1199 408 1328 478 hac
1375 432 1589 479 causa
1639 432 1771 479 non
1827 432 1975 480 meo
2017 409 2289 497 judicio
2365 410 2745 479 sementiam
2781 410 2872 476 ad·

401 523 640 572 versus
685 522 845 569 eum
880 498 1212 579 dederim,
1252 498 1370 567 sed
1411 499 1744 568 divinitus
1792 500 2174 588 inspiratus
2215 499 2343 567 hoc
2385 499 2530 567 fieri
2555 499 2875 587 jusserim?

490 593 526 677 ξ
572 594 666 659 θ.
721 612 759 655 «
794 593 961 657 Nam
1006 588 1075 656 in
1118 587 1246 655 hac
1282 587 1450 656 hora
1487 588 1707 657 noctis
1740 610 1900 657 cum
1934 611 2013 658 ex
2045 588 2548 658 consuetudine
2579 587 2781 656 debita
2803 608 2880 654 sa-

401 700 554 747 cras
590 684 719 747 Deo
775 678 1115 747 orationes
1147 677 1487 756 offerrem,
1535 698 1694 746 ecce
1754 678 1985 747 subito
2019 678 2211 746 video
2270 679 2604 767 apparere
2651 676 2796 744 mihi
2832 677 2878 741 in

401 767 644 837 habitu
679 765 873 857 pueri
919 772 1159 834 Jesum
1208 765 1551 834 Christum
1605 767 1969 836 Dominum
2024 779 2365 835 nostrum.
2423 765 2632 856 Cujus
2673 763 2883 832 clarita·

401 858 487 925 tis
518 855 884 945 splendore
933 855 1146 924 nimio
1179 853 1588 934 illustratuS,
1644 877 1779 924 non
1824 854 2132 924 valebam
2197 855 2466 924 vultum
2531 867 2743 923 tantae
2782 875 2884 920 nia·

391 946 660 1034 jestatis
721 944 1085 1033 inspicere.
1139 944 1270 1025 Qui
1339 943 1631 1012 indutus
1694 956 1838 1012 erat
1905 945 2208 1013 tunicam
2264 943 2521 1012 lineam
2579 940 2884 1014 candidam

402 1035 635 1113 nimis,
690 1033 806 1102 sed
843 1033 1263 1102 conscissam
1304 1055 1341 1100 a
1384 1054 1660 1101 summo
1691 1054 1910 1119 usque
1949 1033 2273 1102 deorsum
2306 1055 2322 1098 ε
2360 1054 2577 1118 quam
2612 1031 2889 1099 ambabus

400 1123 724 1193 manibus
771 1121 1285 1210 constringebat
1329 1121 1515 1189 circa
1566 1133 1804 1209 pectus
1851 1143 2058 1191 suum
2101 1176 2114 1200 ‚
2168 1121 2582 1211 cooperiens
2621 1119 2891 1208 quodam·
2949 1187 2952 1208 Ὗ

400 1211 605 1281 modo
654 1211 1032 1281 nuditatem
1093 1232 1318 1279 suam.
1370 1215 1586 1292 Quem
1637 1233 1796 1279 cum
1835 1211 1934 1279 sic
1983 1210 2336 1288 vidissem,
2399 1211 2609 1279 timor
2657 1230 2889 1298 maguus
2951 1215 2952 1218 ’

398 1301 600 1370 irruit
632 1321 842 1387 super
877 1321 1005 1378 me,
1045 1311 1111 1367 et
1156 1320 1313 1367 cum
1349 1319 1625 1367 summo
1662 1299 1904 1368 timore
1951 1299 2331 1388 deprecans
2379 1321 2548 1368 eum
2589 1297 2765 1366 dixi:
2811 1301 2892 1364 Da

402 1391 609 1469 mine,
683 1388 987 1468 Domine,
1051 1387 1218 1474 quid
1275 1400 1377 1456 est
1415 1387 1594 1456 hoc?
1642 1393 1866 1470 Quare
1907 1389 2006 1456 sic
2069 1388 2262 1456 video
2303 1389 2619 1457 tunicam
2681 1403 2836 1455 tuam
2868 1407 2889 1450 a

401 1499 675 1548 summo
708 1499 929 1564 usque
964 1477 1287 1545 deorsum
1323 1476 1772 1545 conscissam.
1811 1478 1943 1559 Qui
1985 1477 2338 1565 respondit
2376 1477 2556 1545 mihi
2588 1500 2602 1542 :
2644 1472 2890 1556 Quotidie

401 1568 623 1656 ipsam
677 1578 927 1636 tractas
975 1566 1045 1633 in
1083 1564 1407 1645 Ecclesia,
1463 1578 1530 1634 et
1569 1566 1793 1634 nescis
1845 1567 2193 1653 quomodo
2250 1566 2474 1636 scissa
2530 1569 2680 1634 est?
2723 1563 2892 1632 Arrius

402 1655 574 1723 mihi
627 1655 804 1724 hanc
854 1654 1079 1734 scidit,
1134 1655 1297 1741 quia
1364 1655 1707 1743 separavit
1753 1677 1793 1722 a
1842 1676 1949 1722 me
2019 1655 2357 1744 populum
2433 1676 2691 1731 meum,
2746 1672 2889 1738 quern

402 1744 569 1812 milii
620 1744 689 1812 in
750 1743 1234 1813 haereditatem
1301 1743 1636 1830 acquisivi
1702 1765 1822 1843 per
1865 1745 2101 1812 Crucis
2153 1742 2580 1832 patibulum.
2650 1748 2722 1811 Et
2763 1761 2891 1808 nunc.

404 1854 525 1920 per
587 1832 843 1921 ipsum,
894 1832 1195 1903 schisma
1250 1831 1504 1901 sactum
1555 1844 1657 1902 est
1700 1854 1769 1899 in
1812 1832 2066 1922 populo
2108 1854 2299 1902 meo:
2355 1846 2426 1902 et
2466 1833 2622 1901 ideo
2669 1831 2892 1919 apparui

404 1921 550 2001 tibi,
597 1922 1027 2011 praecipiens
1082 1933 1148 1989 et
1183 1942 1491 2001 monens,
1548 1942 1633 1989 ne
1680 1920 1850 1990 forte
1909 1921 2076 1990 velis
2123 1943 2282 1989 eum
2335 1922 2409 1991 in
2469 1921 2890 1990 communione

404 2011 779 2099 suscipere.
828 2011 1072 2096 Iniqua
1119 2010 1298 2078 enim
1349 2009 1716 2078 meditatur
1762 2022 2000 2079 contra
2053 2031 2158 2078 me
2189 2023 2254 2080 et
2295 2010 2645 2099 populum
2696 2027 2887 2076 meum.

405 2104 572 2168 Ecce
622 2101 805 2169 enim
868 2099 1133 2167 venturi
1189 2110 1353 2166 sunt
1399 2097 1483 2167 ad
1528 2113 1585 2166 te
1617 2097 1900 2184 quidam
1944 2120 2118 2185 quos
2180 2100 2328 2187 ipse
2377 2121 2547 2168 cum
2611 2093 2890 2186 hypocrisi

404 2189 652 2258 direxit
696 2187 815 2275 qui
857 2201 920 2256 te
954 2189 1192 2277 rogent
1255 2208 1374 2276 pro
1413 2187 1679 2267 eodem,
1728 2200 1803 2256 ut
1859 2188 1920 2256 ei
1982 2188 2250 2256 veniam
2301 2201 2638 2276 praestes.
2688 2193 2770 2254 Tu
2815 2205 2892 2250 au·

405 2290 537 2345 tem
566 2299 723 2345 cum
765 2278 953 2344 omni
1001 2276 1266 2345 cautela
1324 2275 1530 2364 vigila
1561 2331 1575 2356 ,
1634 2287 1701 2344 et
1751 2299 1833 2344 ne
1863 2280 2262 2362 acquiescas
2306 2278 2628 2364 petitioni
2687 2293 2887 2343 eorum.

405 2388 490 2436 ne
522 2366 826 2437 schisma
888 2365 1006 2435 siat
1056 2367 1121 2434 in
1189 2364 1442 2454 populo
1494 2386 1668 2443 meo,
1709 2388 1830 2454 pro
1889 2387 2201 2455 quoego
2250 2370 2546 2436 Crucem
2590 2362 2819 2455 pertuli.
2847 2373 2889 2455 ξι
2951 2385 2952 2451 i

406 2469 690 2524 mortem
737 2456 1031 2543 gustavi,
1069 2468 1134 2523 et
1182 2455 1375 2524 tertia
1414 2455 1528 2523 die
1570 2457 1931 2524 resurrexi.
1987 2456 2228 2524 Omnia
2262 2477 2447 2540 quae
2505 2454 2746 2523 mando
2781 2450 2883 2518 tibi.
2951 2528 2952 2535 ἵ

403 2545 711 2623 observa,
750 2557 816 2612 et
849 2544 1207 2613 manifesta
1242 2544 1427 2612 hunc
1450 2565 1835 2612 sermonem
1870 2566 2096 2612 meum
2129 2543 2439 2612 Achillae
2464 2560 2534 2613 et
2557 2541 2884 2613 Alexandro.

403 2633 524 2718 qui
562 2647 709 2722 post
751 2647 809 2700 te
843 2632 1057 2702 futuri
1090 2647 1252 2702 sunt
1290 2632 1644 2721 Episcopi:
1698 2632 1954 2719 quibus
1993 2633 2332 2722 praecipe,
2387 2645 2467 2702 ut
2518 2647 2585 2701 et
2627 2633 2741 2720 ipsi
2780 2648 2888 2695 ana·

407 2721 844 2791 thematizent
889 2744 1046 2791 eum
1098 2744 1135 2797 a
1176 2734 1516 2804 conventu
1566 2742 1693 2789 suo
1727 2743 1955 2789 coram
1999 2721 2187 2790 omni
2226 2723 2516 2811 populo,
2569 2736 2641 2791 ut
2670 2718 2886 2798 audien·

406 2822 503 2880 tes
559 2823 961 2889 terreantur,
1028 2823 1093 2880 et
1158 2809 1518 2879 discedant
1564 2810 1649 2879 ab
1698 2832 1800 2879 eo.
1858 2809 2153 2896 Ideoque
2216 2810 2386 2879 haec
2450 2811 2707 2884 omnia,
2767 2822 2884 2891 quae

406 2899 579 2966 mihi
615 2912 971 2987 praecepta
1007 2912 1169 2969 sunt
1200 2911 1265 2968 et
1303 2898 1502 2986 jussa
1537 2920 1576 2966 a
1626 2900 1912 2968 Domino
1963 2920 2136 2977 rne0,
2180 2900 2617 2968 manifestavi
2656 2897 2886 2989 vobisa

403 2988 675 3076 cognita
705 2987 855 3055 feci.
902 2992 992 3057 Ex
1012 2988 1139 3057 hoc
1182 2987 1485 3056 mundus
1516 3009 1630 3055 ero
1661 2989 1748 3057 ab
1782 2988 2132 3067 omnibus,
2170 3009 2350 3073 quae
2389 2988 2706 3057 mandavi
2731 2983 2884 3051 vobis.

405 3078 461 3146 si
500 3098 634 3145 non
686 3077 941 3146 suerint
988 3076 1354 3146 custodita.

492 3169 627 3253 §2
664 3190 699 3231 «
736 3166 981 3235 Scitote
1012 3178 1239 3236 autem
1275 3179 1340 3233 et
1370 3186 1510 3242 vOS,
1555 3164 1739 3250 quod
1768 3166 1836 3233 in
1866 3166 2059 3233 omni
2094 3177 2426 3253 tempore,
2467 3187 2605 3251 quo
2639 3166 2887 3231 intervos

404 3268 844 3324 conversatus
875 3276 1055 3335 sum,
1087 3276 1443 3340 nunquam
1464 3254 1724 3324 cessavi
1757 3253 2099 3323 monendo
2121 3267 2325 3339 atque
2346 3251 2759 3323 exhortando
2790 3267 2881 3313 vos.
2949 3270 2952 3327 i

405 3355 540 3412 tam
580 3367 759 3422 voce,
814 3365 1019 3429 quam
1068 3342 1308 3412 litteris
1342 3344 1533 3421 meiS‚
1579 3365 1738 3411 cum
1772 3364 1991 3411 essem
2046 3346 2114 3409 in
2153 3341 2378 3411 insula
2431 3344 2589 3430 Tyri
2627 3355 2688 3408 et
2729 3338 2882 3425 Phoe
2949 3330 2952 3425 l

406 3434 650 3515 niciae,
708 3435 773 3500 in
828 3431 1247 3501 Palaestinae
1294 3452 1571 3518 quoque
1620 3431 1852 3500 insula
1904 3430 2244 3521 relegatus
2295 3452 2653 3517 nunquam
2688 3441 2882 3495 cessavi
2951 3428 2952 3509 ζ

405 3522 713 3593 scribens
760 3520 1141 3590 confortare
1190 3541 1305 3589 vos
1348 3520 1412 3587 in
1449 3520 1695 3589 virtute
1745 3521 2039 3608 Spiritus
2073 3521 2314 3598 sancti,
2360 3541 2572 3589 orans
2605 3540 2680 3586 ac
2705 3517 2882 3601 depre-

403 3632 570 3680 cans
619 3616 828 3680 Deum
871 3609 981 3678 die
1020 3633 1098 3678 ac
1134 3622 1327 3678 nocte
1364 3630 1483 3697 pro
1535 3607 1791 3697 populo
1836 3608 2006 3677 mihi
2062 3608 2343 3677 credito.
2400 3604 2878 3678 Sollicitudinem

403 3700 661 3790 quippe
695 3720 1015 3789 magnam
1053 3698 1397 3787 gerebam,
1430 3710 1753 3767 aestuans
1777 3698 2038 3787 jugiter
2068 3698 2136 3766 in
2171 3697 2377 3766 corde
2406 3720 2560 3767 meo
2594 3717 2705 3785 pro
2721 3689 2880 3761 salute

404 3811 666 3869 eorum,
697 3802 772 3857 ut
807 3810 940 3856 non
975 3787 1227 3873 aliquis
1257 3787 1431 3855 desit
1456 3809 1498 3854 a
1535 3800 1874 3855 conventu
1911 3786 2274 3856 Ecclesiae:
2311 3808 2432 3854 nec
2463 3804 2750 3872 unquam
2780 3795 2878 3845 ces·

402 3879 544 3946 savi
574 3876 1005 3966 suggerendo
1034 3877 1228 3945 beato
1259 3876 1596 3965 Episcopo
1631 3876 1970 3964 Hesychio
2002 3891 2205 3962 atque
2221 3875 2595 3945 Theodoro,
2633 3875 2874 3960 incuslssj

400 3967 515 4036 dia
546 3988 667 4056 pro
700 3962 835 4035 fide
857 3965 1100 4034 Christi
1141 3965 1450 4034 reclusis:
1484 3965 1603 4051 qui
1635 3964 1826 4052 digni
1859 3966 2257 4033 vocatisunt
2280 3986 2405 4053 pro
2431 3965 2638 4054 gratia
2671 3965 2870 4026 Domini

398 4057 640 4133 nostri,
687 4055 1057 4144 participes
1087 4054 1247 4123 sacti
1286 4054 1686 4153 passionum
1725 4053 1997 4122 Christi.
2053 4059 2206 4143 lpse
2239 4055 2548 4122 scribens
2594 4048 2670 4117 ad
2717 4049 2870 4111 Meso

398 4144 799 4233 potamiam,
855 4144 1133 4232 saepius
1165 4143 1544 4233 deSignavi‚
1585 4142 1818 4230 qualia
1848 4143 1934 4211 ab
1985 4142 2289 4211 inimicis
2334 4143 2529 4211 nobis
2560 4133 2866 4207 infereban-

399 4246 512 4302 tur
559 4233 924 4323 supplicia.
982 4231 1182 4302 Dolor
1221 4253 1521 4318 namque
1558 4254 1663 4299 ma
1721 4254 1853 4300 nus
1899 4243 1965 4299 et
1995 4230 2385 4300 sollicitudo
2426 4226 2863 4316 stringebam?-

402 4342 525 4410 pro
569 4323 799 4410 populi
854 4322 985 4390 mei
1019 4322 1261 4400 salute,
1321 4343 1405 4390 ne
1443 4319 1613 4389 forte
1643 4343 1677 4388 a
1716 4321 1897 4406 iquis
1946 4322 2453 4389 subverteretur
2497 4340 2533 4385 a
2588 4308 2861 4407 praedm·

403 4409 668 4477 toribus
732 4410 944 4479 falsis
1001 4411 1311 4498 Amplius
1372 4410 1556 4478 enim
1591 4465 1607 4491 ,
1659 4431 1870 4496 quam
1936 4410 2233 4479 sexcenti
2284 4408 2620 4497 sexaginta
2664 4388 2858 4465 viride
