2993 4837
480 326 565 387 66
1144 341 1219 385 na
1268 342 1323 386 s.
1379 340 1667 386 ananam
1716 342 1815 387 ar.
1870 340 2196 388 monissnsr
2653 322 2812 387 Nov.
2855 325 2889 386 3

390 426 871 496 sanctissimus
917 424 1093 494 cinis
1140 423 1462 494 conditus
1512 425 1936 505 servabatur,
1984 424 2343 505 adeuntes,
2396 424 2651 513 absque
2692 423 2892 510 aliqua

387 512 790 584 difficultate
822 513 1023 583 busta
1071 512 1248 582 beati
1286 512 1421 581 Viri
1476 534 1556 582 ex
1619 511 1844 582 loculo
1912 512 2300 601 protulere:
2355 527 2420 583 et
2465 536 2622 584 cum
2678 534 2894 602 magno

387 602 665 694 gaudio,
700 625 836 689 qua
872 613 1216 678 venerant,
1274 601 1514 690 pedem
1567 600 1955 682 reserenteS,
1996 602 2064 671 in
2102 601 2272 682 loco,
2332 624 2471 690 quo
2514 624 2752 692 passus
2789 615 2892 675 est.

389 706 604 762 terrae
653 690 1083 760 mandavere.
1153 690 1442 772 Quantis
1503 701 1776 770 autem,
1848 690 2259 779 qualibusve
2308 690 2661 761 miraculis
2717 712 2893 760 suum

350 844 355 850 ,
388 780 556 851 velle
590 780 919 849 Dominus
957 779 1025 847 in
1081 778 1196 847 tali
1231 777 1407 848 sacto
1459 801 1578 868 per
1625 800 1828 849 omne
1872 781 1996 849 iter
2034 778 2443 850 reversionis
2474 802 2705 850 eorum
2735 800 2897 848 com·

394 868 757 970 mendam,
802 865 1132 939 schedula
1181 880 1529 957 gestorum
1588 866 1900 958 ejusdem
1950 868 2171 938 sancti
2225 869 2568 959 pontificis
2614 880 2901 938 annotata

390 970 714 1029 continet.

478 1050 519 1134 ξ
561 1052 655 1118 8.
710 1045 988 1117 Fabrica
1036 1057 1263 1115 autem
1314 1043 1622 1134 ejusdem
1653 1044 2022 1127 basilicae,
2064 1068 2202 1133 qua
2233 1046 2414 1116 beati
2455 1046 2575 1115 viri
2619 1044 2902 1115 conditae

392 1148 555 1205 sunt
602 1134 973 1221 reliquiae,
1025 1133 1320 1222 qualiter
1367 1134 1452 1204 ab
1500 1133 1748 1205 eodem.
1790 1148 2026 1205 sancto
2088 1135 2229 1204 viro
2269 1136 2572 1205 Huberto
2621 1134 2903 1204 ordinata

390 1225 499 1305 sit,
553 1223 714 1311 quia
763 1222 981 1293 oculis
1033 1222 1408 1295 videntium
1458 1244 1531 1292 se
1577 1222 1806 1303 offert,
1858 1222 1943 1293 de
1988 1246 2069 1293 ea
2116 1223 2381 1311 aliquid
2430 1224 2658 1294 dicere
2696 1243 2904 1312 super-

392 1312 560 1383 sedi.
616 1313 736 1381 His
786 1312 1102 1401 peractis,
1156 1311 1258 1380 vir
1293 1311 1560 1380 Domini
1609 1313 1982 1392 Hubertus,
2029 1324 2103 1382 ut
2152 1314 2507 1401 Scriptura
2533 1312 2804 1391 clamat,
2836 1309 2905 1378 de

394 1402 637 1471 virtute
673 1403 739 1469 in
780 1402 1095 1470 virtutem
1150 1398 1617 1489 proficiscenS,
1669 1400 1952 1470 ardebat
2001 1401 2227 1470 videre
2267 1406 2474 1471 Deum
2524 1402 2806 1471 deorum
2849 1398 2902 1467 in

390 1490 576 1559 Sion.
628 1495 707 1558 Et
752 1489 977 1559 sciens
1024 1488 1284 1557 dictum
1321 1488 1407 1557 ab
1448 1489 1787 1578 Apost010,
1837 1495 1957 1571 Ea,
2011 1513 2185 1581 quae
2215 1500 2394 1559 retro
2441 1502 2621 1571 sunt,
2666 1491 2901 1566 oblitus,

390 1582 457 1647 in
496 1603 571 1648 ea
618 1602 793 1658 vero,
832 1601 1005 1669 quae
1052 1588 1205 1646 ante
1258 1587 1434 1656 sunt,
1491 1579 1855 1647 eaetendens
1900 1601 2027 1659 me,
2073 1601 2438 1670 persequor
2485 1580 2575 1648 ad
2627 1577 2906 1648 bravium

384 1690 709 1760 supernae
758 1668 1119 1736 vocationis
1149 1666 1272 1754 (ad
1321 1666 1614 1756 Philipp.
1675 1671 1815 1751 111);
1887 1667 2110 1757 magis
2162 1667 2516 1757 magisque
2556 1667 2818 1757 jejunio
2856 1678 2906 1733 et

388 1756 659 1847 vigiliae
690 1810 705 1836 ,
760 1754 1189 1841 castitatique
1236 1754 1451 1823 animi
1500 1767 1564 1822 et
1611 1755 1920 1843 corporis
1964 1777 2240 1856 operam
2292 1756 2539 1825 dabat:
2591 1770 2662 1826 et
2698 1753 2906 1824 subdi·
2955 1802 2958 1807 -

386 1858 610 1915 torum
663 1867 898 1914 curam
960 1865 1252 1933 gerens,
1323 1844 1673 1929 ta'mquam
1745 1844 2192 1914 fidelissimus
2245 1844 2684 1935 dispensator
2751 1842 2905 1912 verbi

385 1935 683 2005 triticum
735 1932 1080 2002 conservis
1130 1933 1275 2003 suis
1326 1944 1460 2001 toto
1513 1932 1670 2004 nisu
1704 1933 2320 2004 subministrabat:
2378 1956 2501 2003 nec
2543 1947 2770 2003 tamen
2806 1937 2904 2000 Do·

385 2023 619 2091 minici
674 2023 1038 2093 immemor
1076 2020 1393 2111 exempli,
1432 2020 1518 2089 de
1556 2043 1692 2108 quo
1744 2021 2020 2111 legitur:
2079 2025 2301 2113 Coepit
2356 2029 2549 2092 ,lesus
2600 2027 2821 2111 facere
2859 2030 2906 2088 et

382 2113 611 2181 docere
655 2112 841 2212 (Luc.
881 2110 1042 2199 xu):
1095 2132 1173 2193 ea
1207 2131 1381 2196 quae
1414 2109 1781 2199 discipulis
1813 2110 2238 2181 observanda
2277 2133 2433 2182 voce
2516 2110 2901 2185 raedicabat,
2957 2112 2958 2119 ’

380 2223 511 2286 qua
566 2200 921 2289 diligentia
969 2198 1318 2288 operanda
1365 2211 1615 2278 essent»,
1670 2199 1817 2268 suis
1849 2199 2120 2270 actibus
2159 2214 2430 2289 praeten
2488 2202 2670 2270 ebat.
2711 2205 2906 2268 Insta-

383 2290 653 2376 batque,
690 2289 880 2377 juxta
929 2286 1226 2377 Apostoli
1278 2286 1707 2365 mandatum,
1766 2288 2173 2377 praedicans
2219 2303 2630 2378 opportune.
2679 2289 2903 2376 impor-

382 2390 580 2447 tune:
636 2391 958 2465 tantaque
1005 2397 1161 2444 eum
1226 2375 1442 2464 gratia
1506 2376 1735 2458 verbi,
1789 2389 1854 2447 et
1901 2375 2264 2448 dulcedine
2327 2379 2668 2449 sermonis
2718 2377 2904 2447 virtus

382 2467 676 2556 Spiritus
726 2466 952 2535 Sancti
1003 2465 1392 2544 donaverat,
1451 2482 1527 2535 ut
1568 2487 1698 2534 non
1740 2465 1941 2535 modo
1974 2489 2010 2535 e
2047 2467 2313 2546 vicinis,
2360 2489 2591 2537 verum
2637 2466 2833 2538 etiam
2875 2487 2902 2530 e

382 2554 801 2644 longinquiS,
858 2567 921 2623 et
969 2576 1006 2622 a
1055 2576 1125 2624 se
1177 2552 1367 2622 valde
1402 2555 1681 2624 semotis
1732 2554 1943 2635 locis,
1998 2555 2082 2624 ad
2132 2578 2289 2626 eum
2345 2556 2579 2646 populi
2632 2576 2900 2626 concur·

382 2658 626 2723 rerent,
657 2666 736 2712 ac
763 2642 847 2712 de
875 2655 1196 2743 potestate
1222 2640 1676 2730 faucibusque
1701 2643 1959 2714 diaboli
1991 2666 2062 2713 se
2091 2645 2263 2724 erui,
2298 2658 2503 2732 atque
2535 2646 2600 2714 in
2636 2663 2899 2735 regnum

379 2732 648 2815 Christi,
680 2753 1157 2821 gremiumque
1190 2745 1462 2800 sanctae
1496 2730 1834 2801 Ecclesiae
1871 2753 1989 2821 per
2023 2733 2345 2822 baptismi
2433 2734 2674 2803 ratiam
2713 2748 2902 2803 trans-

378 2820 560 2901 ferri,
598 2819 1017 2910 gauderent:
1075 2818 1554 2907 idolorumque
1601 2820 1892 2900 cultum,
1954 2844 2215 2891 necnon
2271 2844 2391 2911 pro
2421 2845 2634 2892 anum
2686 2839 2899 2892 eorum

377 2909 868 2978 observationis
920 2908 1176 2988 ritum,
1245 2932 1403 2979 cum
1456 2909 1856 2979 auctoribus
1920 2931 2156 2979 eorum
2222 2925 2668 3000 respuerent:
2791 2928 2904 2996 que
2953 2931 2954 2998 i

375 2998 536 3065 olim
596 2998 728 3067 sibi
781 2997 1160 3066 veneranda
1220 2997 1516 3086 templa,
1586 3011 1799 3066 terrae
1860 3013 2361 3086 coaequarent,
2483 2999 2716 3070 ulvere
2790 3015 2903 3084 que

374 3109 607 3156 eorum
648 3085 854 3156 veluti
891 3086 1401 3156 immunditiam
1454 3087 1887 3167 detestantes,
1947 3111 2065 3176 per
2112 3087 2379 3157 diversa
2473 3089 2896 3179 ispergerent.

375 3182 659 3245 Omnem
723 3197 1020 3262 namque
1067 3174 1503 3244 Arduennam
1546 3176 1618 3254 ⁴¹,
1684 3174 1868 3245 hisce
1915 3176 2229 3246 cultibus
2270 3177 2601 3247 hactenus
2661 3173 2901 3245 manci·

377 3277 601 3354 patarn
634 3320 649 3345 ,
706 3264 773 3332 in
826 3263 1011 3333 brevi
1061 3263 1393 3353 sacrilega
1458 3265 1780 3334 servitute
1833 3263 2114 3334 liberam
2160 3319 2174 3344 ‚
2248 3264 2588 3336 famulitio
2653 3260 2899 3335 Domini

374 3353 787 3444 subjugavit.
827 3354 894 3421 Si
932 3352 1049 3440 qui
1089 3366 1343 3433 autem,
1383 3352 1754 3423 facessente
1801 3352 2103 3442 generali
2155 3353 2494 3425 idolorum
2546 3354 2763 3433 cultu,
2799 3373 2899 3419 su·

378 3456 769 3528 peressent,
834 3442 952 3528 qui
1006 3464 1190 3510 more
1239 3441 1571 3531 sacrilego
1632 3454 1749 3512 aut
1813 3440 2112 3530 pulveris
2174 3464 2410 3512 eorum
2473 3441 2896 3513 reverentiam

375 3531 748 3610 haberent,
806 3529 902 3598 vel
967 3545 1226 3598 caetera
1291 3530 1687 3618 hujusmodi
1739 3529 2083 3601 observari
2142 3531 2389 3600 debere
2439 3555 2572 3602 usu
2623 3526 2898 3601 nefando

377 3634 711 3708 putarent,
747 3620 871 3688 hos
896 3619 978 3687 ad
1009 3641 1079 3688 se
1106 3618 1459 3699 deductOS,
1517 3619 1793 3688 triennii
1832 3620 2244 3709 poenitentia
2281 3620 2643 3710 plectebat:
2684 3620 2898 3703 sicque

375 3708 733 3794 proeliator
795 3708 1061 3777 Domini
1112 3722 1384 3777 strenue
1423 3707 1852 3778 adversarias
1903 3709 2326 3796 insequendo
2376 3732 2455 3778 ac
2517 3702 2896 3799 proterendo

371 3798 673 3874 virtutes,
733 3796 1107 3886 imperium
1157 3796 1420 3864 Domini
1474 3796 1541 3864 in
1591 3797 1761 3866 fines
1800 3819 2034 3867 eorum
2083 3797 2283 3887 longe
2323 3797 2588 3885 lateque
2626 3793 2896 3885 amplia-

372 3887 481 3962 vit,
525 3887 612 3955 ita
650 3900 723 3957 ut
755 3885 1133 3955 Toxandria
1168 3885 1233 3919 *²*
1268 3898 1331 3955 et
1378 3885 1825 3967 Brachbante‚
1879 3909 2115 3956 eorum
2168 3887 2545 3978 detegendo
2600 3882 2889 3979 insidias.
2949 3901 2950 3934 ¹

367 3997 479 4043 eos
533 3977 802 4064 penitus
852 3975 1290 4053 annullaret,
1343 3974 1741 4064 effigiesque
1794 3997 2030 4044 eorum
2087 3975 2362 4064 populi,
2403 3976 2645 4046 Christi
2695 3983 2890 4062 gratia

370 4063 762 4145 illuminati,
802 4063 1332 4154 confringerent,
1388 4077 1450 4132 et
1505 4065 1775 4153 penitus
1823 4063 2243 4134 abdicarent.
2301 4065 2392 4133 Ab
2438 4065 2520 4134 iis
2567 4077 2811 4138 autem,
2858 4076 2889 4121 a

418 4246 441 4268 *
475 4245 755 4283 Antennacum
787 4245 943 4282 Silo-run
976 4254 1155 4292 nempe,
1184 4223 1303 4292 quac
1334 4255 1456 4283 nnnc
1491 4246 1553 4282 lea
1575 4247 1799 4284 :tavit-nura
1820 4245 2054 4285 dicuntur,
2092 4246 2133 4284 S.
2165 4246 2408 4285 Hubertua
2438 4248 2606 4290 autom.
2636 4245 2693 4284 ob
2721 4241 2888 4286 m⁸8¹¹⁰⁶

364 4307 475 4337 aiios
506 4297 690 4337 labores
717 4300 765 4336 iu
797 4297 1046 4345 Evangelio
1080 4298 1179 4337 illia
1215 4301 1259 4337 in
1295 4296 1411 4337 locis
1446 4299 1760 4348 praedicando
1781 4300 2052 4343 exantlatis,
2074 4300 2348 4339 Arduennae
2369 4301 2619 4349 Apostolus
2643 4301 2745 4347 juro
2773 4283 2886 4332 meri·
2947 4299 2948 4320 ι

366 4355 412 4390 tu
452 4362 507 4390 ue
529 4354 703 4392 meruit
724 4349 899 4391 voc-ari.
2862 4388 2868 4395 .

417 4363 469 4430 ξ’
503 4405 768 4448 Tnxnmtvta,
800 4403 846 4442 in
876 4404 1015 4443 Medii
1048 4407 1156 4444 ,tevi
1190 4406 1514 4453 ‚as-riptoribus,
1547 4416 1668 4444 nunc
1700 4416 1782 4454 pro
1805 4403 2085 4446 Brabantiac
2115 4407 2406 4455 partomuuc
2434 4417 2516 4456 pro
2539 4398 2777 4446 brabantia
2802 4400 2884 4433 1¹⁰¹·

366 4469 405 4494 x·
429 4471 499 4495 μ..
535 4459 780 4506 accipitur.
