2993 4837
39 339 163 436 iffi.
220 345 295 408 44
572 363 648 407 ns
698 364 750 408 s.
810 362 1160 408 LAURENUO
1209 364 1501 410 ‚inclusa
1558 364 1930 410 ncnmmmsl
2304 349 2432 411 493

39 443 147 534 legi
195 446 484 514 Henrico
535 446 843 515 obsidem
895 446 1135 525 daret,
1190 447 1247 515 si
1298 469 1423 536 pax
1471 468 1628 515 cum
1681 446 1799 515 illo
1846 448 2167 517 constitui
2223 448 2362 516 ulla
2415 471 2523 516 ra-

40 529 165 604 icne
208 549 459 624 posset.
515 534 640 603 Sed
694 539 825 603 Rex
867 534 1146 625 Angliae
1178 557 1409 624 pacem
1447 557 1864 626 repugnans,
1904 536 2249 605 crudelem
2342 538 2522 606 otius

40 625 340 710 monum
393 645 467 692 se
515 623 846 702 exhibuit,
902 624 1222 712 regioque
1268 624 1488 693 edicto
1537 625 1736 704 cavit,
1792 646 1875 692 ne
1933 626 2076 693 viro
2131 625 2243 693 Dei
2323 627 2525 694 iceret

42 729 69 780 n
110 711 494 781 Hiberniam
551 712 836 792 reverti,
892 725 1266 801 portusque
1311 735 1596 794 omnes,
1645 714 1763 799 qui
1813 713 2209 782 Hiberniam
2262 729 2522 803 specta-

44 816 154 880 ent,
204 802 264 869 ei
297 801 513 870 voluit
561 823 707 870 esse
755 800 1173 882 interdictoS‚
1209 800 1338 871 hac
1373 803 1631 871 ratione
1665 803 1937 871 beatum
1978 802 2199 871 virum
2249 804 2524 873 exulare

46 907 249 978 agens.
302 894 400 957 Ita
453 890 571 959 ille
618 895 867 978 Regem
923 891 988 957 in
1041 892 1555 959 Nortmanniam
1602 890 2146 959 transfretantem
2185 892 2252 960 in
2291 915 2525 961 mona-

46 978 182 1046 terio
217 978 701 1048 Abbendoniae
769 990 901 1048 tres
963 978 1430 1048 hebdomadas
1489 980 1922 1068 exspectavit.
1981 979 2231 1049 Deinde
2304 980 2523 1050 taedio

46 1066 488 1136 nodammodo
538 1067 823 1136 affectus
855 1121 870 1147 ‚
926 1072 1173 1157 Regem
1226 1069 1414 1154 sequi
1470 1068 1750 1147 statuit,
1805 1068 1863 1135 si
1913 1067 2080 1137 forte
2135 1069 2204 1136 in
2258 1071 2524 1160 negotio

45 1147 110 1224 llo
166 1157 377 1244 magis
438 1177 602 1225 eum
670 1155 1077 1243 placabilem
1138 1155 1531 1224 offenderet.
1603 1161 1964 1246 Ingressus
2028 1157 2238 1246 igitur
2293 1160 2519 1227 navim

48 1244 166 1400 pud
213 1244 597 1325 Dovariam,
652 1245 1059 1320 Witsantum
1111 1244 1489 1334 applicuit,
1547 1266 2105 1334 prosequensque
2155 1250 2400 1336 Regem
2454 1247 2522 1315 in

62 1334 493 1401 ortmanniam
530 1388 544 1413 ,
601 1332 784 1402 febre
832 1332 1226 1421 corripitur.
1287 1338 1374 1401 Ea
1444 1333 1999 1423 ingravescente,
2056 1334 2281 1403 triduo
2332 1335 2526 1404 valde

48 1418 138 1508 jus
180 1423 392 1490 morbi
431 1421 952 1509 importunitate
984 1421 1300 1503 afflictUS,
1339 1423 1427 1491 ab
1458 1423 1729 1511 incepto
1763 1422 2088 1491 desistere
2122 1424 2519 1512 cogebatur.

51 1517 79 1582 t
122 1521 329 1577 tamen
370 1524 611 1579 contra
667 1510 875 1579 febris
923 1510 1233 1579 ardorem
1287 1512 1567 1579 ssamma
1617 1510 1971 1580 charitatis
2021 1511 2373 1601 pugnabat
2421 1514 2525 1580 in-

50 1598 288 1677 lantius,
341 1611 406 1668 et
455 1613 802 1679 naturam,
855 1621 1063 1685 quam
1113 1599 1352 1668 febrile
1398 1598 1800 1668 debilitabat
1848 1600 2391 1681 incommodum,
2448 1602 2519 1669 in

52 1679 324 1756 haritatis
355 1701 419 1757 et
452 1688 648 1777 pacis
677 1687 1117 1756 commodum
1170 1687 1429 1756 fortiter
1459 1687 1587 1755 sibi
1629 1688 1921 1756 militare
1968 1691 2275 1778 cogebat.
2314 1695 2526 1776 Atque

54 1776 297 1865 einceps
344 1777 413 1845 in
468 1777 623 1866 ipso
654 1776 892 1844 itinere
940 1775 1162 1845 locum
1215 1775 1565 1862 inquirere
1610 1778 1853 1866 coepit,
1908 1776 1976 1844 in
2010 1799 2146 1864 quo
2186 1793 2303 1846 aut
2334 1779 2525 1865 quie-

52 1863 218 1954 keret,
268 1877 383 1934 aut
431 1878 617 1934 certe
662 1865 865 1933 etiam
918 1877 1319 1933 remaneret.
1370 1865 1531 1933 Jam
1581 1865 1764 1933 enim
1816 1864 2047 1952 aliquo
2098 1867 2298 1935 modo
2334 1890 2525 1956 prae-

52 1959 278 2022 enserat
324 1953 852 2024 dissolutionem
904 1953 1007 2021 sui
1059 1954 1364 2042 corporis
1413 1953 1798 2021 imminere.
1855 1955 1972 2022 Sui
2040 1955 2250 2042 igitur
2306 1956 2526 2025 taber-

50 2039 212 2109 iaculi
255 2042 752 2132 depositionem
808 2041 1232 2130 praevidenS,
1287 2040 1807 2111 tabernaculum
1864 2064 1994 2111 non
2051 2042 2524 2113 manufactum

51 2139 135 2195 oto
172 2133 393 2199 animo
441 2130 818 2221 expetebat.
875 2132 1035 2220 Ejus
1082 2144 1307 2199 autem
1345 2130 1717 2220 exemplar,
1766 2131 2049 2199 Domino
2105 2131 2518 2219 providente.

50 2213 140 2285 tiro
166 2233 388 2288 sancto
424 2220 494 2287 in
535 2232 759 2287 monte
793 2221 961 2309 Augi
1012 2233 1361 2289 ostensum
1400 2232 1523 2288 est.
1577 2219 1983 2288 Perveniens
2022 2221 2204 2288 enim
2245 2221 2326 2288 ad
2371 2221 2524 2307 ejus

50 2308 230 2376 nontis
268 2309 759 2397 supercilium,
803 2319 868 2376 et
916 2308 1074 2375 inde
1112 2322 1416 2378 castrum
1457 2309 1759 2385 intuens,
1804 2321 1869 2376 et
1925 2309 1990 2376 in
2044 2321 2267 2377 castro
2314 2309 2525 2378 eccle-

48 2389 163 2461 ciam
193 2397 644 2477 eminentem,
685 2417 1240 2487 cognoscensque
1287 2420 1324 2466 e
1370 2397 1790 2484 quibusdam
1843 2397 1910 2465 in
1966 2397 2073 2466 via
2121 2398 2252 2486 ipsi
2288 2421 2525 2468 occur-

49 2484 311 2581 entibus,
353 2499 658 2556 castrum
696 2508 843 2555 esse
882 2491 1213 2575 Augense,
1256 2487 1326 2554 in
1367 2487 1652 2554 introitu
1686 2487 2191 2566 Nortmanniae,
2241 2487 2307 2556 in
2346 2493 2526 2556 Hen-

47 2572 126 2638 ici
154 2576 340 2663 Regis
387 2575 669 2661 Angliae
717 2574 974 2643 ditione
1021 2575 1494 2655 constitutum,
1549 2574 2047 2661 ecclesiamque
2094 2597 2242 2645 esse
2290 2577 2525 2645 beatae

46 2656 299 2749 Virginis,
352 2665 420 2732 in
466 2686 603 2750 qua
653 2663 973 2732 Canonici
1023 2664 1316 2732 instituti
1367 2667 1431 2731 S.
1488 2663 1770 2732 Victoris
1818 2664 2245 2743 parisiensis,
2297 2669 2423 2733 Deo
2462 2678 2528 2733 et

44 2758 219 2837 tentae
268 2754 518 2821 Mariae
564 2751 966 2841 regulariter
1014 2753 1382 2821 servirent:
1441 2773 1572 2820 non
1613 2752 2045 2821 mediocriter
2077 2753 2518 2834 exhilaratus,

44 2838 427 2927 {tamquam
486 2841 755 2909 Davidis
805 2840 1202 2929 prophetico
1240 2840 1482 2929 spiritu
1520 2839 1833 2910 afflatus:
1888 2846 2093 2923 Haec,
2140 2843 2385 2929 inquit,
2427 2866 2527 2911 re·

66 2926 177 3019 aies
232 2953 376 2999 mea
436 2933 508 2997 in
566 2933 865 2998 seculum
918 2932 1173 2997 seculi:
1226 2931 1333 2997 hic
1385 2930 1740 3009 habitabo,
1795 2933 2111 3019 quoniam
2161 2934 2342 3020 clcyi
2381 2955 2528 3000 eam

40 2942 137 3109 ἷξε.
174 3018 363 3106 t3t):
417 3018 711 3104 dataque
760 3017 1231 3086 benedictione
1259 3040 1416 3086 cum
1456 3018 1690 3085 Crucis
1731 3017 1954 3105 signo,
1993 3018 2076 3086 ad
2114 3041 2262 3087 eam
2305 3020 2528 3089 eccle-

39 3112 167 3198 siam
216 3109 411 3187 venit,
455 3120 521 3175 et
553 3107 703 3175 fusa
734 3106 877 3174 illic
908 3108 1233 3185 oratione,
1272 3129 1344 3175 se
1371 3106 1600 3194 ipsum
1644 3111 1771 3174 Deo
1805 3118 1869 3174 et
1904 3107 2337 3177 beatissimae
2379 3110 2526 3176 Vir-

39 3190 147 3275 gmi
190 3194 726 3273 commendans,
783 3193 864 3262 ad
919 3194 1293 3283 hospitium
1363 3194 1681 3273 divertit,
1750 3194 2055 3281 lectoque
2121 3194 2520 3276 decubans,

39 3278 208 3375 ‘accito
251 3284 396 3370 ejus
448 3284 573 3352 loci
624 3283 874 3352 Abbate
923 3282 1226 3363 Osbe1·t0‚
1284 3284 1424 3352 viro
1477 3282 1818 3372 religi050,
1873 3282 2299 3352 consessione
2338 3306 2528 3367 prae-

40 3382 248 3447 missa,
318 3373 459 3471 viae
525 3372 902 3461 praesentis
966 3394 1120 3442 vero
1187 3373 1428 3442 viatico
1501 3393 1705 3441 suum
1769 3371 1853 3440 ad
1905 3372 2107 3440 vitam
2163 3373 2525 3440 transitum

40 3462 468 3536 praemunivit.

105 3548 135 3620 ἓ
177 3548 316 3616 82.
370 3550 489 3619 His
538 3550 869 3638 peractiS,
925 3549 1025 3616 vir
1076 3549 1482 3618 venerahilis
1523 3563 1589 3618 et
1641 3550 2187 3637 circumspectus
2236 3547 2531 3617 clericus

40 3626 229 3713 David,
263 3658 465 3726 supra
517 3638 872 3707 memorati
917 3637 1195 3725 juvenis
1228 3638 1689 3729 paedagogus,
1747 3637 1828 3705 ad
1869 3643 2115 3725 Regem
2151 3637 2526 3704 Henricum

40 3719 338 3811 profectus
382 3740 504 3807 est,
560 3740 635 3795 ut
681 3727 864 3813 quod
915 3728 1155 3795 beatus
1204 3728 1305 3795 vir
1352 3726 1435 3796 de
1487 3749 1652 3815 pace
1700 3725 2133 3794 concilianda
2184 3737 2520 3812 coeperat,

40 3821 156 3889 mse
194 3832 304 3897 pro
335 3816 657 3884 tenuitate
692 3837 839 3894 sua,
897 3815 1127 3884 divina
1176 3817 1651 3904 praeveniente
1691 3816 1933 3904 gratia,
1988 3826 2524 3883 consummaret.

44 3894 301 3983 Cumque
338 3908 581 3993 Regem
618 3905 874 3990 quibus
910 3916 1171 3994 poterat
1202 3904 1585 3973 rationibus
1630 3903 2024 3983 emollisset,
2059 3904 2347 3991 ejusque
2381 3902 2532 3968 ani-

46 3997 199 4051 mum
253 3989 327 4056 ad
390 4014 618 4080 pacem
669 3992 1086 4071 inflexisset,
1149 4006 1390 4078 quarto
1440 3992 1551 4060 die
1598 3993 1683 4060 ad
1733 4005 2046 4059 sanctum
2116 3990 2530 4078 Episcopum

49 4084 310 4145 reversus
355 4093 472 4148 est.
527 4081 645 4149 Cui
698 4103 854 4149 cum
908 4103 1047 4149 rem
1085 4104 1122 4148 a
1171 4103 1241 4148 se
1290 4093 1550 4170 gestam
1601 4078 1967 4159 retulisset,
2016 4092 2295 4147 sanctus
2338 4099 2535 4166 prae-

51 4156 155 4235 sul,
202 4169 498 4249 quamvis
551 4169 696 4257 jam
759 4171 958 4239 morti
1023 4170 1428 4258 proximus,
1481 4166 1784 4236 exultare
1852 4168 2039 4238 visus
2087 4180 2233 4237 est:
2286 4181 2393 4245 et,
2460 4178 2537 4234 ut

52 4238 191 4341 facto
246 4258 485 4341 gratias
546 4272 814 4346 ageret,
877 4258 1054 4345 quod
1126 4257 1326 4325 verbo
1393 4278 1525 4324 non
1580 4270 1885 4344 poterat,
1939 4269 2145 4346 caput
2194 4276 2397 4323 suum
2465 4255 2534 4321 in

57 4327 204 4434 illius
232 4342 444 4413 sinum
477 4346 792 4433 deposuit
823 4371 834 4413 :
888 4370 967 4415 ea
1013 4348 1165 4436 ipsa
1202 4368 1270 4413 re
1305 4344 1470 4413 satis
1508 4345 1844 4423 indicam,
1885 4343 2082 4412 illum
2125 4344 2532 4433 magistrum

64 4418 370 4516 Davidem,
433 4434 747 4522 spiritum
801 4459 1001 4504 suum
1044 4491 1058 4516 ‚
1104 4436 1247 4521 jam
1300 4457 1454 4503 cum
1511 4448 1724 4503 morte
1772 4432 2251 4502 colluctantem
2294 4488 2306 4507 ‚
2374 4453 2536 4522 pace

2659 4502 2720 4537 s
