2993 4837
509 342 637 404 484
1016 355 1091 399 na
1140 355 1192 399 s.
1251 351 1600 398 munt-,Nnc
1649 350 1940 397 anemae.
1994 350 2366 396 DUBLINENSI
2636 329 2797 396 Nov.
2841 331 2900 394 ll

420 456 486 511 et
536 443 603 510 in
650 439 781 509 side
831 461 953 508 sua
1006 439 1335 527 probatus
1367 451 1491 515 est,
1531 448 1594 504 et
1642 436 1962 525 cognitus
1999 450 2096 503 est
2137 435 2206 501 in
2260 435 2485 502 verbis
2533 436 2677 502 suis
2706 431 2905 502 fidelis.

424 528 866 618 'transigebat
931 542 1193 595 noctem
1246 525 1424 593 sicut
1486 524 1694 604 diem,
1748 537 1812 592 et
1863 524 2094 613 vigilia
2142 545 2266 591 sua
2319 522 2600 612 perfecit
2644 543 2825 612 opuS,
2865 531 2912 589 et

422 620 491 688 in
536 618 781 686 diebus
815 616 960 684 suis
1009 614 1311 684 suffulsit
1342 613 1626 682 domum
1669 614 1959 692 Domini,
1991 625 2055 682 et
2094 612 2557 681 corroboravit
2604 610 2910 699 templum,

421 719 485 778 et
521 704 896 795 praevaluit
942 703 1367 792 amplificare
1400 702 1739 771 civitatem
1792 701 1929 782 Dei,
1968 714 2033 770 et
2070 702 2363 790 adeptus
2409 714 2512 771 est
2559 699 2834 790 gloriam
2861 697 2908 766 in

423 796 863 866 conversione
912 792 1134 883 gentis
1160 814 1349 861 suae.
1404 796 1569 861 Nam
1607 790 1675 857 in
1724 790 1969 859 diebus
2002 793 2149 877 ejus
2202 802 2600 879 prosperata
2640 801 2739 857 est
2771 783 2916 877 plan·

422 886 582 954 tatio
636 883 750 952 illa
796 882 904 950 Dei
940 881 1226 959 novella,
1261 891 1336 949 ut
1370 901 1605 949 verum
1655 892 1830 950 esset
1878 878 2061 965 quod
2113 880 2444 967 scriptum
2488 895 2631 948 est:
2683 877 2916 946 Servivit

420 977 636 1043 Israel
686 973 956 1041 Domino
1005 971 1255 1039 cunctis
1294 969 1522 1037 diebus
1567 974 1767 1037 Josue
1811 967 1975 1057 (Jos.
2024 968 2221 1055 xxlv).

509 1064 545 1147 ξ
595 1067 741 1133 16.
804 1065 943 1129 Non
996 1074 1093 1127 est
1141 1069 1368 1126 autem
1419 1078 1498 1126 ex
1540 1069 1672 1126 toto
1722 1056 2108 1134 silendum,
2172 1055 2354 1143 quod
2415 1056 2618 1124 beato
2680 1054 2811 1121 viro
2862 1073 2916 1120 ex

424 1150 692 1219 abbatis
742 1149 990 1217 minori
1040 1146 1263 1216 officio
1314 1147 1380 1213 in
1437 1145 1828 1234 pontificem
1869 1145 1966 1213 sic
2003 1144 2353 1227 translato,
2395 1144 2792 1244 praedictus
2819 1146 2918 1211 Rex

427 1238 800 1307 Dermitius
840 1235 1209 1323 quemdam
1262 1234 1595 1303 clericum
1647 1255 2111 1302 successorem
2154 1235 2306 1320 ejus
2348 1233 2685 1302 violenter
2720 1233 2926 1300 consti·

426 1328 577 1406 tuit,
632 1340 696 1395 et
743 1339 978 1394 contra
1016 1326 1136 1415 jus
1169 1322 1714 1402 consuetudinis,
1757 1344 1894 1409 quo
1945 1335 2080 1391 tam
2125 1322 2356 1392 Clerus
2396 1344 2612 1408 quam
2673 1319 2860 1411 popul

425 1416 681 1486 ibidem
733 1414 1054 1482 Abbatem
1104 1411 1355 1501 eligere
1402 1423 1881 1491 consueverat,
1939 1412 2005 1479 in
2057 1411 2311 1479 dictam
2362 1412 2727 1480 Abbatiam
2760 1465 2774 1488 ,
2821 1407 2897 1476 illi

424 1503 983 1576 reclamantibus,
1025 1523 1181 1570 eum
1235 1502 1678 1568 irreverenter
1710 1500 2012 1568 intrusit.
2054 1499 2179 1568 Sed
2224 1501 2281 1567 is
2332 1513 2594 1579 tamen,
2634 1522 2720 1567 ne
2758 1502 2871 1566 Eva

427 1593 722 1682 gelicum
777 1590 945 1658 illud
1001 1612 1131 1657 non
1187 1588 1541 1677 impletum
1595 1589 1832 1666 abiret,
1889 1591 2112 1657 Omnis
2170 1592 2533 1678 plantatae,
2592 1611 2790 1679 qaam
2833 1607 2920 1653 nm

420 1682 760 1772 plantavit
813 1685 1009 1747 Pater
1051 1700 1255 1758 meuS,
1291 1678 1747 1746 eradicabitur
1798 1677 2066 1765 (Matala.
2105 1677 2248 1766 xv);
2303 1691 2438 1746 tam
2501 1699 2537 1745 a
2610 1677 2916 1765 dignitate,

423 1791 629 1856 quam
682 1769 767 1837 ab
807 1767 1031 1835 officio
1083 1765 1516 1855 postmodum
1568 1779 1838 1835 amotus
1885 1780 2008 1834 est.
2063 1765 2252 1835 Clero
2312 1779 2541 1834 autem
2599 1780 2666 1834 et
2720 1761 2922 1853 popult

422 1860 492 1926 in
538 1858 657 1946 jus
704 1855 1000 1956 eligendi
1060 1855 1389 1929 restituto,
1457 1877 1539 1923 ne
1592 1866 1766 1923 otem
1819 1854 2190 1940 quemdam
2257 1859 2320 1922 S.
2375 1855 2754 1934 Laurentii,
2795 1853 2920 1921 Tho·

426 1968 608 2015 mam
647 1967 943 2024 nomine,
976 1945 1296 2033 juvenem
1336 1965 1535 2032 praec
1568 1964 1766 2012 arum
1813 1943 2123 2011 moribus
2155 1955 2218 2011 et
2253 1944 2565 2024 scientia,
2614 1943 2825 2012 sancti

426 2034 774 2121 pontificis
812 2035 1127 2102 convictu
1169 2045 1369 2118 atque
1403 2033 1746 2101 consortio
1781 2031 2164 2110 clariorem,
2204 2032 2269 2098 in
2317 2032 2649 2102 Abbatem
2696 2029 2918 2101 Glindn·

425 2123 718 2193 lacensis
766 2121 1102 2191 Ecclesiae
1142 2120 1570 2190 concorditer
1614 2120 1990 2210 elegerunt.
2038 2125 2112 2188 In
2149 2142 2287 2207 quo
2337 2121 2514 2190 facto
2567 2143 2710 2189 non
2756 2117 2898 2187 defui

429 2212 761 2281 Dominus
810 2233 999 2279 servo
1048 2231 1197 2288 suo,
1251 2208 1334 2276 de
1372 2231 1511 2296 quo
1561 2209 1900 2298 scriptura
1932 2209 2137 2277 dicit:
2185 2214 2401 2278 Bonus
2446 2211 2775 2300 relinquit
2806 2209 2918 2274 lme-

424 2302 613 2370 redes
643 2302 816 2390 filios
850 2311 910 2368 et
946 2308 1207 2389 nepotes
1278 2303 1467 2366 Prov.
1510 2297 1677 2386 1111);
1731 2310 1794 2365 et
1843 2298 2118 2367 iterum:
2161 2302 2239 2366 In
2285 2301 2534 2367 semine
2583 2309 2914 2367 sanctam

423 2400 768 2481 permanet
818 2391 980 2457 bona
1034 2388 1234 2457 haere
1286 2389 1464 2467 itast,
1516 2397 1576 2456 et
1623 2397 1933 2477 nepotum
1987 2389 2282 2477 ipsoram
2347 2410 2573 2458 semen
2645 2389 2716 2456 in
2771 2395 2914 2454 testa·

426 2489 641 2548 mento
688 2480 866 2546 stetit
914 2476 1374 2566 (Eccli.x1,1v).
1418 2480 1616 2545 Hunc
1669 2476 1879 2565 igitur
1936 2498 2095 2546 cum
2149 2491 2450 2555 sanctus,
2504 2498 2641 2545 non
2699 2486 2916 2565 propter

429 2567 1009 2667 propinquitatem
1046 2566 1300 2645 carnis,
1338 2563 1452 2633 sed
1510 2566 1730 2653 magis
1762 2565 2093 2634 charitate
2124 2565 2433 2653 spirituS,
2478 2587 2646 2653 prae.
2685 2560 2891 2633 caete'

429 2677 739 2743 impense
774 2654 1108 2743 diligeret,
1151 2654 1240 2721 ita
1278 2666 1354 2722 ut
1401 2653 1604 2721 etiam
1649 2668 1902 2722 secreta
1937 2675 2061 2722 sua
2110 2654 2170 2721 ei
2206 2676 2441 2724 secure
2481 2655 2914 2723 committeret.

429 2744 766 2813 civitatem
812 2741 1403 2811 Glindalacensem
1454 2741 1780 2830 deinceps
1845 2754 2028 2811 tanto
2076 2741 2526 2829 frequentius,
2564 2755 2815 2829 quanto
2862 2735 2918 2804 li·

428 2832 703 2900 bentius
741 2831 1053 2900 visitavit.
1094 2836 1258 2899 Nam
1304 2851 1514 2918 prope
1552 2831 1890 2899 civitatem
1944 2831 2028 2899 ad
2072 2832 2200 2899 tria
2238 2829 2564 2899 milliaria
2602 2832 2788 2900 locus
2815 2834 2914 2895 erat

432 2935 753 2998 secretuS‚
798 2933 862 2988 et
910 2924 979 2986 B.
1025 2920 1349 3019 Coengini
1410 2918 1790 3005 frequentia
1839 2933 2300 2999 consecratuS,
2345 2942 2552 3006 quem
2609 2942 2767 3009 prae
2802 2916 2913 2984 aliis

431 3021 616 3077 tanto
667 3008 1033 3097 specialius
1067 3007 1292 3097 elegit,
1327 3021 1584 3094 quanto
1623 3010 1773 3097 ejus
1823 3008 2041 3077 sancti
2094 3009 2217 3076 viri
2267 3008 2549 3077 virtutes
2587 3005 2914 3079 studiosius

432 3098 682 3166 imitari
721 3096 1089 3186 satagebat.
1146 3101 1210 3163 Is
1260 3118 1414 3164 vero
1464 3096 1657 3164 locus
1709 3118 1839 3166 non
1893 3098 1962 3164 in
2013 3095 2368 3165 hominum
2407 3111 2796 3186 conspectu,
2831 3086 2910 3162 sed

428 3187 499 3254 in
554 3185 867 3255 miranda
918 3185 1287 3254 solitudine
1331 3206 1479 3253 esse
1529 3184 1804 3253 dicitur.
1860 3190 2024 3254 Nam
2082 3207 2160 3253 ex
2209 3207 2349 3253 una
2398 3200 2588 3274 parte
2636 3204 2827 3273 rupes
2861 3198 2940 3244 ex*

429 3275 563 3344 alto
616 3274 919 3365 pendens
962 3274 1237 3362 triginta
1274 3273 1556 3353 cubitiS,
1597 3274 1679 3342 ad
1736 3274 1918 3342 hunc
1955 3273 2180 3343 locum
2221 3274 2585 3343 transitum
2618 3258 2940 3360 denegat&

429 3387 507 3433 ex
555 3363 763 3433 altera
807 3377 1121 3451 stagnum
1185 3383 1315 3430 non
1366 3362 1615 3431 modici
1665 3363 1992 3440 ambituS,
2050 3361 2326 3431 totidem
2376 3362 2630 3432 cubitis
2687 3364 2750 3429 in
2799 3378 2912 3447 pro·

430 3453 721 3521 fundum
783 3450 1227 3526 descendens,
1284 3473 1317 3518 a
1376 3465 1562 3539 parte
1608 3473 1732 3519 sua
1785 3451 2133 3540 navigium
2168 3451 2202 3485 ⁴
2255 3451 2515 3539 pandit.
2556 3457 2680 3520 Nec
2732 3463 2907 3517 tamen

431 3544 576 3611 sine
616 3541 820 3610 fontis
854 3538 1215 3607 dulcedine
1252 3538 1441 3607 locus
1489 3553 1611 3608 est.
1648 3544 1813 3608 Nam
1864 3562 1942 3607 ex
1976 3539 2212 3615 eadem
2253 3561 2420 3639 rupe
2463 3540 2720 3609 rivulus
2756 3554 2908 3604 sono·

432 3653 570 3710 ωε,
595 3630 1035 3698 dulcissimas
1059 3627 1357 3694 fundens
1384 3650 1624 3713 aquaS,
1651 3629 1973 3717 erumpit,
1999 3627 2358 3698 habitatori
2392 3627 2521 3697 loci
2557 3649 2682 3697 non
2709 3640 2904 3715 parum

434 3719 766 3808 praebens
816 3716 1061 3793 solatii,
1116 3716 1399 3784 consitis
1447 3716 1810 3785 arboribus
1860 3718 1996 3786 sive
2047 3717 2277 3786 herbis
2325 3719 2722 3785 continuum
2773 3712 2904 3778 viro·

432 3830 571 3876 rem
630 3807 1064 3875 ministrans:
1120 3805 1298 3894 apud
1359 3828 1561 3889 quem
1614 3805 1910 3874 rivulum
1961 3805 2165 3874 etiam
2217 3804 2387 3874 salix
2443 3804 2716 3874 mirifica
2764 3816 2902 3895 repe·

432 3897 626 3976 ritur,
676 3917 873 3985 poma
928 3894 1149 3962 ferens
1204 3916 1419 3979 usqne
1466 3894 1548 3961 ad
1606 3894 1897 3962 hiemale
1948 3899 2013 3962 S.
2061 3895 2326 3962 Martini
2395 3895 2634 3963 festum
2683 3887 2898 3959 crudis·

431 3987 628 4063 sima,
670 4000 741 4051 ut
792 3985 895 4051 vix
945 4006 980 4050 a
1032 4004 1376 4068 quoquam
1431 3994 1573 4050 tum
1666 3984 1884 4051 ossint
1931 3983 2306 4072 degustari.
2362 3982 2897 4073 appropinquante

431 4087 656 4142 autem
712 4073 1054 4140 nativitate
1110 4072 1480 4149 Dominica,
1537 4093 1611 4140 ce
1642 4072 1844 4140 eriter
1898 4085 2394 4149 maturescunt,
2454 4072 2610 4141 solis
2656 4067 2892 4137 infirmis

432 4184 553 4249 pro
604 4161 992 4230 medicinali
1035 4159 1331 4228 remedio
1371 4161 1798 4228 reservanda.
1841 4166 2056 4228 Locus
2090 4173 2316 4228 autem
2373 4161 2659 4235 inferior,
2694 4155 2746 4222 ei
2778 4168 2890 4219 con·

429 4251 696 4317 cavitati
761 4250 1161 4337 subjacens,
1241 4272 1273 4314 a
1352 4248 1758 4317 duodecimo
1817 4248 2145 4317 Calendas
2214 4250 2521 4317 Octobris
2589 4263 2772 4330 usque
2821 4232 2881 4303 ad

489 4462 511 4484 ’⁸
544 4459 787 4507 Navigium
811 4472 891 4508 pro
918 4464 1195 4507 nurisatime,
