2993 4837
45 332 191 397 NOV.
240 333 322 396 28
715 348 791 393 nn
839 347 894 394 s.
948 343 1268 394 STEPHANO
1314 345 1583 397 mmom:
1629 348 1818 395 mm.
2317 332 2442 398 737

45 455 233 513 mena,
287 454 443 501 cum
499 430 623 509 iis,
677 432 796 518 qui
859 453 1024 501 suae
1071 430 1388 501 factionis
1445 445 1681 514 erant,
1734 432 2166 521 epulabatur.
2227 436 2532 521 Cumque

45 522 179 591 luos
210 521 542 609 quosdam
594 525 877 598 FratreS‚
935 533 1078 589 tum
1130 519 1463 609 dignitate
1505 521 1749 600 clarOS‚
1787 533 1929 590 tum
1966 522 2273 622 corporis
2323 522 2527 591 simul

45 623 203 697 itque
262 609 472 678 animi
514 609 999 764 ¹pulcritudine
1050 610 1367 678 florentes
1425 613 1627 695 (quos
1675 621 1903 699 postea
1962 610 2260 679 invldiae
2315 623 2536 681 oestro

46 700 302 768 Jercitus
336 699 512 767 inter
542 697 701 786 ecit)
726 717 1032 766 seorsum
1071 698 1460 767 accivisset:
1494 720 1528 764 «
1566 703 1663 766 Ite
1694 698 1774 766 ad
1810 699 2255 778 Praetorium,
2289 699 2534 786 inquit,

45 809 95 856 ic
138 808 277 855 meo
330 786 610 854 nomine
658 785 739 854 ad
792 788 1291 855 Auxentianum
1352 787 1772 876 Stephanum
1843 787 2008 855 haec
2056 787 2299 855 dicite:
2341 789 2540 857 Vides

45 889 258 962 {nanta
306 876 401 944 tui
438 876 605 943 cura
637 873 920 954 afficiar,
950 886 1028 942 ut
1057 875 1177 962 qui
1219 875 1340 944 tibi
1374 897 1453 944 ex
1488 876 1657 964 ipsis
1690 875 1930 943 mortis
1960 873 2278 943 faucibus
2308 890 2539 967 erepto

45 964 209 1035 vitam
236 964 719 1033 concesserim.
753 963 1083 1045 Quocirca
1112 964 1384 1033 tandem
1410 962 1786 1050 aliquando
1814 963 2122 1030 animum
2158 964 2536 1046 inflectenS,

45 1053 334 1122 voluntati
378 1073 568 1121 meae
600 1051 994 1138 obsequere.
1032 1057 1173 1121 Non
1210 1052 1487 1139 quidem
1529 1073 1638 1120 me
1684 1051 1882 1139 fugit,
1926 1052 2093 1138 quin
2128 1051 2332 1121 homo
2379 1075 2538 1123 con·

45 1153 243 1210 tumax
273 1154 335 1209 et
368 1141 611 1221 durus,
643 1140 727 1209 ad
761 1140 1214 1210 contumelias
1249 1142 1476 1230 potius
1511 1140 1710 1209 nobis
1750 1138 2139 1209 inferendas
2173 1155 2542 1231 proruptu-

45 1251 145 1298 rus
187 1231 289 1299 sit.
342 1234 470 1298 Vos
518 1250 699 1308 vero,
757 1229 812 1297 si
863 1250 1259 1299 sermonum
1312 1228 1654 1298 illecebris
1711 1228 1931 1317 ipsius
1987 1228 2297 1297 animum
2348 1230 2541 1298 infle-

46 1330 196 1386 ctere
226 1318 604 1407 potueritis,
653 1337 793 1385 rem
846 1331 1106 1405 gratam
1146 1318 1316 1386 mihi
1365 1318 1681 1397 feceritis,
1737 1339 1815 1385 ac
1866 1316 2321 1387 ministerium
2355 1317 2543 1387 istud

49 1422 310 1475 vestrum
360 1405 847 1496 comprobabo.
906 1406 1019 1474 Sin
1087 1405 1265 1475 istud
1318 1407 1374 1474 ei
1428 1404 1827 1496 persuaderi
1884 1417 2217 1492 nequeat,
2281 1407 2541 1475 tamdiu

50 1516 185 1562 eum
228 1518 262 1563 a
306 1496 499 1564 vobis
538 1508 604 1563 et
650 1516 689 1563 a
738 1494 954 1564 fronte
1002 1506 1066 1563 et
1111 1516 1149 1563 a
1191 1506 1377 1584 tergo
1425 1495 1765 1563 verberari
1815 1494 1987 1575 voIO,
2022 1494 2243 1582 quoad
2300 1496 2546 1565 misere

52 1583 317 1651 animam
345 1583 695 1653 efflaverit.
738 1605 774 1650 »
815 1582 1034 1672 Igitur
1068 1583 1396 1672 praeclari
1448 1583 1549 1651 illi
1580 1583 1718 1652 duo
1754 1588 2036 1662 FratreS,
2072 1595 2429 1684 postquam
2459 1583 2543 1653 ad

52 1673 435 1742 Praetorium
488 1682 844 1752 venerunt,
883 1670 1209 1741 furiosam
1252 1672 1530 1757 quidem
1574 1672 1761 1740 illam
1817 1684 2087 1761 tyranni
2139 1674 2541 1742 sententiam

54 1771 257 1830 sancto
301 1762 442 1830 viro
475 1772 851 1851 exponunt,
891 1781 1125 1828 verum
1180 1761 1369 1829 nullo
1399 1783 1557 1830 eum
1605 1760 1784 1829 malo
1819 1782 2098 1849 prorsus
2131 1761 2542 1830 affecerunt:

54 1849 192 1933 quin
241 1851 486 1938 potius,
531 1851 656 1920 ubi
688 1871 846 1918 eum
899 1849 1331 1918 sermonibus
1365 1850 1448 1918 ad
1483 1848 1978 1919 cohortandum
2015 1849 2550 1921 accommodatis

55 1937 568 2019 confirmassent,
622 1938 708 2008 ab
758 1959 970 2023 eoque
1032 1938 1574 2008 benedictionem
1627 1939 2071 2025 accepissent,
2118 1937 2200 2006 ad
2254 1939 2545 2008 reditum

58 2045 114 2091 se
141 2027 595 2097 accinxerunt.
630 2032 815 2108 Quae
847 2037 1070 2095 autern
1123 2026 1204 2095 ad
1260 2031 1741 2117 Imperatorem
1779 2027 2116 2105 dixerunt,
2154 2025 2548 2115 hujusmodi

60 2111 234 2183 fuere:
273 2138 307 2181 «
344 2121 751 2205 Imperator,
789 2115 1120 2183 miserum
1172 2113 1368 2184 illum
1422 2116 1489 2182 in
1546 2114 1827 2203 pristina
1879 2115 2212 2184 sententia
2250 2128 2553 2205 perstan-

63 2210 190 2285 tem,
230 2218 567 2292 tuumque
612 2204 976 2292 imperium
1034 2202 1347 2273 infaustis
1386 2203 1738 2273 ominibus
1784 2214 2299 2291 prosequentem
2338 2205 2551 2273 offen-

70 2286 280 2361 dimus.
330 2297 417 2362 Αε
467 2292 759 2382 proinde
798 2304 891 2361 tot
923 2291 1145 2382 plagis
1182 2312 1339 2360 eum
1389 2291 1875 2392 proscidimus‚
1927 2304 2003 2360 ut
2053 2313 2225 2380 pene
2274 2293 2555 2382 spiritus

70 2380 256 2452 omnis
300 2403 542 2483 expers
583 2381 830 2471 jaceat,
870 2402 991 2450 nec
1045 2392 1304 2450 certum
1347 2393 1456 2461 stt,
1503 2402 1586 2449 an
1639 2381 1937 2451 crastino
1987 2379 2098 2449 die
2148 2381 2323 2450 inter
2370 2383 2556 2451 vivos

69 2465 303 2540 futurus
351 2486 462 2541 s1t.
510 2494 547 2538 »
592 2476 737 2553 Qua
782 2469 1057 2557 quidem
1105 2491 1183 2538 ex
1233 2491 1301 2538 re
1334 2490 1491 2540 cum
1529 2470 1888 2539 mirificam
1934 2469 2257 2538 laetitiam
2293 2469 2557 2540 ferinus

67 2552 158 2624 ille
185 2560 625 2650 concepisset,
664 2571 867 2645 atque
899 2559 1244 2647 ingentem
1280 2559 1494 2629 risum
1534 2558 1908 2639 effudisset,
1948 2558 2164 2638 luxui,
2206 2580 2342 2645 quo
2382 2558 2555 2627 nihil

67 2641 173 2730 ipsi
217 2650 438 2717 carius
487 2658 680 2723 erat,
735 2668 1010 2736 operam
1075 2646 1237 2716 dare
1286 2660 1515 2736 postea
1571 2649 1916 2737 pergebat,
1975 2658 2051 2715 ut
2097 2647 2215 2734 qui
2277 2648 2553 2728 ventriS‚

67 2742 116 2797 ει
143 2754 361 2804 eorum
399 2759 578 2824 quae
618 2749 846 2804 ventre
879 2733 1195 2804 inferiora
1246 2749 1429 2815 sunt,
1468 2756 1704 2806 servus
1743 2746 1939 2804 esset.

134 2823 165 2906 ξ
194 2825 334 2896 cu.
368 2830 444 2894 At
477 2846 636 2894 vero
671 2824 1148 2893 sanctissimus
1183 2824 1568 2912 Stephanus
1601 2824 1729 2892 sub
1760 2845 2074 2893 auroram
2112 2823 2194 2892 ad
2230 2845 2301 2893 se
2331 2834 2561 2894 coacto

68 2912 527 2983 monachorum
573 2913 872 3002 agmine,
926 2924 1343 3001 pos-tremum
1388 2912 1571 2980 hunc
1605 2911 1687 2980 ad
1724 2934 1839 2980 eos
1873 2933 2255 2992 sermonem
2296 2913 2556 2982 habuit.

69 3017 97 3058 «
132 2999 359 3076 valete,
393 3007 626 3071 Patres
675 3023 752 3070 ac
802 3006 1088 3078 Fratres,
1129 2999 1387 3076 valete;
1447 3013 1651 3086 atque
1705 3001 1771 3067 in
1817 3000 2186 3069 orthodoxa
2228 3001 2361 3070 fide
2399 3023 2564 3070 con-

69 3087 455 3181 stantissime
495 3102 940 3180 perseverate;
995 3111 1073 3157 ac
1124 3110 1245 3178 pro
1296 3110 1441 3156 mea
1493 3088 1817 3157 tenuitate
1860 3110 2090 3179 preces
2124 3112 2378 3175 quaeso
2410 3090 2563 3158 fun·

67 3168 200 3241 dite.
241 3182 331 3245 En
383 3180 568 3248 enim
612 3179 754 3267 jam
799 3179 1083 3267 jamque
1140 3176 1330 3246 adest
1379 3177 1619 3246 mortis
1673 3199 1860 3245 meae
1932 3192 2250 3266 tempuS,
2313 3200 2390 3246 ac
2441 3200 2563 3267 pro

67 3256 298 3336 foribus
326 3267 469 3354 jam
507 3289 755 3336 corona
804 3278 926 3334 est.
980 3267 1433 3348 Quamobrem
1471 3288 1705 3335 vereor
1738 3287 1820 3333 ne
1867 3266 2244 3355 caliginosa
2292 3267 2564 3336 daemo-

69 3367 207 3443 num
243 3354 608 3424 multitudo
635 3355 1472 3444 propterignorantiarum
1515 3376 1817 3423 mearum
1851 3354 2361 3424 multitudinem
2395 3355 2561 3423 mihi

69 3440 610 3526 lmpedimentum
671 3444 779 3511 sit.
830 3468 856 3506 ι
911 3447 1010 3512 Ob
1058 3465 1234 3529 quae
1288 3465 1446 3512 cum
1501 3465 1739 3512 omnes
1795 3445 2020 3512 amnis
2076 3444 2436 3532 cujusdam
2496 3445 2564 3512 in

74 3526 326 3597 modum
371 3531 713 3621 lacrymas
769 3530 1279 3621 profunderent,
1341 3531 1485 3600 tolli
1542 3531 1668 3601 sibi
1718 3553 1981 3600 sacram
2032 3532 2442 3621 epomidem,
2488 3554 2569 3602 ac

68 3608 289 3685 deinde
341 3621 710 3689 analabum
770 3641 927 3689 cum
983 3619 1126 3689 loro
1174 3621 1407 3709 jussit.
1447 3624 1611 3688 Cum
1656 3633 1879 3688 autem
1913 3620 2259 3689 cucullam
2295 3642 2570 3708 quoque

69 3698 336 3789 abjicere
376 3720 668 3798 pararet,
715 3730 799 3777 ne
839 3708 907 3776 id
958 3708 1225 3786 faceret,
1266 3713 1493 3777 Patres
1538 3708 2010 3798 prohibebant,
2046 3723 2371 3799 negantes
2402 3731 2572 3779 con-

70 3791 274 3862 venire
301 3807 376 3865 ut
409 3798 559 3867 sine
609 3798 903 3887 pretioso
939 3797 1066 3867 hoc
1115 3797 1503 3867 indumenti
1538 3819 1782 3898 genere
1821 3798 2088 3866 dierum
2153 3820 2436 3868 suorum
2489 3799 2574 3868 fi-

72 3893 205 3946 nem
241 3883 512 3955 videret.
552 3886 644 3954 Ad
676 3907 851 3972 quos
887 3886 1218 3955 divinitus
1250 3886 1519 3955 afflatus
1552 3885 1668 3955 ille
1692 3887 1816 3968 vir,
1854 3908 1890 3952 «
1927 3886 2283 3968 Athletam,
2316 3888 2566 3974 inquit,

75 3966 313 4062 nudum
366 3973 611 4044 luctari
665 3975 877 4044 decet.
931 3979 1017 4044 Ac
1069 3987 1408 4063 praeterea
1460 3996 1544 4042 ne
1592 3996 1883 4063 aequum
1935 3974 2214 4061 quidem
2265 3988 2365 4044 est
2464 3997 2576 4044 re-

78 4059 291 4156 hosam
349 4061 527 4132 hanc
577 4084 717 4132 rem
760 4086 799 4132 a
838 4063 1102 4133 furente
1149 4063 1404 4153 populo
1450 4064 1865 4133 contumelia
1922 4063 2127 4144 affici,
2164 4085 2242 4132 ac
2273 4085 2395 4154 pro
2427 4064 2577 4132 anis

80 4142 344 4224 pedibus
390 4152 800 4239 proculcari.
848 4175 884 4218 »
934 4157 1111 4222 Haec
1162 4175 1320 4221 cum
1373 4152 1642 4222 locutus
1674 4165 1871 4233 esset,
1910 4174 2150 4221 omnes
2200 4153 2261 4220 ei
2314 4173 2573 4220 morem

83 4246 431 4313 gesserunt.
485 4244 719 4327 Itaque
764 4240 1105 4310 cucullam
1158 4262 1430 4328 quoque
1462 4242 1681 4321 exuit;
1732 4264 1810 4310 ac
1845 4263 2000 4309 cum
2103 4240 2338 4310 elliceo
2377 4239 2580 4310 dum·

86 4323 241 4389 taxat
293 4325 494 4413 pallio
554 4334 693 4398 una
732 4351 889 4399 cum
944 4330 1301 4400 monachis
1348 4330 1646 4411 sedebat,
1686 4329 1769 4397 de
1817 4329 1923 4397 his
1974 4350 2043 4397 re
2094 4350 2209 4408 uS,
2269 4350 2446 4415 quae
2492 4328 2577 4396 ad

87 4404 346 4481 salutem
396 4418 843 4504 pertinebant,
888 4439 1272 4487 sermonem
1330 4418 1414 4487 ad
1473 4439 1589 4488 eos
1644 4418 1925 4487 habens.
1982 4418 2580 4486 verumenimvero

225 4529 451 4594 surius
475 4563 504 4580 ·
540 4534 705 4599 Vuae
734 4532 840 4598 SS.
869 4567 895 4581 -
919 4533 1048 4597 Vol.
1078 4533 1177 4598 xl.
1525 4567 1542 4582 ·
2347 4531 2423 4594 47
