2993 4837
43 322 179 392 l'Ol'.
234 329 314 390 -t6
679 346 756 390 ne
805 347 862 390 s.
900 344 1197 392 anuumno
1246 347 1346 391 ει».
1400 346 1862 392 cammatffist
2331 331 2458 393 ³529

44 430 341 509 :inericio,
400 452 525 498 nec
560 428 859 518 abjectas
908 430 1142 509 nimiS,
1198 451 1320 499 nec
1357 430 1551 499 valde
1604 431 1959 518 pretiosas.
2000 431 2210 500 Ludis
2261 433 2354 500 vel
2393 454 2548 520 spe-

43 517 282 587 :taculis
314 517 759 594 ,secularibus
798 540 944 588 sese
975 518 1356 587 admiscere
1390 519 1634 588 noluit.
1673 519 2090 588 Beneficium
2128 519 2549 589 Ecclesiasti-

43 629 156 675 tum
190 607 286 675 vel
341 629 562 675 unum
605 608 858 688 solum,
906 607 1061 676 licet
1101 608 1340 677 crebro
1399 608 1531 677 sibi
1580 623 1807 677 essent
1870 607 2121 688 oblata,
2191 631 2547 695 nunquam

44 700 244 764 tabere
296 696 537 770 voluit,
606 696 740 764 nisi
794 717 1116 784 praesens
1182 696 1547 765 resideret:
1609 710 1674 765 et
1724 696 1891 764 illud
1948 697 2202 786 ipsum,
2248 699 2303 766 si
2362 720 2555 787 prae-

44 785 406 854 ectionihus
443 798 809 854 vacaturus
866 798 1034 865 erat,
1091 784 1353 854 nullius
1392 798 1777 875 exspectato
1825 787 2140 865 consili0‚
2200 787 2553 876 resignare

43 874 276 942 olebat.
315 873 620 942 Tandem
660 887 912 951 tamen,
951 888 1025 942 ut
1068 872 1353 943 liberius
1397 887 1631 962 posset
1666 874 2063 963 praedicare
2113 875 2394 945 verbum
2436 876 2552 944 Dei

43 961 253 1050 ubsque
300 963 698 1035 auditorum
744 984 971 1042 onere,
1022 964 1089 1030 in
1147 962 1356 1032 nobili
1408 963 1707 1032 Ecclesia
1760 962 2235 1032 Salisberiensi
2289 965 2554 1053 accepit

43 1075 159 1118 :um
223 1052 640 1120 canonicatu
690 1051 1096 1120 thesaurarii
1140 1051 1568 1151 dignitatem,
1623 1051 2058 1138 quorundam
2113 1052 2436 1121 instantia
2489 1066 2553 1121 et

44 1162 201 1209 Jrece
230 1141 474 1208 victus.
516 1145 889 1208 Causarum
945 1140 1505 1211 ventilationibus
1554 1154 1615 1209 et
1670 1141 1937 1229 placitis
1971 1141 2004 1173 ⁸*
2054 1141 2382 1210 interesse
2429 1163 2549 1210 no-

55 1229 156 1308 uit,
209 1228 410 1316 idque
462 1228 810 1297 Pontificis
850 1229 1123 1298 Maximi
1171 1231 1534 1318 permissu,
1580 1231 1783 1318 cujus
1834 1228 2090 1298 litteras
2135 1230 2542 1320 impetravit.

43 1318 361 1387 Pecuniam
400 1339 540 1386 non
598 1317 798 1385 modo
834 1331 1133 1408 tangere,
1198 1317 1313 1386 scd
1368 1317 1467 1386 vel
1529 1319 1882 1407 adspicere
1934 1318 2297 1388 indisrnum
2364 1319 2548 1387 arbi-

43 1406 341 1487 trabatur,
399 1407 535 1474 nisi
584 1429 732 1473 eam
767 1462 781 1486 ,
835 1428 1042 1492 quam
1108 1429 1229 1475 sua
1314 1429 1526 1474 manu
1580 1407 1999 1495 pauperibus
2076 1372 2540 1478 distribueret.

43 1493 278 1562 Cellaria
328 1495 427 1563 vel
484 1493 659 1563 alias
706 1494 1017 1564 officinas
1050 1495 1301 1564 domus
1335 1517 1500 1564 suae
1564 1495 1827 1584 ingredi
1882 1495 2124 1575 noluit,
2187 1519 2426 1585 parum
2482 1496 2547 1565 id

43 1603 90 1649 se
123 1583 343 1652 decere
374 1583 805 1652 existimans.
852 1583 1182 1653 Rationes
1215 1605 1489 1670 quoque
1525 1605 1752 1653 rerum
1812 1606 2095 1653 suarum
2150 1607 2268 1674 per
2316 1609 2388 1655 se
2447 1608 2551 1652 re-

43 1692 298 1758 poscere,
355 1673 760 1741 indecorum
813 1673 945 1742 sibi
1005 1672 1490 1741 arbitrabatur.
1561 1672 1751 1755 Quod
1806 1696 1841 1740 e
1905 1672 2346 1744 facultatibus
2405 1677 2552 1744 suis

43 1762 353 1848 proprium
407 1761 677 1842 habuit,
735 1761 799 1829 id
852 1782 1222 1830 commune
1256 1762 1524 1830 studuit
1572 1761 1791 1831 facere
1822 1763 2081 1852 egenis.

108 1850 139 1934 ξ
172 1856 301 1923 14.
355 1856 623 1919 Interea
660 1850 1038 1918 sanctitatis
1072 1852 1222 1939 ejus
1258 1850 1435 1918 fama
1470 1851 1672 1918 etiam
1712 1850 1908 1938 Alpes
1945 1865 2365 1940 transgressa
2424 1863 2546 1931 est,

44 1948 270 2007 etcum
312 1961 638 2007 summus
672 1939 971 2008 Pontifex
1033 1961 1189 2007 eum
1251 1940 1486 2008 Crucis
1535 1952 1904 2007 amatorem
1969 1961 2116 2008 esse
2172 1939 2547 2020 didicisset,

47 2027 240 2095 Crucis
288 2028 865 2118 praedicationem
902 2028 963 2096 ei
998 2049 1155 2095 cum
1193 2027 1447 2117 insigni
1504 2027 1858 2118 privilegio
1906 2027 2368 2097 demandavit:
2406 2052 2552 2117 per·

50 2113 279 2186 mittens
311 2118 396 2196 ei,
444 2132 520 2185 ut
553 2118 640 2185 ab
672 2116 980 2184 ecclesiis
1014 2117 1351 2206 acciperet
1400 2138 1508 2186 res
1543 2117 1986 2195 necessarias,
2027 2130 2091 2182 et
2137 2138 2369 2185 eorum
2414 2140 2554 2185 me-

56 2211 163 2268 tere
203 2220 415 2293 posset
464 2205 798 2286 carnalia,
850 2205 1104 2292 quibus
1154 2206 1489 2294 spiritalia
1527 2205 1931 2273 seminabat.
1979 2210 2064 2273 Ea
2109 2217 2331 2273 tamen
2375 2217 2554 2293 pote-

62 2299 195 2357 state
228 2293 332 2363 ille
379 2295 482 2364 uti
539 2294 779 2372 noluit,
836 2295 952 2363 sed
1005 2296 1216 2394 gratis
1257 2295 1705 2363 annunciavit
1751 2292 2218 2383 Evangelium,
2276 2295 2556 2380 suisque

62 2377 363 2467 stipendiis
400 2404 593 2452 more
619 2383 704 2452 ab
738 2382 875 2453 illis
914 2405 1032 2469 qut
1073 2383 1389 2464 militant,
1425 2383 1619 2453 valde
1659 2383 1905 2457 alieno,
1941 2383 2274 2451 militavit.
2305 2388 2556 2465 Quam-

57 2468 242 2537 obrem
294 2473 499 2542 etiam
573 2478 749 2541 Deus
799 2473 864 2540 in
920 2472 1038 2541 illa
1104 2473 1461 2560 legationis
1516 2474 1864 2543 functione
1912 2486 1975 2542 et
2026 2472 2265 2541 itinere
2319 2473 2554 2542 multis

54 2573 177 2622 eum
213 2561 559 2632 miraculis
608 2562 1095 2631 cohonestavit.
1164 2568 1326 2630 Cum
1399 2563 1583 2630 enim
1640 2564 1921 2630 verbum
1976 2562 2210 2630 Crucis
2261 2562 2327 2631 in
2381 2584 2556 2651 pago

56 2644 456 2719 Letnestrensi
518 2651 981 2739 praedicaret,
1026 2651 1305 2740 juvenis
1363 2652 1692 2738 quidam,
1751 2651 2183 2740 juvenilibus
2255 2651 2556 2719 irretitus

50 2730 548 2819 oblectamentis,
605 2739 690 2807 ab
739 2741 890 2827 ejus
964 2741 1286 2808 manibus
1360 2745 1639 2809 Crucem
1705 2740 2014 2828 accipere
2079 2740 2415 2831 cupiens,
2471 2740 2556 2807 ad

54 2838 180 2890 eum
210 2828 512 2897 accessit.
566 2833 733 2896 Eum
779 2849 932 2895 vero
996 2827 1290 2897 foemina
1339 2828 1677 2914 quaedam
1747 2851 1783 2896 a
1850 2830 2195 2917 proposito
2248 2849 2559 2898 revocare

56 2907 270 2994 volens,
322 2931 595 3006 arrepto
646 2916 876 3007 pallio,
924 2918 1219 2995 retraxit,
1276 2918 1389 2984 sed
1448 2939 1578 2984 non
1624 2917 1932 3005 impune.
1988 2922 2132 2986 Mox
2174 2919 2355 2987 enim
2395 2940 2558 2987 con-

56 3004 229 3069 tracta
262 3025 508 3075 manus
554 3005 787 3074 docuit
819 3028 994 3085 eam,
1052 3028 1182 3073 non
1237 3005 1364 3073 sibi
1420 3004 1522 3073 sas
1553 3027 1724 3085 esse,
1781 3006 2041 3074 Christo
2103 3008 2555 3076 militaturum

57 3104 83 3147 a
124 3100 241 3155 tam
292 3094 401 3180 pia
437 3094 782 3163 voluntate
832 3116 1168 3162 revocare.
1226 3094 1348 3163 llla
1411 3094 1712 3163 sentiens
1774 3094 2106 3163 divinitus
2157 3119 2226 3163 se
2280 3118 2557 3184 percus-

56 3190 198 3255 sam,
248 3179 415 3251 flens
462 3197 527 3252 et
586 3181 853 3269 ejulans
931 3206 1126 3251 voces
1189 3182 1397 3253 dabat
1456 3182 1903 3251 miserabiles.
1970 3184 2367 3252 Sciscitante
2418 3186 2559 3252 viro

58 3279 278 3345 sanem,
327 3271 490 3356 quid
548 3272 612 3339 id
665 3272 794 3340 sibi
848 3271 1067 3350 vellet,
1110 3271 1369 3340 dictum
1419 3285 1543 3351 est,
1585 3271 1749 3357 quid
1802 3272 2187 3341 accidisset.
2234 3277 2400 3339 Tum
2447 3271 2560 3340 ille

58 3348 121 3445 ad
157 3356 531 3428 mulierem:
589 3383 623 3425 «
654 3361 767 3430 Vis
818 3383 924 3437 ne,
967 3361 1211 3446 inquit,
1269 3360 1352 3428 de
1389 3383 1595 3428 manu
1652 3382 1796 3428 mea
1847 3360 2092 3429 Christi
2128 3383 2399 3428 crucem
2448 3384 2560 3427 ac-

58 3445 294 3525 ctpere‘?
341 3470 375 3513 »
426 3449 549 3517 Illa
622 3449 1075 3539 respondente
1139 3472 1208 3518 se
1281 3451 1344 3517 id
1414 3449 1614 3528 velle,
1689 3452 1800 3516 Vir
1860 3463 2139 3519 sanctus
2189 3450 2420 3518 Crucis
2473 3450 2560 3516 si-

60 3544 238 3619 gnum
274 3536 418 3622 ejus
450 3539 758 3608 humeris
794 3539 1147 3626 imposuit,
1183 3553 1245 3606 et
1284 3538 1393 3606 illa
1430 3537 1785 3607 confestim
1826 3551 2061 3605 sanata
2111 3552 2234 3607 est.
2292 3543 2562 3607 Rursus

62 3631 113 3679 Η]
160 3639 314 3709 pago
363 3627 853 3696 Stradevicensi
907 3627 1025 3695 illo
1056 3631 1333 3696 Crucem
1392 3628 1850 3715 praedicante,
1889 3649 2045 3695 cum
2093 3627 2370 3712 juvenis
2404 3628 2561 3712 qui-

65 3698 191 3770 dam
240 3714 507 3783 Crucem
564 3715 760 3784 vellet
806 3717 1139 3803 accipere,
1194 3717 1412 3784 amica
1465 3717 1615 3804 ejus
1666 3716 1941 3784 retinuit
1989 3737 2174 3783 eum.
2233 3715 2355 3783 Sed
2413 3736 2560 3782 eam

65 3807 299 3878 repente
343 3804 652 3875 coelestis
700 3805 1003 3873 vindicta
1042 3804 1396 3873 oculorum
1451 3803 1715 3873 lumine
1767 3804 2092 3892 privavit:
2162 3804 2351 3871 flenti
2412 3825 2567 3872 vero

67 3890 117 3943 et
147 3882 411 3983 ploranti
448 3895 549 3963 vir
598 3895 837 3963 beatus
886 3916 1009 3983 pro
1056 3916 1129 3962 ea
1167 3916 1395 3973 orans,
1436 3893 1670 3962 lumen
1726 3894 2042 3962 restituit.
2079 3891 2220 3961 Alio
2263 3905 2569 3991 tempore

66 3984 554 4070 ‹poncionaturus
593 3983 775 4071 apud
815 3982 1253 4063 Boclandam,
1310 3982 1426 4051 ubi
1487 3988 1618 4050 Deo
1669 3981 2184 4050 famulabantur
2235 3979 2570 4049 moniales

73 4066 323 4154 mstituti
357 4071 838 4152 CistercietisiS,
875 4072 1276 4158 priusquam
1315 4092 1392 4139 eo
1426 4070 1834 4149 advenisset,
1880 4070 2204 4141 defuncta
2246 4069 2572 4139 monialis

72 4146 306 4219 cuidam
332 4159 570 4230 viventi
610 4160 986 4228 monachae
1018 4182 1401 4249 apparens:
1448 4159 1812 4247 «Magister
1839 4158 2270 4238 Edmundu5,
2315 4159 2564 4245 inquit,

81 4225 190 4301 huc
230 4258 537 4318 venturus
584 4262 706 4328 est,
750 4263 814 4317 et
861 4249 943 4317 ad
1002 4249 1330 4338 populum
1383 4249 1747 4317 conciones
1800 4248 2182 4316 habiturus.
2245 4252 2340 4316 Tu
2376 4249 2436 4315 ei
2491 4248 2571 4316 fi-

84 4311 197 4388 lum
244 4332 348 4401 tali
391 4335 534 4407 loco
582 4338 953 4427 repositum
1006 4339 1272 4416 offeras,
1329 4351 1403 4406 ut
1449 4360 1529 4405 ex
1575 4358 1653 4404 eo
1705 4341 1950 4405 Cruces
1999 4335 2269 4404 efficiat.
2311 4360 2345 4401 »
2390 4336 2573 4405 Fecit

125 4441 144 4466 ⁸
170 4447 327 4508 Raetia,
343 4461 473 4503 Medii
494 4462 604 4503 Acvi
625 4464 813 4507 nec-uus.
833 4464 1136 4503 Dominarum
1158 4464 1413 4502 feudalium
1432 4464 1611 4510 judicia
1631 4462 1919 4503 dicebantur.

215 4534 427 4601 Surius
456 4576 476 4587 ·
518 4544 678 4604 Vitae
711 4541 813 4603 SS.
844 4575 870 4586 -
900 4543 1033 4604 Yot.
1065 4542 1165 4603 xl.
2339 4542 2412 4601 3¹2
