2993 4837
39 316 85 377 t‘.
144 316 213 377 16
540 332 617 377 ns
667 332 724 376 s,
778 329 1071 376 ommno
1120 328 1359 376 Annus
1408 327 1829 376 SANGALLENSI
2240 314 2366 378 5¹7

39 417 379 494 'er-endum,
420 428 634 502 atque
670 417 738 482 in
782 420 847 484 S.
901 415 1076 483 Galli
1123 415 1481 484 ecclesiam
1520 413 1998 485 collocandum
2032 471 2048 495 ,
2106 417 2253 507 pari
2305 427 2455 486 voto

48 506 393 575 communi
453 504 750 574 consilio
797 526 1039 573 omnes
1087 504 1510 572 unanimiter
1575 503 1977 574 decernunt.
2031 504 2454 576 Venerabilis

40 619 101 663 lm
150 594 376 663 Abbas
411 593 841 673 GrimalduS,
897 591 1357 679 quorumdam
1395 594 1667 661 animos
1717 605 1902 662 metu
1952 615 2031 662 ac
2088 593 2456 663 formidine

40 685 196 752 tiens
219 706 372 751 esse
399 695 775 771 permotos,
812 681 1267 751 confidentior
1290 683 1575 750 caeteris
1606 682 1909 763 effectuS,
1948 682 2453 752 infirmantium

39 786 160 842 ntes
198 770 635 842 consolando
691 771 983 849 roborat,
1044 784 1107 839 et
1161 784 1483 861 paternae
1533 771 1914 840 affectionis
1968 771 2195 841 studio
2246 772 2454 862 trepi-

37 862 208 928 ttium
252 860 471 929 corda
511 859 885 929 informat:
936 859 1301 929 adstruens
1347 881 1425 928 ex
1472 858 1747 928 divinae
1804 859 2192 930 voluntatis·
2225 862 2457 949 dispo-

37 972 145 1018 one
184 949 587 1039 procedere,
631 948 814 1035 quod
855 960 990 1017 tam
1054 948 1252 1017 multi
1316 947 1399 1016 de
1449 948 1688 1016 eodem
1740 948 2010 1018 tumulo
2061 951 2278 1019 sancti
2328 948 2456 1018 viri

38 1038 393 1126 posculum
440 1037 916 1107 desiderarent
952 1036 1245 1105 auferre.
1281 1035 1558 1106 Praesul
1593 1037 1795 1105 etiam
1838 1037 2255 1125 praeclarus,
2291 1060 2452 1107 cum

39 1142 215 1195 tatem
267 1139 412 1195 tam
478 1126 894 1195 fiducialiter
944 1126 1011 1193 in
1049 1125 1158 1194 his
1209 1124 1413 1195 rebus
1462 1147 1696 1214 gerere
1744 1126 2192 1215 conspiceret,
2246 1131 2447 1195 Hart-

40 1227 163 1284 tum
210 1216 561 1285 decanum
601 1238 738 1283 una
785 1238 946 1283 cum
994 1214 1279 1283 caeteris
1328 1214 1657 1283 fratribus
1705 1236 1934 1283 secum
1992 1217 2307 1295 assumit,
2362 1214 2450 1284 ad

43 1304 288 1374 ulcrum
344 1304 714 1383 accedens,
772 1303 1066 1392 lapidem
1102 1304 1614 1392 superpositum
1668 1325 2036 1382 removere,
2079 1304 2450 1392 ipsumque

42 1394 434 1481 cophagum,
472 1394 541 1462 in
580 1415 715 1480 quo
752 1392 1115 1461 thesaurus
1153 1391 1427 1481 pretiosi
1456 1393 1767 1480 corporis
1792 1392 2086 1478 jacebat,
2126 1392 2456 1481 praecipit

50 1485 186 1550 rire.
220 1487 367 1564 Quo
401 1483 609 1562 fact0,
648 1483 953 1550 membra
989 1481 1345 1549 sanctitate
1394 1479 1591 1567 plena
1634 1481 2032 1568 inspiciens,
2082 1481 2456 1550 monachos

45 1571 231 1640 iniam
260 1571 657 1649 decantare,
698 1571 1151 1658 precibusque
1182 1569 1442 1638 devotis
1475 1569 1785 1638 hortatur
1820 1570 2158 1640 insistere..
2203 1569 2455 1639 Deinde

54 1660 327 1729 erandas
362 1660 589 1729 sancti
637 1660 850 1728 Patris
888 1659 1167 1727 exuvias
1208 1657 1563 1726 humiliter
1593 1657 2025 1737 deosculanS,
2069 1681 2227 1728 cum
2265 1658 2455 1728 omni

46 1749 277 1817 erentia
310 1749 395 1818 de
434 1748 711 1817 tumulo
745 1747 1143 1824 sublevavit,
1182 1760 1245 1815 et
1292 1747 1359 1815 in
1413 1746 1674 1825 lectica,
1727 1769 1904 1833 quae
1954 1747 2227 1816 illarum
2275 1769 2455 1816 rece-

46 1834 295 1924 ipaulo
326 1851 491 1907 ante
532 1850 889 1925 compacta
942 1835 1184 1915 fuerat,
1240 1836 1569 1922 reposuit.
1626 1836 1767 1904 Sub
1813 1837 2036 1926 capite
2085 1849 2339 1916 autem,
2392 1848 2458 1904 et

46 1944 100 1992 :a
129 1940 355 2013 pectus
409 1926 538 1993 viri
584 1925 722 2005 Dei,
772 1924 1109 2011 quaedam
1147 1927 1344 2013 panis
1398 1924 1679 2003 rotulae,
1726 1947 1902 2011 quae
1954 1924 2158 2014 vulgo
2190 1927 2455 1993 oblatae

49 2027 256 2093 untur,
306 2015 397 2083 ita
448 2014 751 2092 illaesae,
807 2027 1010 2100 atque
1058 2013 1145 2081 ab
1194 2014 1381 2081 omni
1432 2014 1873 2100 corruptione
1920 2027 2314 2093 extraneae,
2369 2013 2455 2081 ab

45 2099 150 2169 lem
184 2104 525 2203 Episcopo
567 2103 1109 2181 inveniebantur,
1153 2116 1226 2171 ut
1263 2102 1326 2169 in
1366 2102 1558 2170 nulla
1601 2104 1885 2171 omnino
1923 2114 2110 2191 parte
2157 2100 2454 2170 colorem

53 2211 413 2286 ‘specimen
451 2192 562 2260 sui
615 2192 1041 2271 amittenteS,
1098 2190 1632 2280 adspicientium
1684 2191 1905 2259 oculis
1941 2191 2120 2259 infra
2153 2190 2456 2279 spatium

50 2297 138 2348 tus
178 2280 652 2351 hebdomadae
708 2280 1103 2349 viderentur
1148 2302 1295 2348 esse
1351 2279 1720 2349 confectae.
1774 2284 1920 2362 Quo
1971 2302 2125 2347 vero
2164 2279 2406 2347 ordine
2438 2332 2454 2357 ,

43 2385 135 2434 ove
167 2368 229 2438 in
265 2382 577 2461 tempore
616 2390 693 2439 eo
730 2368 857 2438 loci
910 2369 1361 2458 pervenerint,
1418 2370 1615 2440 nobis
1663 2369 1943 2457 quidem
1991 2369 2449 2458 incognitum,

42 2471 292 2527 cautem
328 2462 651 2529 novimus
684 2481 830 2529 esse
858 2458 1323 2528 manifestum.
1355 2463 1493 2527 Hoc
1531 2472 1752 2527 tamen
1795 2480 1913 2548 pro
1946 2471 2129 2528 certo
2165 2459 2451 2536 scimuS,

42 2544 103 2611 nd
134 2568 243 2645 per
274 2549 559 2639 triginta
590 2548 896 2636 quinque
922 2569 1142 2616 annos
1174 2546 1409 2615 nullus
1447 2547 1836 2616 mortalium
1870 2547 2020 2636 ejus
2053 2546 2451 2636 sepulcrum

41 2650 199 2713 eruit,
248 2651 621 2724 antequam
670 2659 991 2725 praesens
1034 2636 1437 2725 EpiscopuS,
1496 2636 1857 2705 ministerii
1909 2638 2015 2706 sui
2061 2637 2273 2705 fretus
2321 2658 2445 2704 au-

42 2722 255 2804 ·ritate,
320 2725 638 2816 ejusdem
701 2724 1253 2813 congregationis
1305 2724 1634 2794 fratribus
1700 2726 1827 2794 hoc
1889 2725 2280 2794 faciendum
2347 2724 2457 2792 in-

39 2812 165 2879 nxit.
211 2813 393 2883 Idem
452 2828 678 2884 tamen
725 2815 1103 2903 Episcopus
1142 2813 1621 2885 venerabiliter
1669 2836 1784 2882 eas
1817 2836 2206 2891 assumens,
2264 2833 2461 2881 sacro

41 2901 186 2985 rpori
219 2904 563 2991 apposuit,
618 2904 985 2992 ipsumque
1026 2923 1277 2990 corpus
1325 2924 1484 2970 cum
1540 2923 1808 2971 summa
1860 2903 2129 2976 cautela
2172 2901 2458 2972 obvolu-

37 3004 102 3062 m‚
148 2990 207 3058 in
243 2991 481 3061 lectica
515 2991 837 3081 superius
876 2991 1056 3059 dicta
1094 2990 1468 3059 honorifice
1502 2990 2027 3060 commendavit.

40 3072 234 3156 §12
299 3085 452 3149 Post
514 3080 678 3149 haec
744 3079 956 3169 igitur
1012 3079 1189 3149 facto
1253 3078 1609 3149 intervallo
1666 3086 1867 3164 quasi
1935 3080 2141 3148 horae
2191 3080 2453 3157 unius,

37 3165 193 3233 aesul
238 3168 523 3239 devotus
558 3224 573 3250 ,
629 3169 901 3238 hortatu
948 3167 1280 3238 Grimaldi
1334 3168 1654 3247 Abbatis‚
1710 3167 1939 3236 debito
1988 3189 2146 3237 cum
2203 3167 2461 3236 honore

35 3263 229 3322 ncturn
280 3257 500 3326 virum
555 3279 633 3325 ex
679 3256 915 3326 eodem
967 3257 1261 3326 oratorio
1300 3256 1500 3345 jubet
1551 3256 1917 3326 transferre
1961 3256 2014 3322 ²⁵.
2083 3262 2250 3324 T-um
2306 3275 2462 3323 vero

33 3339 151 3407 nnis
194 3343 302 3413 illa
347 3346 846 3415 monachorum
888 3345 1353 3435 congregatim
1408 3345 1585 3414 albis
1632 3345 1960 3414 continuo
2001 3345 2305 3415 vestibus
2358 3344 2462 3410 in-

34 3435 126 3504 Ιῑὸ,
163 3430 337 3501 dulci
379 3434 845 3504 modulatione
898 3435 965 3502 in
1022 3434 1130 3502 Dei
1187 3434 1513 3503 laudibus
1567 3456 2050 3523 prorumpens,
2104 3433 2278 3502 beati
2331 3431 2457 3499 viri

33 3532 179 3599 rpus
201 3518 603 3593 laetabunda
643 3525 1099 3612 prosequitur.
1135 3524 1285 3610 Sicq
1300 3545 1381 3592 ue
1411 3545 1531 3613 per
1561 3545 1966 3593 numerosae
1990 3520 2460 3592 multitudinis

33 3603 234 3685 mulos,
276 3631 445 3696 quos
485 3635 681 3681 amor
715 3611 1182 3681 translationis
1230 3614 1381 3700 ejus
1429 3625 1816 3692 attraxerat,
1857 3633 2104 3701 magno
2138 3632 2297 3679 cum
2336 3608 2461 3677 ho-

33 3693 523 3789 are-deductus,
590 3701 946 3770 ecclesiam
1006 3700 1222 3769 sancti
1269 3700 1441 3771 Galli
1493 3701 1899 3790 ingreditur,
1954 3723 2032 3770 ac
2076 3701 2270 3789 juxta
2312 3698 2463 3786 ejus

34 3786 239 3853 tarium
291 3787 354 3855 in
405 3789 697 3861 dextera·
730 3802 917 3878 parte
977 3788 1367 3878 deponitur.
1423 3792 1805 3880 Episcopus
1862 3803 2087 3858 autem
2142 3784 2462 3855 animad-

33 3879 195 3939 ertens
240 3873 679 3963 frequentiam
734 3877 1174 3967 populorum,
1214 3880 1332 3965 qui
1369 3877 1660 3947 diversis
1691 3901 1765 3947 ex
1804 3878 2115 3967 partibus
2149 3875 2266 3944 illo
2300 3896 2464 3942 con-

33 3969 271 4057 trieram,
317 3967 575 4053 aliquid
617 3966 701 4035 de
756 3966 1113 4035 sanctitate
1166 3967 1357 4036 illius
1407 3966 1575 4035 velle
1615 3967 1858 4036 audire
1889 4020 1904 4045 ‚
1962 3988 2122 4035 cum
2189 3976 2465 4053 propter

33 4056 208 4141 'gons
250 4055 748 4142 subreptionem
794 4054 1096 4123 faucium
1141 4056 1512 4125 raucedine
1569 4054 1965 4143 impeditus.
2023 4055 2169 4142 ipse
2217 4052 2299 4121 ad
2345 4073 2462 4120 eos

33 4144 133 4209 '‘lui
184 4157 303 4206 non
346 4144 693 4229 potuisset,
740 4142 1111 4230 quemdam
1168 4144 1844 4232 archipresbyterum
1881 4144 2244 4211 ambonem
2297 4162 2464 4210 con-

33 4220 277 4317 Pesstlere,
327 4252 401 4297 ac
450 4232 590 4299 vice
647 4233 754 4301 sui
814 4254 1196 4300 sermonem
1250 4233 1331 4300 ad
1398 4231 1731 4321 populum
1783 4230 2004 4300 facere
2052 4230 2305 4318 jussit:
2370 4230 2462 4297 ita

35 4300 266 4395 tdelicet,
318 4332 387 4387 ut
426 4322 776 4409 presbyter
823 4320 957 4419 ipsi
1006 4320 1230 4389 altiori
1282 4319 1645 4409 paululum
1702 4318 1851 4388 loco
1900 4320 2284 4389 consistens
2314 4372 2329 4398 ,
2383 4339 2463 4386 ea

45 4425 57 4442 ⁶
79 4430 267 4481 Solemnis
282 4442 387 4485 haec
409 4448 457 4489 S.
483 4446 692 4488 Othmtri
716 4443 965 4487 translatio
986 4457 1111 4488 anno
1130 4450 1205 4488 863
1226 4447 1349 4488 tacta
1368 4445 1472 4488 mit.
1577 4470 1590 4481 -
