2993 4837
458 229 587 293 748
1221 242 1298 287 nr.
1347 241 1405 289 s.
1454 241 1708 288 Annium
1756 239 2072 288 Arosrono
2602 222 2773 288 NOV.
2816 227 2892 291 30

369 353 520 401 meo
558 328 722 417 Regi
750 348 866 395 ero
898 325 1262 413 acceptior,
1298 328 1563 413 'quanto
1598 348 1721 416 pro
1752 326 1903 416 ejus
1955 325 2236 395 nomine
2285 324 2478 394 suero
2516 327 2894 414 permanens

368 421 439 488 in
477 416 831 487 tormentis
870 413 1241 484 confessor.
1284 437 1322 481 »

455 510 491 593 ξ
540 510 635 575 9.
689 510 878 573 Tunc
909 508 1162 593 Aegeas
1193 504 1391 592 jussit
1420 525 1579 573 eum
1612 502 1909 591 flagellis
1938 502 2132 572 caedi
2170 514 2563 572 extensum.
2614 504 2894 585 Quicum

366 608 627 684 septem
662 594 1007 663 terniones
1044 592 1420 674 transisset,
1452 592 1755 662 clevatus
1784 605 1908 672 est,
1946 604 2150 679 atque
2180 590 2531 660 adductus
2557 605 2713 661 ante
2736 615 2886 662 eum.

369 684 490 754 Cui
538 687 790 773 Aegeas
838 681 1052 750 dixit:
1106 704 1142 746 «
1185 681 1357 749 Audi
1400 703 1532 761 me,
1591 681 1882 760 Andrea,
1934 694 1999 750 et
2047 680 2134 749 ab
2180 680 2522 750 effusione
2573 682 2898 771 sanguinis

369 772 739 842 consilium
785 790 1045 839 revoca.
1093 769 1287 851 Quod
1334 770 1390 838 si
1447 791 1580 837 non
1634 768 1898 849 feceriS,
1953 769 2190 839 Crucis
2241 782 2300 839 te
2354 768 2610 837 faciam
2665 771 2907 839 interire

370 861 704 950 patibu10.
747 882 782 925 »
832 858 1133 927 Andreas
1191 858 1408 928 dixit:
1463 882 1499 924 «
1535 864 1673 947 Ego
1723 859 1956 927 Crucis
2011 857 2259 929 Christi
2322 879 2572 927 servus
2629 881 2817 935 sum,
2859 874 2914 927 et

369 949 604 1019 Crucis
653 947 1058 1037 trophaeum
1109 961 1343 1036 optare
1392 948 1622 1035 potius
1670 946 1906 1028 debeo,
1958 968 2168 1033 quam
2211 947 2480 1015 timere.
2522 946 2676 1015 Tibi
2711 961 2908 1017 autem

369 1038 722 1107 cruciatus
771 1050 1090 1106 aeternus
1119 1037 1240 1121 qui
1271 1036 1579 1115 debetur,
1636 1036 1888 1125 poteris
1921 1034 2230 1116 evadere,
2270 1036 2326 1104 si
2368 1046 2742 1123 postquam
2783 1058 2901 1125 pm-

370 1126 640 1195 baveris
705 1125 1279 1215 perseverantiam
1343 1146 1614 1204 meam,
1684 1124 1783 1193 vel
1843 1124 1944 1193 sic
2010 1123 2386 1193 credideris
2437 1124 2738 1194 Christo.
2801 1130 2903 1213 Ego

370 1215 554 1284 enim
623 1214 708 1283 de
771 1227 886 1283 tuo
952 1214 1233 1282 interitu
1280 1212 1528 1282 timeo:
1598 1234 1735 1282 non
1800 1212 1884 1281 de
1951 1233 2100 1281 mea
2160 1212 2486 1303 passione
2537 1214 2898 1283 conturbor.

370 1304 603 1373 Passio
649 1303 833 1371 enim
890 1323 1038 1370 mea
1085 1313 1205 1371 aut
1250 1302 1463 1371 unius
1511 1301 1646 1370 diei
1689 1303 1990 1391 spatium
2033 1323 2198 1371 occu
2250 1314 2365 1382 at,
2414 1315 2539 1371 aut
2588 1301 2897 1371 duorum.

372 1406 450 1461 ut
491 1390 830 1470 multum:
884 1404 1046 1460 tuus
1092 1404 1319 1458 autem
1371 1391 1721 1459 cruciatus
1761 1412 1883 1459 nec
1922 1412 2041 1480 per
2073 1390 2191 1459 mil
2230 1391 2294 1459 ia
2327 1411 2686 1459 annorum
2725 1403 2900 1479 potest

373 1481 723 1570 pervenire
763 1478 845 1547 ad
889 1480 1124 1547 finem.
1182 1479 1369 1547 Unde
1417 1478 1654 1548 desine
1694 1479 1838 1565 jam
1893 1479 2205 1548 miserias
2256 1490 2412 1548 tuas
2456 1494 2894 1569 augmentare.

371 1582 436 1637 et
485 1568 710 1657 ignem
763 1568 910 1657 ipse
944 1580 1015 1637 tu
1050 1567 1169 1635 tibi
1204 1579 1560 1636 aeternum
1610 1567 1982 1636 accendere
2018 1568 2182 1636 noli.
2216 1591 2250 1632 »
2293 1572 2488 1636 Tunc
2532 1567 2897 1658 indignatus

372 1663 458 1725 Ae
508 1679 645 1737 eas,
708 1657 898 1725 cruci
936 1678 1095 1725 eum
1145 1656 1332 1745 affigi
1387 1656 1752 1745 praecepit,
1812 1655 2151 1727 mandans
2201 1656 2331 1725 hoc
2364 1656 2894 1742 quaestionariis,

374 1680 708 1834 utffigatis
744 1744 1034 1833 pedibus
1066 1757 1131 1812 et
1166 1745 1512 1825 manibus,
1552 1745 1752 1844 quasi
1784 1745 1852 1812 in
1882 1744 2119 1814 eculeo
2148 1743 2567 1825 tenderetur,
2608 1768 2694 1815 ne
2721 1745 2898 1814 clavis

374 1834 643 1914 affixus,
691 1836 824 1903 cito
864 1833 1204 1909 deficeret,
1246 1832 1359 1901 sed
1396 1846 1824 1903 cruciaretur
1853 1833 2086 1934 potius
2116 1833 2324 1923 longo
2357 1834 2701 1904 cruciatu.
2733 1838 2900 1902 Cum·

372 1944 505 2009 que
537 1944 694 1991 eum
732 1922 1091 1991 carnifices
1138 1921 1507 2002 ducerent,
1556 1933 1630 1992 ut
1680 1922 2221 2021 crucifigeretur,
2277 1943 2666 1992 concursus
2712 1922 2899 1991 factus

375 2024 476 2082 est
525 2010 937 2100 populorum
973 2065 987 2091 ,
1050 2009 1501 2079 clamantium
1563 2033 1642 2079 ac
1709 2011 2134 2079 dicentium:
2210 2036 2246 2076 «
2286 2011 2528 2080 Justus
2589 2016 2803 2081 Homo
2853 2022 2896 2076 et

374 2100 642 2169 amicus
678 2100 814 2179 Dei,
859 2098 1027 2185 quid
1076 2098 1234 2168 fecit
1280 2112 1356 2169 ut
1403 2098 1700 2168 ducatur
1732 2099 1816 2168 ad
1849 2102 2175 2168 crucem?
2204 2122 2238 2164 »
2290 2099 2598 2170 Andreas
2635 2121 2784 2168 vero
2815 2121 2894 2166 ro·

375 2190 581 2278 gabat
606 2187 971 2344 populum,
1005 2200 1079 2257 ut
1113 2209 1247 2256 non
1285 2188 1700 2276 impedirent
1734 2188 2122 2276 passionem
2151 2188 2327 2277 ejus.
2360 2188 2687 2259 Gaudens
2712 2188 2893 2259 enim.

378 2291 442 2347 et
470 2300 600 2346 exu
636 2289 784 2345 tans
819 2276 980 2357 ibat,
1026 2289 1090 2345 et
1119 2298 1158 2344 a
1197 2276 1507 2345 doctrina
1540 2299 1672 2345 non
1708 2298 2008 2347 cessans.

463 2370 498 2452 ξ
547 2370 704 2439 ίθ.
761 2370 1066 2452 Cumque
1128 2368 1542 2455 pervenisset
1594 2364 1677 2434 ad
1725 2364 1994 2446 locum,
2048 2365 2166 2436 ubi
2219 2387 2389 2435 crux
2441 2377 2676 2456 parata
2724 2375 2889 2440 erat,

382 2456 619 2524 videns
667 2476 816 2523 earn
852 2477 891 2523 a
926 2453 1150 2544 longe,
1182 2454 1586 2523 exclamavit
1627 2476 1784 2523 voce
1821 2477 2095 2544 magna,
2128 2454 2411 2524 dicens:
2444 2455 2694 2524 «Salve
2717 2458 2892 2528 Crux,

381 2565 557 2630 quae
606 2544 672 2611 in
726 2565 1010 2632 corpore
1058 2543 1305 2613 Christi
1353 2543 1662 2611 dedicata
1714 2564 1808 2624 eS‚
1839 2556 2012 2612 etex
2051 2544 2521 2613 membrorum
2558 2545 2707 2634 ejus
2743 2563 2894 2610 mar·

378 2632 617 2721 garitis
666 2645 927 2701 ornata.
973 2636 1350 2719 Antequam
1405 2647 1463 2700 te
1496 2631 1892 2701 ascenderet
1930 2632 2285 2711 Dominus,
2344 2633 2663 2702 timorem
2719 2646 2892 2701 terre·

381 2743 546 2790 num
584 2721 909 2800 habuisti:
964 2721 1167 2790 modo
1216 2743 1371 2790 vero
1424 2742 1728 2789 amorem
1769 2720 2128 2791 coelestem
2199 2720 2548 2801 obtinens,
2608 2743 2726 2811 pro
2776 2731 2890 2788 voto

381 2809 776 2897 susciperis.
836 2809 1034 2880 Scitis
1085 2810 1268 2878 enim
1320 2832 1361 2877 a
1423 2809 1903 2890 credentibus,
1977 2820 2232 2896 quanta
2301 2810 2485 2878 intra
2555 2826 2619 2878 te.
2679 2808 2890 2898 gaudia

384 2897 660 2977 habeas,
715 2911 971 2983 quanta
1024 2920 1308 2968 munera
1360 2910 1782 2987 praeparata.
1826 2902 2124 2967 Securus
2155 2919 2319 2987 ergo
2360 2910 2426 2967 et
2475 2898 2782 2987 gaudens
2811 2917 2886 2991 ref

385 2986 498 3054 nio
529 2986 609 3053 ad
662 3000 745 3064 te,
790 2987 879 3054 ita
921 2999 996 3055 ut
1042 2999 1106 3056 et
1141 2999 1213 3056 tu
1245 2987 1561 3056 exultans
1596 2987 1936 3076 suscipias
1974 3007 2080 3054 me
2119 2986 2548 3076 discipulum
2595 2986 2768 3074 ejus,
2801 3006 2884 3072 qui

384 3074 706 3164 pependit
736 3076 800 3142 in
831 3088 920 3144 te:
960 3075 1122 3162 quia
1154 3089 1419 3144 amator
1444 3088 1606 3144 tuus
1633 3097 1902 3165 semper
1928 3075 2053 3155 sui,
2089 3088 2155 3144 et
2183 3075 2572 3145 desideravi
2604 3073 2880 3165 amplecti

386 3179 469 3232 te.
524 3169 573 3233 Ο
630 3165 803 3233 bona
857 3169 1053 3245 Crux,
1108 3185 1284 3250 quae
1356 3164 1670 3232 decorem
1735 3177 1798 3233 et
1867 3163 2409 3249 pulcritudinem
2461 3163 2547 3233 de
2607 3163 2884 3233 membris

391 3253 653 3320 Domini
707 3253 1093 3341 suscepisti,
1153 3252 1276 3321 diu
1315 3251 1722 3332 desiderata,
1757 3252 2046 3322 sollicite
2092 3265 2343 3332 amata,
2383 3253 2537 3322 sine
2587 3252 2882 3322 intermis-

386 3342 577 3409 sione
611 3343 941 3427 quaesita,
980 3355 1045 3409 et
1077 3340 1450 3426 aliquando
1478 3341 1619 3427 jam
1658 3342 2178 3431 concupiscenti
2212 3341 2447 3410 animo
2487 3354 2877 3431 praeparata:

385 3431 618 3519 accipe
669 3453 776 3498 me
808 3431 894 3498 ab
938 3429 1358 3510 hominibu5,
1415 3442 1479 3498 et
1529 3429 1736 3499 redde
1795 3453 1902 3499 me
1952 3430 2282 3520 magistro
2334 3452 2510 3511 me0,
2586 3445 2661 3500 ut
2701 3451 2805 3520 per
2840 3440 2878 3494 te
2935 3497 2936 3510 ¹

387 3540 493 3586 me
532 3518 839 3607 recipiat,
894 3520 1012 3604 qui
1055 3540 1171 3608 per
1209 3531 1267 3587 te
1306 3517 1594 3588 redemit
1643 3540 1771 3587 me.
1809 3543 1843 3583 »
1895 3524 1970 3587 Et
2011 3507 2178 3589 haec
2219 3518 2484 3599 dicenS,
2531 3517 2878 3609 exspoliavit

384 3628 478 3687 se,
515 3621 577 3675 et
619 3609 1015 3677 vestimenta
1066 3628 1192 3677 sua
1243 3607 1522 3676 tradidit
1573 3607 2048 3678 carnificibus.
2101 3608 2230 3689 Qui
2280 3608 2700 3688 accedentes,
2742 3606 2875 3675 leva·

388 3709 632 3765 verunt
677 3717 831 3764 eum
872 3697 939 3763 in
992 3716 1293 3775 crucem,
1346 3709 1411 3766 et
1448 3696 1885 3766 extendentes
1919 3696 2207 3766 funibus
2247 3708 2465 3766 totum
2500 3718 2741 3786 corpus
2763 3693 2873 3780 ejus

389 3784 726 3872 (sicuteis
749 3785 1024 3873 jussum
1078 3784 1327 3873 fuerat)
1374 3785 1908 3875 suspenderunt.
1963 3785 2321 3856 Adstantes
2372 3807 2528 3854 vero
2561 3796 2739 3854 erant
2772 3797 2874 3851 tur·

391 3876 516 3942 bac
555 3872 637 3940 ad
680 3874 914 3962 viginti
970 3873 1186 3942 millia
1248 3874 1636 3954 hominum,
1703 3875 1878 3944 inter
1924 3896 2097 3962 quos
2162 3887 2308 3943 erat
2373 3873 2580 3943 frater
2631 3881 2863 3962 Aegeae.

389 3962 667 4030 nomine
702 3962 1083 4041 StratocleS,
1136 3964 1256 4048 qui
1314 3963 1522 4032 simul
1579 3963 1921 4033 clamabat
1965 3984 2126 4033 cum
2193 3962 2473 4052 populo,
2528 3961 2865 4113 injusto&-

387 4050 569 4119 dicio
605 4065 917 4120 sanctum
956 4051 1173 4120 virum
1213 4052 1340 4120 hoc
1395 4052 1554 4140 pati.
1613 4057 1901 4121 Sanctus
1953 4073 2109 4120 vero
2158 4053 2460 4121 Andreas
2510 4051 2780 4120 conforta
2847 4057 2858 4108 t

389 4152 650 4206 mentes
699 4139 1123 4208 credentium
1160 4139 1446 4210 ChristO.
1502 4154 1566 4209 et
1601 4141 2001 4210 hortabatur
2048 4139 2131 4209 ad
2188 4141 2609 4209 tolerantiam
2660 4153 2854 4223 tempo·

390 4225 626 4324 ranem,
681 4228 934 4325 docens
987 4228 1155 4296 nihil
1207 4250 1356 4328 esse
1403 4229 1693 4320 dignum
1750 4229 2091 4320 passionis
2155 4229 2239 4297 ad
2294 4246 2627 4299 aeternam
2686 4242 2852 4294 remu·

391 4326 764 4383 nerationis
812 4330 1468 4405 compensationem.
