2993 4837
54 355 191 419 Nov.
238 355 272 420 t
845 374 921 419 ne
970 374 1027 420 s.
1081 373 1320 421 canoto
1369 372 1703 420 nonnouso
2339 357 2467 421 259

53 456 206 525 multi
244 456 701 526 mediocritate
727 457 1031 544 quadam
1069 457 1394 537 contenti,
1449 457 1622 526 vitae
1672 478 2085 544 morumque
2111 478 2555 528 communem

49 545 333 630 quendam
386 545 673 615 modum
749 546 1039 614 minime
1088 546 1380 615 transire
1436 545 1755 625 student;
1819 547 2023 636 pauci
2077 545 2161 614 ad
2220 546 2555 635 perfectae

50 635 264 703 virtutis
308 636 800 722 praestantiam
872 635 1134 704 incitati
1186 633 1541 715 seruntur;
1605 634 1853 703 horum
1898 635 2213 704 omnium
2276 656 2547 716 sensuS,

47 724 424 809 animusque,
478 723 768 792 infirma
807 723 945 792 sere
994 744 1271 792 necesse
1322 734 1425 792 est
1473 722 1921 813 vulgariaque
1955 721 2246 793 consilia
2348 724 2548 792 ariat.

46 818 101 878 At
149 812 513 901 praecipuis
580 811 1005 898 quibusdam
1066 812 1283 880 divini
1352 811 1639 900 spiritus
1686 810 1911 892 donis,
1969 812 2094 880 viri
2144 833 2301 880 exce
2334 811 2552 881 lentes

45 900 241 981 affecti,
292 901 733 989 propriisque
782 900 1114 971 divinitus
1177 900 1502 970 illustrati
1559 899 1986 980 luminibus,
2032 922 2329 987 quorum
2384 901 2542 981 vita,

48 1001 318 1076 perpetuo
352 989 658 1079 quodam
713 990 924 1058 choro
974 990 1329 1068 virtutum,
1392 990 1486 1057 ita
1533 988 1666 1057 sibi
1725 1001 2015 1068 constat,
2072 1002 2147 1058 ut
2193 1010 2353 1057 cum
2409 987 2547 1058 alia

48 1089 184 1145 recte
227 1078 611 1167 procedant,
673 1078 813 1147 alia
844 1099 977 1146 non
1029 1077 1446 1158 claudicent,
1492 1076 1564 1156 ii,
1613 1077 1924 1166 inquam,
1974 1097 2195 1166 neque
2235 1099 2552 1146 commu-

46 1166 207 1234 nibus
239 1167 687 1237 consiliorum
741 1167 1052 1236 terminis
1099 1188 1246 1235 sese
1300 1166 1677 1246 continent,
1735 1187 1957 1252 neque
2005 1167 2354 1235 consuetis
2416 1166 2551 1234 vir-

46 1266 218 1322 tutum
264 1254 593 1345 gradibus
647 1256 1068 1336 consistunt,
1137 1255 1253 1324 sed
1324 1254 1602 1344 longius
1676 1254 1893 1323 multo
1962 1254 2542 1345 progrediuntur,

46 1355 204 1430 atque
235 1343 491 1413 evolant
521 1344 765 1427 altius3
791 1360 1043 1430 quotus
1080 1345 1266 1412 enim
1298 1344 1596 1433 quisque
1628 1354 1729 1411 est
1776 1364 1856 1411 ex
1892 1344 2211 1415 summis,
2265 1343 2553 1412 divinis-

46 1447 148 1515 que
175 1431 339 1512 viris,
377 1452 555 1533 quos
604 1432 773 1502 colit
814 1432 1112 1502 Ecclesia
1169 1433 1307 1512 Dei,
1364 1433 1568 1521 cujus
1618 1432 1749 1501 vita
1807 1432 2302 1502 communibus
2354 1454 2551 1521 prae-

48 1520 213 1606 ceptis
247 1525 726 1591 conttneatur?
771 1523 898 1603 Qui
933 1520 1212 1610 quidem
1265 1520 1609 1609 singulari
1666 1521 1965 1610 quodam
2037 1520 2251 1589 divini
2294 1522 2550 1589 amoris

44 1607 237 1676 ardore
270 1609 712 1691 inflammati,
740 1609 823 1678 ad
861 1611 1117 1699 majpra
1159 1630 1432 1697 semper
1465 1609 1555 1677 ita
1595 1609 2063 1697 rapiebantur,
2105 1610 2279 1678 utin
2330 1632 2545 1678 cursu

44 1695 338 1766 charitatis
384 1699 669 1768 infinito
740 1697 1019 1766 modum
1081 1698 1214 1767 sibi
1277 1697 1444 1766 satis
1515 1696 1804 1766 desinire
1855 1719 1989 1766 non
2072 1711 2391 1788 possent,
2461 1697 2550 1767 ad

46 1802 278 1873 eamque
321 1786 603 1856 demum
646 1786 1114 1855 excellentiam
1173 1786 1627 1875 pervenirent,
1675 1806 1854 1875 quae
1891 1788 2178 1856 caeteris
2211 1808 2326 1856 eos
2372 1808 2553 1855 mor-

54 1871 251 1943 talibus
345 1898 415 1945 ro
468 1876 684 1955 osuit,
753 1888 828 1944 ut
878 1874 1370 1965 perfectissimo
1418 1873 1732 1963 exemplo
1795 1889 1949 1943 ante
2015 1875 2249 1944 oculos
2301 1876 2543 1964 posito,

46 1978 220 2047 ¹neque
279 1897 399 2033 illu
511 1964 903 2053 desperent,
974 1963 1154 2053 quod
1205 1963 1323 2032 alii
1366 1963 1600 2032 divina
1660 1984 1789 2051 ope
1852 1978 2014 2032 sunt
2072 1965 2406 2043 assecuti,
2487 1976 2553 2033 et

54 2064 154 2147 quo
180 2050 403 2139 majori
438 2053 678 2121 studio
711 2073 980 2121 summa
1032 2066 1443 2141 sequuntur,
1482 2073 1561 2120 eo
1601 2052 1821 2141 magis
1854 2073 2000 2119 sese
2043 2066 2432 2120 removeant
2463 2052 2550 2120 ab

48 2136 273 2208 infimis.
324 2146 463 2210 Non
507 2142 576 2210 id
622 2141 789 2209 mibi
826 2162 1094 2229 arrogo,
1142 2152 1215 2209 ut
1255 2141 1433 2208 inter
1490 2152 1765 2209 sanctos
1804 2140 2143 2227 ejusmodi
2197 2140 2377 2208 viros
2434 2144 2551 2208 Ca-

48 2224 222 2293 ·rclum
266 2249 407 2298 esse
454 2229 936 2321 reponendum
1000 2251 1126 2319 ego
1192 2230 1673 2319 pronunciem;
1746 2229 1810 2296 id
1868 2228 2161 2297 viderint
2216 2227 2376 2309 alii;
2431 2228 2550 2297 sed

62 2314 254 2383 wuibus
302 2318 754 2407 praecipuum
809 2317 977 2386 ittud
1018 2318 1276 2397 lumen,
1319 2319 1597 2405 vimque
1649 2317 1938 2406 largitur
1991 2322 2186 2392 Deus,
2244 2318 2326 2385 iis
2377 2338 2551 2385 eun-

92 2420 169 2470 ern
203 2407 483 2477 arbitror
517 2406 972 2498 praecipuum
1010 2427 1287 2496 quoque
1324 2405 1560 2496 largiri
1605 2428 1884 2487 munuS‚
1923 2428 2092 2496 quo,
2128 2426 2349 2495 neque
2381 2404 2548 2474 alie-

62 2507 181 2557 num
218 2497 603 2575 consilium,
654 2496 1186 2565 monitionemve
1234 2508 1699 2574 contemnant,
1766 2509 1828 2563 et
1883 2517 2164 2564 cursum
2219 2497 2304 2564 ab
2353 2495 2544 2564 omni

56 2597 229 2649 errore
271 2606 470 2654 suum
506 2640 520 2665 ,
580 2585 923 2653 constanti
986 2584 1315 2672 quodam,
1393 2596 1457 2653 et
1519 2597 1702 2652 certo
1764 2585 2224 2653 conscientiae
2284 2583 2547 2652 lumine

52 2668 400 2758 pontii-mati,
441 2686 795 2743 tueantur.
1658 2750 1660 2753 Α

52 2779 59 2802 ³
123 2757 309 2852 §84
364 2761 895 2831 mansuetudine
935 2773 1139 2849 atque
1189 2760 1614 2829 humanitate
1649 2761 1968 2830 utebatur
2017 2762 2081 2830 in
2125 2783 2364 2831 omnes
2427 2762 2548 2850 qui

54 2840 279 2938 titillent,
317 2852 426 2920 sed
475 2850 843 2940 insigniter
891 2849 956 2916 in
999 2870 1139 2928 eos,
1193 2868 1368 2936 quos
1402 2849 1798 2917 christianis
1846 2871 1995 2920 esse
2050 2852 2383 2930 moribuS,
2442 2872 2542 2918 re-

54 2921 385 3022 ligiosisque
425 2940 698 3008 deditos
730 2937 1054 3027 operibus
1104 2950 1416 3014 noverat,
1482 2936 2072 3025 libentissimeque
2120 2941 2176 3009 si
2210 2960 2547 3029 pauperes

54 3033 259 3115 'essentz
309 3048 461 3095 cum
517 3026 779 3113 alioqui
816 3026 1213 3116 gravitatem
1248 3047 1580 3114 personae
1629 3049 1901 3114 semper
1949 3050 2106 3096 cum
2163 3028 2540 3117 primariis,

66 3112 564 3204 principibusque
615 3116 800 3193 viris,
855 3114 1399 3203 dignitatemque
1447 3115 1719 3204 egregie
1768 3126 2124 3194 tueretur;
2176 3138 2359 3185 nunc
2411 3117 2544 3184 bu·
2635 3165 2636 3168 ,

52 3194 233 3265 ,milem
280 3202 575 3290 aliquem
629 3203 1161 3272 christianorum
1223 3202 1720 3273 elementorum
1791 3204 2198 3291 magistrum
2266 3225 2544 3273 summa

52 3277 455 3373 humanitate,
522 3316 599 3360 ac
656 3292 1145 3381 propemodum
1213 3290 1596 3380 abjectione
1661 3288 2072 3380 accipiebat,
2125 3293 2330 3381 paulo
2394 3305 2547 3380 post

58 3388 172 3439 curn
208 3382 630 3468 amplissimo
681 3381 1088 3470 magistratu
1138 3402 1375 3470 agenS,
1429 3380 1605 3448 nihil
1656 3380 1740 3449 de
1791 3402 2066 3449 summa
2127 3381 2236 3449 sui
2285 3378 2546 3468 gradus

56 3466 393 3555 auctoritate
430 3469 838 3543 remittebat:
892 3482 960 3538 at
1007 3467 1188 3536 enim
1245 3470 1513 3537 minuta
1563 3468 2177 3555 officiorum‚quae
2219 3468 2285 3536 in
2323 3469 2545 3553 quoti·

48 3541 215 3648 §hana
256 3557 744 3627 consuetudine
797 3570 1176 3636 versantur,
1220 3569 1591 3637 momenta,
1629 3580 1750 3646 pro
1785 3558 2120 3646 cujusque
2156 3555 2301 3624 loco
2340 3569 2546 3642 atque

50 3635 246 3718 {ordine
289 3647 556 3736 cognita
607 3646 899 3716 habebat
947 3645 1304 3731 exquisite,
1346 3657 1762 3733 noveratque
1808 3665 2047 3714 omnes
2099 3644 2378 3714 honoris
2429 3645 2544 3713 tri-

48 3715 284 3824 tbuendi,
325 3732 752 3825 benigneque
801 3733 1187 3822 accipiendi
1240 3735 1425 3815 νῆες,
1492 3746 1570 3804 ut
1615 3757 1775 3803 cum
1828 3733 2185 3822 dignitatis
2235 3753 2399 3802 suae
2450 3731 2546 3801 lo·

48 3827 178 3916 {tum
214 3829 471 3904 teneret,
511 3839 644 3893 tam
678 3822 851 3892 nibil
893 3824 1094 3892 etiam
1135 3823 1704 3912 praetermitteret
1742 3822 1813 3891 in
1855 3843 2271 3908 quemquam
2307 3819 2538 3900 officii,

48 3898 133 3974 :Vel
165 3905 605 4000 humanitatis.
652 3917 891 3998 Itaque
926 3924 1067 3981 tum
1102 3912 1358 4000 passim
1403 3911 1932 4001 praedicabatur
1993 3910 2547 3980 officiosissimus

48 3997 109 4094 {et
141 3987 435 4080 liberalis,
491 4015 631 4069 turn
686 4001 1121 4070 mirabantur
1170 3999 1367 4069 multi
1421 4012 1646 4068 tantae
1706 3999 2086 4069 sanctitatis
2132 3998 2542 4079 Antistitem‚

72 4082 285 4166 lamque
320 4087 709 4158 coelestium
763 4087 1326 4189 contemplationi
1395 4088 1744 4169 deditum,
1799 4087 2221 4175 quotidianis
2271 4085 2541 4167 officiis,

73 4177 180 4254 §um
222 4191 380 4260 opus
425 4191 622 4258 esset,
663 4199 809 4248 sese
844 4190 979 4246 tam
1036 4189 1372 4245 intentum
1429 4188 1797 4265 praestare.
1861 4181 2186 4259 Moroso5,
2242 4175 2536 4265 ineptos,

72 4259 465 4349 immodestos,
517 4277 636 4334 aut
684 4266 888 4335 etiam
932 4264 1305 4334 insolentes
1358 4265 1696 4342 homines,
1734 4266 1787 4332 si
1826 4263 1947 4352 qui
1988 4263 2277 4344 adirent,
2323 4286 2547 4352 aequo

80 4353 245 4414 ummo
287 4350 369 4419 ita
416 4353 691 4434 terebat,
746 4367 821 4422 ut
853 4374 1073 4440 neque
1122 4353 1529 4441 increparet,
1590 4373 1806 4437 neque
1855 4352 2045 4421 abire
2088 4352 2382 4438 juberet,
2424 4376 2545 4423 ne-

84 4441 170 4507 que
207 4441 460 4511 omnino
506 4443 890 4530 quidquam
928 4440 1198 4518 faceret,
1237 4441 1421 4510 unde
1464 4443 1904 4529 perturbatus
1942 4439 2306 4522 videi-etum
2359 4442 2543 4529 quod
