2993 4837
59 281 200 345 WJV.
256 281 335 344 ’17
702 300 778 344 ΒΕ
828 301 881 344 S.
939 299 1228 345 monrsio
1278 300 1374 344 Er.
1430 296 1875 345 AtAEXANnRtNO
2351 283 2479 344 ‚²539

59 397 178 452 tunt
232 382 348 460 hi,
403 383 662 468 quibus
709 382 938 452 adhuc
994 405 1072 451 ex
1133 382 1249 452 illo
1309 404 1599 452 numero
1651 381 1792 451 vita'
1848 382 2289 472 suppeditat,
2340 397 2567 451 tamen

60 494 232 541 inum
286 471 564 557 aliquod
619 471 889 541 facinus
940 471 1314 561 proferam,
1379 494 1517 558 quo
1577 493 1682 540 res
1739 473 1907 540 istae
1967 472 2106 540 sint
2152 471 2569 560 exploratius

59 561 327 650 tognitae
357 575 910 650 perspectaeque.
949 561 1363 630 Chaeremon
1398 561 1768 650 episcopus
1807 560 2126 641 civitatis,
2171 583 2348 647 quae
2379 560 2570 629 Nilus

59 649 291 728 licitur,
330 672 490 718 cum
534 650 680 740 jam
769 651 922 718 lane
956 649 1241 739 grandis
1288 665 1486 730 esset,
1529 661 1593 719 et
1624 661 1839 719 aetate
1884 672 2094 739 prope
2132 663 2390 729 exacta,
2429 671 2570 718 una

60 761 172 808 :um
206 759 419 807 uxore
475 760 604 808 sua
652 673 761 807 ad)
796 751 1097 807 montem
1164 739 1447 809 Arabiae
1485 737 1895 828 confugiens
1926 793 1940 819 ,
1989 761 2210 826 neque
2260 752 2411 827 post
2464 759 2570 806 re-

59 849 253 896 ·ersus
308 839 457 905 est,
515 849 736 913 neque
784 849 1079 914 usquam
1130 849 1246 897 eos
1294 828 1642 917 quispiam
1703 827 1932 896 videre
1982 828 2223 916 potuit.
2290 832 2367 897 Et
2414 825 2572 895 licet

59 931 251 985 ratres
274 916 421 1006 jam
466 917 828 1003 aliquoties
876 938 1032 985 eum
1083 939 1243 985 cum
1305 939 1518 985 uxore
1565 927 2014 1002 quaererent,
2065 931 2290 985 tamen
2345 937 2568 1001 neque

59 1027 224 1093 psos,
265 1026 487 1091 neque
521 1027 807 1094 corpora
841 1027 1076 1075 eorum
1113 1005 1386 1095 uspiam
1424 1005 1723 1094 reperire
1767 1017 2178 1094 potuerunt:
2241 1003 2566 1093 permulti

59 1107 193 1161 :erte
244 1095 309 1161 in
354 1116 436 1162 eo
493 1095 777 1163 Arabico
829 1106 1055 1162 monte
1093 1108 1332 1174 erant,
1386 1116 1425 1162 a
1474 1093 1791 1163 barbaris
1841 1094 2197 1162 Saracenis
2253 1093 2411 1161 facti
2460 1116 2570 1160 ca-

60 1183 235 1250 )tivi:
284 1205 585 1268 quorum
638 1184 755 1252 alii
805 1205 1005 1271 aegre
1050 1182 1330 1269 quidem
1365 1196 1430 1251 et
1461 1184 1565 1251 vix
1612 1182 1875 1272 ingenti
1928 1181 2262 1271 pecuniae
2296 1203 2580 1272 summa·

59 1271 258 1339 ·edimi
300 1284 636 1361 poterant,
676 1272 791 1340 alii
829 1271 1160 1340 hactenus
1196 1271 1386 1340 nullo
1440 1271 1665 1340 modo.
1719 1276 1932 1358 Atque
1981 1270 2132 1351 ista,
2189 1270 2280 1338 mi
2334 1271 2565 1350 frater,

64 1383 155 1428 ion
191 1359 443 1430 frustra
487 1362 804 1447 equidem
847 1360 1139 1428 dicendo
1197 1374 1597 1448 persecutus
1648 1381 1846 1440 sum,
1902 1359 2018 1428 sed
2070 1372 2145 1429 ut
2192 1381 2571 1449 cognoscas

59 1462 304 1534 1uantae
354 1462 421 1519 et
453 1472 661 1538 quam
708 1449 992 1518 acerbae
1039 1448 1465 1517 calamitates
1513 1448 1696 1538 apud
1755 1470 1878 1517 nos
1927 1449 2341 1538 obtigerint:
2396 1470 2570 1534 quas

60 1538 142 1623 [ui
186 1537 436 1607 fuerint
495 1539 716 1629 magis
774 1538 1076 1628 experti,
1148 1537 1346 1627 plura
1410 1537 1494 1605 de
1554 1536 1691 1607 illis
1755 1549 1820 1605 et
1878 1538 2155 1618 sciunt,
2220 1551 2285 1606 et
2345 1538 2571 1606 dicere

60 1638 324 1695 ›ossunt.
364 1650 401 1692 »
686 1673 699 1688 .

115 1718 146 1800 ξ
189 1720 314 1787 n.
368 1715 493 1783 His
533 1715 735 1783 etiam
773 1715 907 1783 alia
943 1713 1150 1803 paulo
1189 1726 1339 1804 post
1370 1716 1643 1784 attexit:
1682 1714 1856 1783 «Illi
1894 1716 2102 1803 igitur
2128 1713 2342 1783 divini
2386 1737 2568 1782 mar-

59 1824 201 1889 ‚yres
239 1804 381 1891 (qui
414 1805 558 1892 jam
595 1804 837 1873 Christi
876 1817 1223 1890 tamquam
1262 1826 1642 1873 assessores
1676 1816 1860 1884 sunt,
1896 1816 1959 1871 et
1993 1825 2061 1870 re
2118 1805 2184 1871 ni
2225 1805 2377 1889 ejus
2408 1823 2570 1870 con-

59 1904 252 1973 sorteS,
294 1893 667 1982 participes
705 1892 981 1981 judicii,
1040 1906 1104 1961 et
1154 1893 1344 1962 illius
1395 1895 1462 1961 in
1519 1892 1920 1963 hominibus
1961 1892 2040 1977 ju
2097 1893 2364 1961 icandis
2414 1913 2572 1960 sen-

59 1981 289 2049 tentiam
347 1982 814 2071 approbantes
862 1981 1121 2070 ferunt)
1181 1981 1345 2049 dum
1403 1995 1598 2051 erant
1647 1981 1829 2067 apud
1885 2002 2008 2050 nos
2042 2035 2062 2060 ,.
2113 1979 2487 2050 nonnullos
2537 2001 2573 2047 e

59 2066 363 2151 fratribuS,
426 2071 494 2137 in
538 2070 794 2156 quibus
853 2070 1114 2138 crimen
1167 2070 1604 2141 sacrificandi
1656 2068 1860 2138 idolis
1911 2069 2256 2148 haerebat,
2313 2069 2573 2154 quique

59 2178 86 2222 a
115 2157 228 2226 fide
271 2159 706 2235 excidissent,
752 2180 910 2227 cum
947 2159 1460 2229 conversionem
1502 2180 1579 2227 ac
1615 2158 2103 2248 poenitentiam
2140 2179 2374 2225 eorum
2425 2178 2573 2245 per-

66 2246 379 2330 spicerent,
428 2269 718 2333 eamque
770 2269 968 2336 posse
1009 2260 1354 2337 acceptam
1412 2247 1554 2316 fore
1592 2247 1698 2328 ei,
1753 2248 1873 2334 qui
1915 2247 2198 2316 omnino
2243 2267 2375 2313 non
2430 2244 2574 2312 vult

72 2348 301 2431 mortem
344 2337 747 2428 peccatoris,
795 2336 961 2406 satis
1003 2337 1428 2427 exploratum
1482 2336 1849 2417 haberent,
1899 2336 1980 2404 ad
2043 2358 2115 2405 se
2170 2335 2399 2403 denuo
2448 2334 2571 2402 ad-

66 2436 323 2518 mittunt,
381 2426 726 2513 recipiunt
778 2425 843 2494 in
895 2425 1279 2506 ecclesiam,
1334 2438 1711 2495 conventus
1764 2449 1922 2495 cum
1985 2425 2123 2494 illis
2170 2424 2567 2504 celebrant,

62 2528 259 2581 ineunt
298 2517 733 2595 societatem,
792 2537 1070 2603 precum
1124 2527 1188 2584 et
1233 2514 1599 2603 epularum
1636 2515 2127 2583 communione
2177 2537 2316 2582 una
2367 2524 2572 2581 utun-

60 2610 164 2666 tur.
213 2604 378 2684 Quid
436 2604 646 2692 igitur
692 2602 965 2672 consilii
1018 2604 1238 2683 nobis,
1279 2604 1510 2684 frater,
1549 2604 1785 2673 datis?
1833 2603 2008 2685 Quid
2043 2604 2336 2672 censetis
2374 2602 2572 2671 nobis

59 2690 363 2775 agendum
399 2696 605 2761 esse?
653 2692 800 2762 Illis
841 2715 925 2761 ne
956 2693 1547 2781 suffragabimur?
1585 2692 1904 2780 Ejusdem
1949 2714 2106 2761 cum
2147 2692 2282 2760 illis
2310 2691 2572 2759 erimus

59 2780 441 2849 sententiae?
489 2781 843 2849 ²Iudicium
878 2804 1110 2850 eorum
1153 2786 1570 2868 sequemur?
1620 2781 1893 2850 Modum
1942 2782 2329 2850 tenebimus
2378 2779 2573 2847 beni-

59 2866 350 2949 gnitatis?
399 2871 522 2938 His
568 2892 864 2957 quorum
921 2869 1017 2937 illi
1074 2871 1332 2939 miserti
1374 2885 1558 2950 sunt,
1612 2869 1904 2937 benefici
1940 2882 2003 2937 et
2037 2870 2406 2938 clementes
2439 2869 2573 2936 eri-

60 2962 226 3026 mus?
270 2964 360 3027 An
404 2973 689 3037 contra,
758 2980 992 3026 eorum
1052 2957 1400 3045 judicium
1463 2960 1669 3027 inane
1728 2971 1792 3026 et
1850 2959 2120 3027 irritum
2185 2957 2575 3026 faciemus?

60 3043 270 3114 Eorum
333 3049 707 3117 sententiae
758 3070 880 3115 nos
935 3048 1122 3135 ipsos
1177 3048 1680 3116 constituemus
1731 3046 2380 3115 animadversores?
2430 3046 2574 3115 Cle-

60 3136 318 3211 mentiae
354 3137 835 3206 inhumanitus
869 3137 1319 3205 resistemus?
1346 3135 1833 3226 Refringemus
1885 3135 2324 3204 institutum?
2361 3140 2570 3205 Deum

59 3217 321 3309 denique
354 3226 437 3293 ad
477 3226 645 3293 iram
685 3226 1254 3313 provocabimus?
1293 3254 1314 3286 »
1346 3221 1366 3237 ’

127 3312 157 3464 ἲ
205 3317 345 3382 12.
400 3320 489 3382 De
528 3315 996 3402 persecutione
1044 3328 1299 3393 autem,
1353 3335 1531 3399 quae
1572 3311 2193 3395 vehementissime,
2251 3322 2577 3399 regnante

60 3398 127 3494 Va
157 3402 403 3481 eriano,
441 3403 944 3482 exardescebat,
979 3424 1152 3489 quas
1185 3414 1249 3471 et
1290 3402 1787 3480 afflictationeS‚
1827 3414 1891 3469 et
1928 3399 2364 3469 incommoda
2395 3396 2574 3465 idem

61 3486 394 3584 Dionysius
420 3514 573 3560 cum
605 3492 760 3560 aliis
791 3504 1065 3581 propter
1096 3513 1326 3559 verum
1359 3490 1620 3560 cultum
1660 3491 1794 3570 Dei,
1830 3490 2306 3558 universarum
2347 3507 2576 3556 rerum

59 3576 321 3658 omneis,
367 3581 718 3658 subiverit,
763 3580 961 3649 verba
1005 3581 1177 3667 ejus,
1234 3580 1491 3666 quibus
1550 3579 1615 3646 in
1670 3584 2086 3648 Germanum
2127 3598 2291 3646 suae
2339 3576 2579 3644 aetatis

59 3663 462 3761 Episcopum,
506 3671 621 3755 qui
657 3669 843 3738 illius
880 3668 1060 3736 fama
1098 3668 1482 3738 maledictis
1520 3667 1788 3736 laedere
1819 3679 2161 3745 tentasset,
2204 3665 2573 3745 invehitur,

59 3764 197 3820 satis
239 3758 592 3845 perspicue
625 3757 1000 3836 declarant,
1045 3779 1221 3843 quae
1258 3758 1348 3826 ita
1384 3778 1454 3827 se
1498 3757 1794 3826 habent:
1851 3779 1885 3822 «
1923 3755 2214 3824 Videbor
2255 3753 2577 3842 equidem

60 3843 383 3912 nonnullis
422 3846 727 3926 fortasse,
776 3845 942 3914 dum
988 3845 1472 3915 admirabilem
1534 3846 1648 3914 Dei
1693 3844 2188 3935 providentiam
2243 3865 2402 3932 erga
2454 3863 2579 3911 nos

59 3939 424 4027 oste-atatam
477 3956 683 4022 cogor
733 3935 1118 4003 necessario
1167 3935 1529 4024 explicare,
1587 3934 1655 4001 in
1703 3956 2024 4022 magnam
2071 3932 2441 4001 amentiam
2476 3931 2578 3998 in-

60 4030 431 4107 scitiamque
459 4045 608 4091 esse
643 4024 1028 4113 prolapsus,
1070 4028 1316 4091 Verum
1368 4022 1696 4109 quoniam
1739 4035 2073 4092 secretum
2122 4021 2324 4108 Regis
2352 4018 2580 4089 occul-

61 4112 180 4172 tare
216 4121 330 4188 est,
370 4125 440 4179 ut
474 4112 697 4197 inquit
748 4113 1121 4202 Scriptura,
1163 4111 1624 4201 praeclarum,
1669 4122 1732 4179 et
1776 4111 1888 4179 Dei
1931 4133 2135 4199 opera
2182 4107 2577 4199 praedicare

62 4198 437 4282 cumprimis
485 4202 859 4279 eximium,
925 4223 1051 4291 ego
1104 4223 1261 4269 cum
1333 4203 1672 4269 Germano
1736 4221 1983 4267 manus
2049 4218 2404 4268 conserere
2463 4218 2581 4285 ag—

67 4282 330 4362 grediar.
363 4290 522 4357 Veni
558 4290 641 4358 ad
679 4289 1161 4369 Aemilianum,
1208 4310 1340 4356 non
1376 4288 1658 4374 quidem
1711 4289 1927 4365 solus,
1984 4287 2099 4356 sed
2139 4308 2244 4355 me
2276 4282 2580 4353 comitati

70 4383 207 4439 Sunt
237 4379 738 4468 compresbyter
775 4399 967 4447 meus
1008 4378 1369 4459 Maximus,
1420 4390 1484 4445 et
1536 4377 1814 4445 Diaconi
1861 4382 2194 4456 Faustus,
2244 4373 2582 4443 Eusebius
