2993 4837
560 303 687 366 364·
1159 319 1236 364 ns
1285 319 1338 364 s.
1393 316 1743 364 eonssramo
1790 317 1889 363 Er.
1943 316 2328 364 aunuum
2730 296 2890 363 Nov.
2934 302 2965 361 8

473 405 894 493 fungeretur,
948 402 1201 471 rectius
1249 401 1382 470 sibi
1430 401 1899 483 consulturuS‚
1929 402 1984 470 si
2021 423 2156 470 non
2192 424 2318 470 sua
2354 402 2562 468 unius
2602 400 2814 469 salute
2838 423 2969 469 con-

472 505 720 573 tentuS‚
764 490 1097 580 plurimos
1136 490 1398 560 Christo
1425 490 1828 559 lucrifacere
1851 502 2236 569 conaretur,
2272 501 2336 558 et
2368 488 2644 558 tandem
2680 511 2721 557 a
2746 490 2969 558 Christo

473 580 713 650 audire
766 591 1169 648 mereretur:
1235 584 1419 669 Euqe
1453 603 1638 649 serve
1689 581 1848 649 bone
1892 589 1957 648 et
2013 580 2269 667 fidelia,
2326 580 2491 668 quia
2533 602 2743 668 super
2789 600 2974 668 pauca

471 672 669 759 suisti
707 669 948 759 fidelis,
986 691 1187 758 super
1222 673 1439 737 multa
1472 679 1532 737 te
1559 670 2000 737 constituam:
2042 670 2225 735 intra
2268 669 2349 735 in·
2434 669 2723 736 audium
2758 667 2974 736 Domini

473 760 578 827 tui
616 758 881 846 (Maecia.
923 756 1094 845 xxv).
1132 762 1295 826 Cum
1337 778 1468 826 non
1511 769 1737 845 posset
1770 770 1996 825 autem
2039 757 2143 824 vir
2179 756 2316 837 Dei,
2364 755 2385 823 i
2420 756 2554 825 lius
2583 756 2974 841 aliorumque

473 847 964 936 Episcoporum
1018 846 1404 914 auctoritati
1454 845 1824 925 obluctari,
1880 843 1963 913 ad
2008 866 2203 914 suam
2258 844 2433 913 redit
2481 844 2876 922 Ecclesiam,
2910 842 2974 910 ab!

473 935 797 1005 omnibus
843 934 1294 1024 cupidissime
1342 935 1713 1022 excipiturt
1772 934 1888 1001 sed
1928 955 2059 1001 non
2124 934 2247 1001 diu
2298 946 2447 1021 post
2486 933 2880 1021 supervixit,
2922 943 2974 1005 ul

473 1025 786 1092 dicemus
818 1045 941 1092 suo
991 1023 1161 1103 loc0,
1210 1023 1328 1092 ubi
1381 1022 1574 1111 prius
1629 1023 1967 1108 quaedam
2017 1022 2165 1110 ejus
2217 1036 2602 1091 memoratu
2636 1022 2845 1111 digua
2892 1043 2974 1088 ex*

477 1113 933 1203 posuerimus,
972 1133 1148 1198 quae
1190 1111 1333 1197 jam
1371 1110 1569 1180 nobis
1603 1111 1875 1180 interim
1911 1121 2351 1179 succurrunt.

562 1203 597 1287 ξ
644 1206 800 1273 49.
858 1201 1270 1269 Adventante
1330 1199 1911 1288 Quadragesimae
1959 1211 2391 1269 sacrosancto
2431 1198 2756 1286 jejuniO,
2822 1196 2974 1287 plebs

475 1293 793 1376 trequens
842 1289 1116 1357 advenit
1149 1289 1217 1356 in
1269 1289 1506 1357 aedem
1559 1288 1735 1357 beati
1771 1288 2059 1356 Firmini
2099 1288 2414 1377 Episcopi
2462 1300 2528 1357 et
2567 1287 2885 1375 martyris

474 1379 607 1459 die,
661 1401 798 1465 quo
845 1379 1109 1446 cineres
1142 1399 1221 1446 ex
1257 1388 1531 1465 patrum
1576 1377 1687 1466 pia
1730 1376 2116 1454 traditione,
2172 1398 2348 1462 quae
2399 1377 2742 1445 hactenus
2789 1376 2953 1444 obser

476 1481 692 1546 vatur,
749 1466 1053 1534 fidelium
1096 1465 1440 1554 capitibus
1474 1465 1950 1553 imponuntur.
1992 1464 2215 1533 Adfuit
2262 1465 2464 1533 etiam
2520 1466 2770 1534 beatus
2810 1463 2925 1533 God

473 1556 718 1636 friduS,
763 1576 945 1624 more
976 1576 1122 1631 suo,
1181 1554 1389 1623 nudis
1437 1554 1726 1642 pedibus
1756 1568 1821 1623 et
1869 1554 2095 1623 cilicio
2144 1553 2466 1623 indutus:
2522 1554 2713 1622 inter
2756 1565 2969 1621 caetera

476 1657 748 1714 sanctae
797 1644 1284 1713 exhortationis
1337 1644 1580 1722 verba,
1632 1643 1959 1712 omnibus
2008 1642 2355 1712 interdixit
2418 1664 2622 1711 esum
2671 1643 2946 1711 carnium

473 1734 688 1802 donec
741 1732 1129 1800 Dominicae
1181 1732 1698 1801 resurrectionis
1733 1731 2130 1800 solemnitas
2179 1730 2466 1800 adesset.
2522 1731 2660 1800 Sed
2703 1731 2770 1799 id
2822 1726 2963 1797 mul'

472 1822 682 1892 surda
731 1843 895 1889 aure
942 1842 1285 1909 accepere.
1340 1826 1506 1889 Nam
1574 1821 1882 1907 proximo
1945 1820 2055 1888 die
2106 1819 2455 1888 Dominico
2512 1821 2849 1888 carnibus
2890 1840 2915 1884 a

475 1911 725 1980 stinere
760 1909 1148 1988 noluerunt,
1205 1908 1508 1977 dicentes
1540 1908 1952 1998 Episcopum
1988 1909 2070 1977 de
2110 1930 2235 1977 suo
2276 1908 2478 1977 corde
2526 1907 2960 1977 flufferedura.

473 1998 776 2089 proferre
823 1997 1173 2067 inaudita:
1235 2020 1307 2066 se
1354 2010 1628 2066 assueta
1697 2019 1820 2065 nec
1871 1997 2038 2066 velle
2072 2052 2087 2078 ,
2146 2018 2266 2065 nec
2331 2019 2525 2085 posse
2580 1964 2959 2082 relinquere·

475 2110 599 2176 par
646 2109 814 2167 esse,
861 2109 994 2156 non
1032 2086 1253 2155 solum
1306 2086 1404 2154 uti
1443 2086 1641 2167 cibis,
1681 2086 1798 2156 sed
1839 2086 2040 2154 etiam
2091 2086 2307 2164 abuti,
2348 2097 2414 2155 et
2461 2086 2804 2155 suavibus
2841 2093 2963 2152 aeta·

474 2190 605 2245 tem
658 2176 906 2245 ducere
953 2175 1492 2244 oblectamentis.
1530 2179 1671 2243 Non
1724 2175 1787 2242 id
1835 2174 2031 2242 latuit
2080 2175 2518 2263 Episcopum,
2578 2175 2702 2245 sed
2755 2187 2962 2271 tempus

473 2265 905 2355 exspectavit,
944 2286 1080 2350 quo
1139 2276 1362 2353 posset
1420 2275 1806 2352 opportune
1857 2263 2179 2331 mulctam
2233 2263 2560 2350 irrogare.
2606 2269 2770 2354 Ipso
2817 2261 2963 2349 igitur

477 2360 733 2424 Coenae
791 2354 1180 2423 Dominicae
1229 2352 1361 2434 die,
1425 2353 1680 2441 populo
1741 2352 1821 2421 ad
1881 2352 2234 2421 memorati
2289 2352 2615 2440 martyris
2670 2350 2960 2420 basilicam

476 2444 562 2512 ob
622 2443 1120 2531 impetrandam
1176 2456 1608 2531 peccatorum
1652 2443 1917 2509 veniam
1967 2442 2377 2522 confluente,
2430 2462 2509 2510 eo
2566 2443 2758 2509 venit
2801 2455 2963 2508 sacer-

481 2532 828 2600 dotalibus
877 2531 1296 2600 vestimentis
1339 2530 1666 2599 indutus:
1708 2531 1911 2598 habet
1962 2551 2086 2598 suo
2142 2552 2327 2598 more
2376 2531 2808 2608 concionem.
2848 2529 2965 2593 inter

477 2620 613 2688 alia
661 2633 1151 2688 commemorat
1183 2618 1417 2687 Adami
1473 2618 2033 2698 inobedientiam,
2068 2618 2252 2704 quod
2302 2618 2469 2686 dum
2520 2619 2615 2687 ab
2662 2641 2786 2688 esu
2834 2631 2961 2706 pom}

478 2709 607 2778 sibi
659 2721 1032 2797 temperare
1061 2729 1197 2776 non
1226 2705 1390 2787 vult,
1447 2708 1847 2776 universum
1883 2728 2101 2796 genus
2150 2707 2533 2775 humanum
2588 2704 2963 2775 damnationi

478 2797 846 2864 obnoxium
909 2795 1301 2877 reddiderit,
1355 2807 1419 2865 et
1472 2797 1538 2864 in
1608 2796 1861 2864 multas
1911 2796 2275 2884 conjecerit
2337 2795 2791 2864 calamitates.
2846 2798 2961 2859 Tum

479 2886 698 2974 pergit
729 2887 1138 2974 exprobrare
1171 2884 1331 2966 illis,
1369 2884 1552 2971 quod
1607 2883 1773 2952 nihil
1812 2884 1960 2972 ejus
1993 2884 2302 2972 exemplo
2353 2885 2727 2965 absterriti,
2784 2880 2961 2950 nolue-

480 2975 617 3041 rint
664 2975 1134 3062 obtemperare
1186 2974 1343 3062 ipsi,
1409 2974 1624 3041 immo
1672 2972 1932 3043 Christo
2004 2994 2124 3061 per
2172 2972 2400 3061 ipsum
2463 2970 2868 3061 prohibenti,
2911 2983 2957 3060 n}

478 3084 718 3131 carnes
758 3062 1055 3131 ederent.
1111 3085 1144 3127 «
1180 3066 1270 3131 An
1312 3063 1664 3151 ignoratiS,
1705 3062 1949 3148 inquit,
1991 3062 2057 3129 in
2098 3061 2460 3150 Evangelio
2491 3061 2749 3130 dixisse
2786 3064 2955 3127 Domn-

476 3172 643 3220 num
674 3151 757 3219 de
793 3173 900 3220 me
933 3152 1201 3238 meique
1236 3150 1582 3219 similibus
1611 3174 1624 3217 z
1666 3153 1796 3233 Qui
1828 3173 1938 3218 vos
1970 3151 2186 3230 aud-it,
2226 3173 2328 3218 me
2358 3150 2596 3218 audit:
2650 3160 2711 3218 et
2756 3148 2957 3239 quit-ns

475 3243 750 3331 spernit,
806 3264 909 3308 me
971 3241 1274 3332 spernit?
1318 3240 1502 3328 (Luc.
1560 3239 1650 3329 x).
1711 3239 2122 3307 Annuntiavi
2172 3260 2296 3328 ego
2344 3239 2535 3307 vobis
2597 3236 2834 3307 Christi
2883 3251 2959 3325 vt?-

478 3330 806 3398 luntatem
859 3342 922 3399 et
960 3329 1337 3419 justitiam:
1394 3350 1509 3397 vos
1562 3350 1668 3396 me
1707 3328 1985 3396 finxisse
2033 3327 2271 3396 frivola
2321 3327 2544 3395 dicere
2594 3349 2725 3395 non
2776 3323 2957 3392 sormi·

476 3418 710 3487 dastis.
767 3423 937 3507 Ergo
975 3431 1190 3485 vestra
1223 3417 1349 3485 hac
1384 3416 1751 3486 rebellione
1792 3415 2132 3486 incidistis
2171 3416 2239 3486 in
2294 3437 2545 3504 poenas
2594 3421 2959 3503 contempti>-

477 3528 657 3585 rum,
710 3519 774 3575 et
820 3530 978 3575 cum
1028 3506 1283 3574 Adamo
1335 3506 1427 3574 rei
1467 3507 1631 3576 estis
1680 3505 2201 3574 inobedientiae.
2259 3509 2445 3573 Certe
2494 3504 2769 3573 meritas
2806 3495 2955 3587 hoduj·

477 3595 678 3664 luctis
715 3617 988 3685 poenas.
1027 3617 1062 3660 »
1111 3599 1290 3663 Haec
1338 3594 1672 3684 Episcopo
1712 3595 2000 3674 dicente,
2057 3595 2361 3663 certatim
2421 3615 2663 3662 omnes
2701 3611 2766 3662 se
2810 3588 2954 3655 hum*

479 3697 941 3772 prosternunt,
1010 3684 1263 3772 pugnis
1327 3696 1598 3772 pectora
1660 3685 2049 3763 verberant,
2107 3682 2330 3772 palam
2383 3681 2682 3751 fatentur
2730 3675 2950 3763 culpam

478 3795 699 3854 suam,
752 3795 910 3841 cum
971 3773 1206 3840 multis
1257 3771 1580 3860 lacrymis
1633 3784 1867 3861 petunt
1914 3795 1953 3840 a
2003 3773 2133 3839 D'eo
2192 3771 2482 3851 veniam,
2554 3787 2828 3852 eamque
2867 3776 2953 3850 per

477 3863 890 3950 Episcopum
941 3862 1308 3946 impetrare
1355 3860 1730 3929 admodum
1783 3860 2125 3930 submisse
2172 3859 2621 3928 contendunt.
2677 3856 2785 3925 Ille
2837 3865 2949 3915 vero

479 3951 572 4018 ait
607 3950 690 4018 ad
733 3972 889 4019 eos:
945 3972 980 4016 «
1016 3950 1087 4019 Di
1148 3972 1267 4019 nos
1320 3949 1769 4040 poenitentiae
1802 3949 2067 4017 fructus
2115 3947 2336 4028 facite,
2375 3960 2440 4016 et
2479 3948 2801 4017 Christum
2835 3958 2949 4026 pro·

481 4039 737 4127 pilium
779 4038 968 4107 vobis
1018 3973 1298 4106 reddere
1345 4038 1713 4108 conemini.
1767 4038 2045 4106 Interim
2082 4050 2214 4105 tam
2274 4038 2587 4126 impurae
2635 4044 2945 4116 transgres-

480 4127 692 4196 sionis
746 4128 910 4196 haec
955 4127 1206 4196 mulcta
1256 4138 1420 4207 estO,
1476 4139 1551 4196 ut
1591 4149 1628 4195 a
1685 4139 2119 4195 sacrosancta
2166 4125 2594 4194 Eucharistia
2647 4105 2940 4208 usque&j

482 4216 853 4284 secundam
906 4216 1252 4286 Paschatis
1290 4215 1526 4284 feriam
1564 4216 1996 4284 abstineatis:
2035 4227 2109 4283 ut
2142 4214 2325 4300 quod
2374 4214 2682 4303 improba
2717 4204 2938 4303 admlsst

485 4304 848 4383 temeritas,
907 4305 1017 4391 pia
1063 4304 1477 4390 quandoque
1515 4305 1725 4393 possit
1771 4304 2107 4373 consessio
2137 4303 2481 4373 abolere.»
2510 4302 2751 4370 Abeunt
2777 4299 2937 4380 tglfflf

485 4411 638 4456 cuin
688 4390 898 4458 multo
935 4391 1180 4460 rubore
1227 4406 1292 4461 et
1343 4414 1684 4474 moerore,
1740 4406 1940 4479 atque
1989 4393 2166 4462 inter
2207 4415 2278 4463 se
2336 4391 2751 4479 quiritantur.
2795 4367 2932 4463 quod
