<?xml version="1.0" encoding="UTF-8"?>
<!DOCTYPE html PUBLIC "-//W3C//DTD XHTML 1.0 Transitional//EN"
    "http://www.w3.org/TR/xhtml1/DTD/xhtml1-transitional.dtd">
<html xmlns="http://www.w3.org/1999/xhtml" xml:lang="en" lang="en">
 <head>
  <title>
</title>
<meta http-equiv="Content-Type" content="text/html;charset=utf-8" />
  <meta name='ocr-system' content='tesseract 3.04.00' />
  <meta name='ocr-capabilities' content='ocr_page ocr_carea ocr_par ocr_line ocrx_word'/>
</head>
<body>
  <div class='ocr_page' id='page_1' title='image "./historiaeseuvit05lippgoog_0623.png"; bbox 0 0 2993 4837; ppageno 0'>
   <div class='ocr_carea' id='block_1_1' title="bbox 41 318 2462 387">
    <p class='ocr_par' dir='ltr' id='par_1_1' title="bbox 41 318 2462 387">
     <span class='ocr_line' id='line_1_1' title="bbox 41 318 2462 387; baseline -0.001 0"><span class='ocrx_word' id='word_1_1' title='bbox 41 319 192 387; x_wconf 80' lang='lat' dir='ltr'>NOV.</span> <span class='ocrx_word' id='word_1_2' title='bbox 246 318 331 384; x_wconf 73' lang='lat'>{9</span> <span class='ocrx_word' id='word_1_3' title='bbox 865 335 944 382; x_wconf 68' lang='lat' dir='ltr'>mr</span> <span class='ocrx_word' id='word_1_4' title='bbox 991 333 1048 382; x_wconf 89' lang='lat' dir='ltr'>s.</span> <span class='ocrx_word' id='word_1_5' title='bbox 1086 330 1404 384; x_wconf 71' lang='lat' dir='ltr'>rArnocLo</span> <span class='ocrx_word' id='word_1_6' title='bbox 1452 330 1692 383; x_wconf 67' lang='lat' dir='ltr'>Annus</span> <span class='ocrx_word' id='word_1_7' title='bbox 2335 319 2462 385; x_wconf 77' lang='lat'>583</span> 
     </span>
    </p>
   </div>
   <div class='ocr_carea' id='block_1_2' title="bbox 41 418 2577 4415">
    <p class='ocr_par' dir='ltr' id='par_1_2' title="bbox 41 418 2562 2357">
     <span class='ocr_line' id='line_1_2' title="bbox 41 418 2553 510; baseline 0 -19"><span class='ocrx_word' id='word_1_8' title='bbox 41 420 418 501; x_wconf 67' lang='lat' dir='ltr'>abscederet,</span> <span class='ocrx_word' id='word_1_9' title='bbox 449 419 928 494; x_wconf 61' lang='lat' dir='ltr'>sumensmisi</span> <span class='ocrx_word' id='word_1_10' title='bbox 964 432 1262 489; x_wconf 88' lang='lat' dir='ltr'>rastrum</span> <span class='ocrx_word' id='word_1_11' title='bbox 1301 440 1549 502; x_wconf 88' lang='lat' dir='ltr'>unum,</span> <span class='ocrx_word' id='word_1_12' title='bbox 1589 440 1943 506; x_wconf 88' lang='lat' dir='ltr'>unamque</span> <span class='ocrx_word' id='word_1_13' title='bbox 1971 418 2341 510; x_wconf 86' lang='lat' dir='ltr'>bipennem</span> <span class='ocrx_word' id='word_1_14' title='bbox 2372 443 2389 501; x_wconf 91' lang='lat'>;</span> <span class='ocrx_word' id='word_1_15' title='bbox 2444 420 2553 491; x_wconf 92' lang='lat' dir='ltr'>in-</span> 
     </span>
     <span class='ocr_line' id='line_1_3' title="bbox 41 506 2554 599; baseline 0 -20"><span class='ocrx_word' id='word_1_16' title='bbox 41 530 417 599; x_wconf 68' lang='lat' dir='ltr'>gressusque</span> <span class='ocrx_word' id='word_1_17' title='bbox 450 509 628 578; x_wconf 87' lang='lat' dir='ltr'>altas</span> <span class='ocrx_word' id='word_1_18' title='bbox 667 508 995 578; x_wconf 88' lang='lat' dir='ltr'>silvarum</span> <span class='ocrx_word' id='word_1_19' title='bbox 1033 506 1465 588; x_wconf 77' lang='lat' dir='ltr'>solitudines,</span> <span class='ocrx_word' id='word_1_20' title='bbox 1504 510 1687 578; x_wconf 88' lang='lat' dir='ltr'>venit</span> <span class='ocrx_word' id='word_1_21' title='bbox 1718 507 1806 578; x_wconf 90' lang='lat' dir='ltr'>ad</span> <span class='ocrx_word' id='word_1_22' title='bbox 1840 508 2093 592; x_wconf 90' lang='lat' dir='ltr'>locum,</span> <span class='ocrx_word' id='word_1_23' title='bbox 2123 512 2242 596; x_wconf 90' lang='lat' dir='ltr'>qui</span> <span class='ocrx_word' id='word_1_24' title='bbox 2293 507 2554 579; x_wconf 88' lang='lat' dir='ltr'>dicitur</span> 
     </span>
     <span class='ocr_line' id='line_1_4' title="bbox 42 596 2557 688; baseline 0 -20"><span class='ocrx_word' id='word_1_25' title='bbox 42 598 476 680; x_wconf 68' lang='lat' dir='ltr'>Hediocantus,</span> <span class='ocrx_word' id='word_1_26' title='bbox 528 610 733 685; x_wconf 88' lang='lat' dir='ltr'>atque</span> <span class='ocrx_word' id='word_1_27' title='bbox 772 597 866 667; x_wconf 91' lang='lat' dir='ltr'>ibi</span> <span class='ocrx_word' id='word_1_28' title='bbox 929 610 1322 667; x_wconf 89' lang='lat' dir='ltr'>constructa</span> <span class='ocrx_word' id='word_1_29' title='bbox 1370 596 1643 677; x_wconf 89' lang='lat' dir='ltr'>cellula,</span> <span class='ocrx_word' id='word_1_30' title='bbox 1700 598 1769 666; x_wconf 91' lang='lat' dir='ltr'>in</span> <span class='ocrx_word' id='word_1_31' title='bbox 1821 617 2048 687; x_wconf 89' lang='lat' dir='ltr'>opere,</span> <span class='ocrx_word' id='word_1_32' title='bbox 2102 596 2286 685; x_wconf 89' lang='lat' dir='ltr'>quod</span> <span class='ocrx_word' id='word_1_33' title='bbox 2337 620 2557 688; x_wconf 89' lang='lat' dir='ltr'>supra</span> 
     </span>
     <span class='ocr_line' id='line_1_5' title="bbox 41 686 2556 777; baseline 0.001 -20"><span class='ocrx_word' id='word_1_34' title='bbox 41 688 348 768; x_wconf 75' lang='lat' dir='ltr'>fiximus,</span> <span class='ocrx_word' id='word_1_35' title='bbox 420 691 556 757; x_wconf 86' lang='lat' dir='ltr'>Deo</span> <span class='ocrx_word' id='word_1_36' title='bbox 627 688 932 757; x_wconf 79' lang='lat' dir='ltr'>vacabat.</span> <span class='ocrx_word' id='word_1_37' title='bbox 989 691 1155 756; x_wconf 91' lang='lat' dir='ltr'>Cum</span> <span class='ocrx_word' id='word_1_38' title='bbox 1221 687 1436 776; x_wconf 89' lang='lat' dir='ltr'>igitur</span> <span class='ocrx_word' id='word_1_39' title='bbox 1496 686 1672 756; x_wconf 90' lang='lat' dir='ltr'>inibi</span> <span class='ocrx_word' id='word_1_40' title='bbox 1723 686 1978 756; x_wconf 87' lang='lat' dir='ltr'>multos</span> <span class='ocrx_word' id='word_1_41' title='bbox 2039 707 2556 777; x_wconf 81' lang='lat' dir='ltr'>energumenos</span> 
     </span>
     <span class='ocr_line' id='line_1_6' title="bbox 41 774 2557 866; baseline 0.001 -22"><span class='ocrx_word' id='word_1_42' title='bbox 41 796 217 845; x_wconf 81' lang='lat' dir='ltr'>manu</span> <span class='ocrx_word' id='word_1_43' title='bbox 264 776 616 866; x_wconf 83' lang='lat' dir='ltr'>imposita,</span> <span class='ocrx_word' id='word_1_44' title='bbox 674 796 792 864; x_wconf 87' lang='lat' dir='ltr'>per</span> <span class='ocrx_word' id='word_1_45' title='bbox 839 775 1118 866; x_wconf 88' lang='lat' dir='ltr'>signum</span> <span class='ocrx_word' id='word_1_46' title='bbox 1177 775 1412 845; x_wconf 82' lang='lat' dir='ltr'>Crucis</span> <span class='ocrx_word' id='word_1_47' title='bbox 1443 774 1763 865; x_wconf 86' lang='lat' dir='ltr'>effugatis</span> <span class='ocrx_word' id='word_1_48' title='bbox 1793 774 2270 857; x_wconf 89' lang='lat' dir='ltr'>daemonibus,</span> <span class='ocrx_word' id='word_1_49' title='bbox 2328 787 2557 847; x_wconf 90' lang='lat' dir='ltr'>mente</span> 
     </span>
     <span class='ocr_line' id='line_1_7' title="bbox 41 860 2557 955; baseline 0.001 -22"><span class='ocrx_word' id='word_1_50' title='bbox 41 865 263 955; x_wconf 74' lang='lat' dir='ltr'>integra</span> <span class='ocrx_word' id='word_1_51' title='bbox 303 863 742 946; x_wconf 81' lang='lat' dir='ltr'>reddidisset,</span> <span class='ocrx_word' id='word_1_52' title='bbox 794 884 983 933; x_wconf 90' lang='lat' dir='ltr'>unus</span> <span class='ocrx_word' id='word_1_53' title='bbox 1030 860 1115 932; x_wconf 88' lang='lat' dir='ltr'>ad</span> <span class='ocrx_word' id='word_1_54' title='bbox 1150 882 1307 932; x_wconf 90' lang='lat' dir='ltr'>eum</span> <span class='ocrx_word' id='word_1_55' title='bbox 1359 863 1705 933; x_wconf 88' lang='lat' dir='ltr'>adductus</span> <span class='ocrx_word' id='word_1_56' title='bbox 1730 874 1833 933; x_wconf 86' lang='lat' dir='ltr'>est</span> <span class='ocrx_word' id='word_1_57' title='bbox 1864 863 2174 946; x_wconf 89' lang='lat' dir='ltr'>rabidus,</span> <span class='ocrx_word' id='word_1_58' title='bbox 2203 865 2326 951; x_wconf 90' lang='lat' dir='ltr'>qui</span> <span class='ocrx_word' id='word_1_59' title='bbox 2368 865 2557 935; x_wconf 90' lang='lat' dir='ltr'>ricti-</span> 
     </span>
     <span class='ocr_line' id='line_1_8' title="bbox 41 951 2556 1043; baseline 0 -21"><span class='ocrx_word' id='word_1_60' title='bbox 41 954 137 1023; x_wconf 75' lang='lat' dir='ltr'>bus</span> <span class='ocrx_word' id='word_1_61' title='bbox 174 954 426 1043; x_wconf 85' lang='lat' dir='ltr'>patulis</span> <span class='ocrx_word' id='word_1_62' title='bbox 485 975 565 1022; x_wconf 91' lang='lat' dir='ltr'>ac</span> <span class='ocrx_word' id='word_1_63' title='bbox 611 973 729 1022; x_wconf 89' lang='lat' dir='ltr'>ore</span> <span class='ocrx_word' id='word_1_64' title='bbox 757 964 1068 1033; x_wconf 89' lang='lat' dir='ltr'>cruent0‚</span> <span class='ocrx_word' id='word_1_65' title='bbox 1121 952 1450 1040; x_wconf 89' lang='lat' dir='ltr'>quicquid</span> <span class='ocrx_word' id='word_1_66' title='bbox 1505 951 1839 1041; x_wconf 85' lang='lat' dir='ltr'>attingere</span> <span class='ocrx_word' id='word_1_67' title='bbox 1886 964 2171 1043; x_wconf 87' lang='lat' dir='ltr'>poterat,</span> <span class='ocrx_word' id='word_1_68' title='bbox 2225 953 2556 1023; x_wconf 82' lang='lat' dir='ltr'>dentibus</span> 
     </span>
     <span class='ocr_line' id='line_1_9' title="bbox 41 1040 2554 1131; baseline 0 -21"><span class='ocrx_word' id='word_1_69' title='bbox 41 1043 296 1131; x_wconf 80' lang='lat' dir='ltr'>propriis</span> <span class='ocrx_word' id='word_1_70' title='bbox 349 1042 682 1112; x_wconf 76' lang='lat' dir='ltr'>laniabat.</span> <span class='ocrx_word' id='word_1_71' title='bbox 739 1047 863 1111; x_wconf 89' lang='lat' dir='ltr'>Pro</span> <span class='ocrx_word' id='word_1_72' title='bbox 908 1060 1047 1128; x_wconf 90' lang='lat' dir='ltr'>quo</span> <span class='ocrx_word' id='word_1_73' title='bbox 1082 1040 1390 1111; x_wconf 90' lang='lat' dir='ltr'>triduum</span> <span class='ocrx_word' id='word_1_74' title='bbox 1433 1041 1504 1109; x_wconf 89' lang='lat' dir='ltr'>in</span> <span class='ocrx_word' id='word_1_75' title='bbox 1554 1042 1860 1111; x_wconf 90' lang='lat' dir='ltr'>oratione</span> <span class='ocrx_word' id='word_1_76' title='bbox 1910 1053 2315 1130; x_wconf 88' lang='lat' dir='ltr'>prostratus,</span> <span class='ocrx_word' id='word_1_77' title='bbox 2386 1042 2554 1113; x_wconf 88' lang='lat' dir='ltr'>obti-</span> 
     </span>
     <span class='ocr_line' id='line_1_10' title="bbox 41 1130 2549 1220; baseline 0.001 -23"><span class='ocrx_word' id='word_1_78' title='bbox 41 1131 162 1200; x_wconf 85' lang='lat' dir='ltr'>nuit</span> <span class='ocrx_word' id='word_1_79' title='bbox 207 1131 292 1200; x_wconf 86' lang='lat' dir='ltr'>ab</span> <span class='ocrx_word' id='word_1_80' title='bbox 332 1131 454 1201; x_wconf 90' lang='lat' dir='ltr'>illa</span> <span class='ocrx_word' id='word_1_81' title='bbox 502 1131 776 1200; x_wconf 85' lang='lat' dir='ltr'>divinae</span> <span class='ocrx_word' id='word_1_82' title='bbox 838 1130 1299 1200; x_wconf 80' lang='lat' dir='ltr'>miserationis</span> <span class='ocrx_word' id='word_1_83' title='bbox 1356 1131 1706 1218; x_wconf 87' lang='lat' dir='ltr'>potentia.</span> <span class='ocrx_word' id='word_1_84' title='bbox 1761 1142 1837 1199; x_wconf 91' lang='lat' dir='ltr'>ut</span> <span class='ocrx_word' id='word_1_85' title='bbox 1897 1130 2204 1220; x_wconf 88' lang='lat' dir='ltr'>mitigato</span> <span class='ocrx_word' id='word_1_86' title='bbox 2271 1130 2549 1213; x_wconf 85' lang='lat' dir='ltr'>furore,</span> 
     </span>
     <span class='ocr_line' id='line_1_11' title="bbox 45 1218 2555 1309; baseline 0.002 -23"><span class='ocrx_word' id='word_1_87' title='bbox 45 1220 217 1289; x_wconf 87' lang='lat' dir='ltr'>miser</span> <span class='ocrx_word' id='word_1_88' title='bbox 259 1221 468 1290; x_wconf 90' lang='lat' dir='ltr'>homo</span> <span class='ocrx_word' id='word_1_89' title='bbox 511 1220 998 1288; x_wconf 88' lang='lat' dir='ltr'>mundaretur:</span> <span class='ocrx_word' id='word_1_90' title='bbox 1050 1218 1522 1306; x_wconf 81' lang='lat' dir='ltr'>immissisque</span> <span class='ocrx_word' id='word_1_91' title='bbox 1571 1219 1640 1287; x_wconf 91' lang='lat' dir='ltr'>in</span> <span class='ocrx_word' id='word_1_92' title='bbox 1691 1241 1767 1289; x_wconf 90' lang='lat' dir='ltr'>os</span> <span class='ocrx_word' id='word_1_93' title='bbox 1799 1218 1950 1309; x_wconf 87' lang='lat' dir='ltr'>ejus</span> <span class='ocrx_word' id='word_1_94' title='bbox 1990 1219 2249 1308; x_wconf 88' lang='lat' dir='ltr'>digitis,</span> <span class='ocrx_word' id='word_1_95' title='bbox 2317 1218 2555 1309; x_wconf 79' lang='lat' dir='ltr'>fugato</span> 
     </span>
     <span class='ocr_line' id='line_1_12' title="bbox 47 1304 2558 1398; baseline 0.002 -26"><span class='ocrx_word' id='word_1_96' title='bbox 47 1304 235 1379; x_wconf 77' lang='lat' dir='ltr'>feralis</span> <span class='ocrx_word' id='word_1_97' title='bbox 264 1310 647 1379; x_wconf 78' lang='lat' dir='ltr'>atrocitatis</span> <span class='ocrx_word' id='word_1_98' title='bbox 696 1308 970 1398; x_wconf 88' lang='lat' dir='ltr'>spiritu,</span> <span class='ocrx_word' id='word_1_99' title='bbox 1035 1327 1398 1398; x_wconf 84' lang='lat' dir='ltr'>personam</span> <span class='ocrx_word' id='word_1_100' title='bbox 1454 1308 1747 1377; x_wconf 88' lang='lat' dir='ltr'>restituit</span> <span class='ocrx_word' id='word_1_101' title='bbox 1795 1307 2278 1377; x_wconf 85' lang='lat' dir='ltr'>incolumitati.</span> <span class='ocrx_word' id='word_1_102' title='bbox 2319 1308 2558 1378; x_wconf 85' lang='lat' dir='ltr'>Nullas</span> 
     </span>
     <span class='ocr_line' id='line_1_13' title="bbox 50 1392 2554 1486; baseline 0 -21"><span class='ocrx_word' id='word_1_103' title='bbox 50 1409 346 1467; x_wconf 78' lang='lat' dir='ltr'>vernante</span> <span class='ocrx_word' id='word_1_104' title='bbox 378 1418 542 1468; x_wconf 89' lang='lat' dir='ltr'>eum</span> <span class='ocrx_word' id='word_1_105' title='bbox 578 1397 754 1466; x_wconf 80' lang='lat' dir='ltr'>vires</span> <span class='ocrx_word' id='word_1_106' title='bbox 804 1392 1055 1466; x_wconf 86' lang='lat' dir='ltr'>habere</span> <span class='ocrx_word' id='word_1_107' title='bbox 1105 1408 1366 1486; x_wconf 86' lang='lat' dir='ltr'>poterat</span> <span class='ocrx_word' id='word_1_108' title='bbox 1415 1397 1883 1485; x_wconf 85' lang='lat' dir='ltr'>persuasionis</span> <span class='ocrx_word' id='word_1_109' title='bbox 1931 1397 2212 1484; x_wconf 90' lang='lat' dir='ltr'>iniquae</span> <span class='ocrx_word' id='word_1_110' title='bbox 2260 1398 2554 1486; x_wconf 87' lang='lat' dir='ltr'>praesti-</span> 
     </span>
     <span class='ocr_line' id='line_1_14' title="bbox 47 1484 2557 1582; baseline 0.001 -29"><span class='ocrx_word' id='word_1_111' title='bbox 47 1484 226 1582; x_wconf 82' lang='lat' dir='ltr'>gium.</span> <span class='ocrx_word' id='word_1_112' title='bbox 284 1492 452 1557; x_wconf 80' lang='lat' dir='ltr'>Nam</span> <span class='ocrx_word' id='word_1_113' title='bbox 498 1486 678 1556; x_wconf 86' lang='lat' dir='ltr'>sicut</span> <span class='ocrx_word' id='word_1_114' title='bbox 732 1485 881 1566; x_wconf 76' lang='lat' dir='ltr'>hoS,</span> <span class='ocrx_word' id='word_1_115' title='bbox 949 1486 1069 1572; x_wconf 91' lang='lat' dir='ltr'>qui</span> <span class='ocrx_word' id='word_1_116' title='bbox 1105 1485 1544 1567; x_wconf 82' lang='lat' dir='ltr'>vexabantur,</span> <span class='ocrx_word' id='word_1_117' title='bbox 1607 1485 2052 1566; x_wconf 89' lang='lat' dir='ltr'>emundabat,</span> <span class='ocrx_word' id='word_1_118' title='bbox 2114 1486 2205 1554; x_wconf 90' lang='lat' dir='ltr'>ita</span> <span class='ocrx_word' id='word_1_119' title='bbox 2254 1497 2321 1554; x_wconf 89' lang='lat' dir='ltr'>et</span> <span class='ocrx_word' id='word_1_120' title='bbox 2375 1505 2557 1572; x_wconf 85' lang='lat' dir='ltr'>quae</span> 
     </span>
     <span class='ocr_line' id='line_1_15' title="bbox 48 1574 2559 1675; baseline 0.004 -36"><span class='ocrx_word' id='word_1_121' title='bbox 48 1575 409 1645; x_wconf 80' lang='lat' dir='ltr'>immittebat</span> <span class='ocrx_word' id='word_1_122' title='bbox 457 1574 725 1645; x_wconf 88' lang='lat' dir='ltr'>occulte</span> <span class='ocrx_word' id='word_1_123' title='bbox 782 1575 1035 1644; x_wconf 90' lang='lat' dir='ltr'>atrocia</span> <span class='ocrx_word' id='word_1_124' title='bbox 1084 1586 1323 1644; x_wconf 88' lang='lat' dir='ltr'>auctor</span> <span class='ocrx_word' id='word_1_125' title='bbox 1369 1574 1706 1655; x_wconf 78' lang='lat' dir='ltr'>criminiS,</span> <span class='ocrx_word' id='word_1_126' title='bbox 1763 1574 2131 1664; x_wconf 88' lang='lat' dir='ltr'>repellebat</span> <span class='ocrx_word' id='word_1_127' title='bbox 2172 1595 2293 1675; x_wconf 88' lang='lat' dir='ltr'>per</span> <span class='ocrx_word' id='word_1_128' title='bbox 2324 1575 2559 1648; x_wconf 86' lang='lat' dir='ltr'>Crucis</span> 
     </span>
     <span class='ocr_line' id='line_1_16' title="bbox 46 1662 2554 1734; baseline 0.002 -6"><span class='ocrx_word' id='word_1_129' title='bbox 46 1664 514 1734; x_wconf 85' lang='lat' dir='ltr'>sacratissimae</span> <span class='ocrx_word' id='word_1_130' title='bbox 574 1665 921 1734; x_wconf 85' lang='lat' dir='ltr'>virtutem.</span> <span class='ocrx_word' id='word_1_131' title='bbox 998 1662 1357 1732; x_wconf 88' lang='lat' dir='ltr'>Leubellae</span> <span class='ocrx_word' id='word_1_132' title='bbox 1402 1665 1587 1731; x_wconf 91' lang='lat' dir='ltr'>enim</span> <span class='ocrx_word' id='word_1_133' title='bbox 1651 1662 1927 1732; x_wconf 90' lang='lat' dir='ltr'>cuidam</span> <span class='ocrx_word' id='word_1_134' title='bbox 1994 1663 2332 1732; x_wconf 76' lang='lat' dir='ltr'>foeminae</span> <span class='ocrx_word' id='word_1_135' title='bbox 2389 1685 2554 1733; x_wconf 89' lang='lat' dir='ltr'>cum</span> 
     </span>
     <span class='ocr_line' id='line_1_17' title="bbox 50 1750 2559 1842; baseline 0.002 -25"><span class='ocrx_word' id='word_1_136' title='bbox 50 1758 309 1841; x_wconf 85' lang='lat' dir='ltr'>tempore</span> <span class='ocrx_word' id='word_1_137' title='bbox 344 1752 487 1823; x_wconf 91' lang='lat' dir='ltr'>luis</span> <span class='ocrx_word' id='word_1_138' title='bbox 519 1752 710 1822; x_wconf 89' lang='lat' dir='ltr'>illius</span> <span class='ocrx_word' id='word_1_139' title='bbox 744 1752 1179 1842; x_wconf 83' lang='lat' dir='ltr'>inguinariae</span> <span class='ocrx_word' id='word_1_140' title='bbox 1212 1750 1533 1821; x_wconf 89' lang='lat' dir='ltr'>diabolus</span> <span class='ocrx_word' id='word_1_141' title='bbox 1568 1752 1933 1820; x_wconf 82' lang='lat' dir='ltr'>Martinum</span> <span class='ocrx_word' id='word_1_142' title='bbox 1971 1752 2320 1833; x_wconf 82' lang='lat' dir='ltr'>mentituS,</span> <span class='ocrx_word' id='word_1_143' title='bbox 2365 1751 2559 1821; x_wconf 82' lang='lat' dir='ltr'>obla-</span> 
     </span>
     <span class='ocr_line' id='line_1_18' title="bbox 50 1836 2559 1930; baseline 0.003 -27"><span class='ocrx_word' id='word_1_144' title='bbox 50 1836 248 1922; x_wconf 86' lang='lat' dir='ltr'>tiones,</span> <span class='ocrx_word' id='word_1_145' title='bbox 297 1842 559 1929; x_wconf 90' lang='lat' dir='ltr'>quibus</span> <span class='ocrx_word' id='word_1_146' title='bbox 588 1842 786 1929; x_wconf 89' lang='lat' dir='ltr'>quasi</span> <span class='ocrx_word' id='word_1_147' title='bbox 833 1840 1131 1930; x_wconf 89' lang='lat' dir='ltr'>populus</span> <span class='ocrx_word' id='word_1_148' title='bbox 1172 1840 1573 1920; x_wconf 73' lang='lat' dir='ltr'>salvaretur,</span> <span class='ocrx_word' id='word_1_149' title='bbox 1637 1841 1951 1927; x_wconf 90' lang='lat' dir='ltr'>nequiter</span> <span class='ocrx_word' id='word_1_150' title='bbox 1996 1840 2377 1922; x_wconf 87' lang='lat' dir='ltr'>obtulisset,</span> <span class='ocrx_word' id='word_1_151' title='bbox 2425 1841 2559 1910; x_wconf 88' lang='lat' dir='ltr'>hae</span> 
     </span>
     <span class='ocr_line' id='line_1_19' title="bbox 51 1925 2562 2018; baseline 0.002 -25"><span class='ocrx_word' id='word_1_152' title='bbox 51 1925 117 1994; x_wconf 86' lang='lat' dir='ltr'>ad</span> <span class='ocrx_word' id='word_1_153' title='bbox 158 1940 455 2000; x_wconf 82' lang='lat' dir='ltr'>sanctum</span> <span class='ocrx_word' id='word_1_154' title='bbox 503 1930 767 1999; x_wconf 88' lang='lat' dir='ltr'>delatae</span> <span class='ocrx_word' id='word_1_155' title='bbox 801 1950 936 1998; x_wconf 92' lang='lat' dir='ltr'>non</span> <span class='ocrx_word' id='word_1_156' title='bbox 987 1930 1238 2011; x_wconf 89' lang='lat' dir='ltr'>solum,</span> <span class='ocrx_word' id='word_1_157' title='bbox 1295 1929 1635 1998; x_wconf 83' lang='lat' dir='ltr'>revelante</span> <span class='ocrx_word' id='word_1_158' title='bbox 1667 1930 1926 2018; x_wconf 86' lang='lat' dir='ltr'>Spiritu</span> <span class='ocrx_word' id='word_1_159' title='bbox 1960 1934 2230 2010; x_wconf 90' lang='lat' dir='ltr'>Sancto,</span> <span class='ocrx_word' id='word_1_160' title='bbox 2262 1949 2562 1999; x_wconf 82' lang='lat' dir='ltr'>evanue-</span> 
     </span>
     <span class='ocr_line' id='line_1_20' title="bbox 52 2018 2553 2108; baseline 0.002 -28"><span class='ocrx_word' id='word_1_161' title='bbox 52 2028 200 2101; x_wconf 77' lang='lat' dir='ltr'>runt,</span> <span class='ocrx_word' id='word_1_162' title='bbox 236 2040 464 2089; x_wconf 85' lang='lat' dir='ltr'>verum</span> <span class='ocrx_word' id='word_1_163' title='bbox 505 2021 710 2088; x_wconf 88' lang='lat' dir='ltr'>etiam</span> <span class='ocrx_word' id='word_1_164' title='bbox 749 2019 894 2108; x_wconf 92' lang='lat' dir='ltr'>ipse</span> <span class='ocrx_word' id='word_1_165' title='bbox 941 2018 1253 2088; x_wconf 89' lang='lat' dir='ltr'>incentor</span> <span class='ocrx_word' id='word_1_166' title='bbox 1287 2018 1651 2100; x_wconf 88' lang='lat' dir='ltr'>malorum,</span> <span class='ocrx_word' id='word_1_167' title='bbox 1707 2032 1943 2087; x_wconf 88' lang='lat' dir='ltr'>sancto</span> <span class='ocrx_word' id='word_1_168' title='bbox 1993 2019 2382 2087; x_wconf 88' lang='lat' dir='ltr'>teterrimus</span> <span class='ocrx_word' id='word_1_169' title='bbox 2431 2038 2553 2108; x_wconf 87' lang='lat' dir='ltr'>ap-</span> 
     </span>
     <span class='ocr_line' id='line_1_21' title="bbox 56 2106 2557 2198; baseline 0.001 -27"><span class='ocrx_word' id='word_1_170' title='bbox 56 2122 281 2190; x_wconf 74' lang='lat' dir='ltr'>parens,</span> <span class='ocrx_word' id='word_1_171' title='bbox 317 2129 529 2195; x_wconf 87' lang='lat' dir='ltr'>quem</span> <span class='ocrx_word' id='word_1_172' title='bbox 564 2108 875 2194; x_wconf 89' lang='lat' dir='ltr'>nequiter</span> <span class='ocrx_word' id='word_1_173' title='bbox 898 2119 1223 2198; x_wconf 85' lang='lat' dir='ltr'>gesserat,</span> <span class='ocrx_word' id='word_1_174' title='bbox 1276 2106 1633 2176; x_wconf 87' lang='lat' dir='ltr'>confessus</span> <span class='ocrx_word' id='word_1_175' title='bbox 1681 2119 1805 2176; x_wconf 89' lang='lat' dir='ltr'>est.</span> <span class='ocrx_word' id='word_1_176' title='bbox 1860 2106 2124 2176; x_wconf 73' lang='lat' dir='ltr'>Transii</span> <span class='ocrx_word' id='word_1_177' title='bbox 2178 2118 2332 2175; x_wconf 91' lang='lat' dir='ltr'>urat</span> <span class='ocrx_word' id='word_1_178' title='bbox 2369 2108 2557 2175; x_wconf 89' lang='lat' dir='ltr'>enim</span> 
     </span>
     <span class='ocr_line' id='line_1_22' title="bbox 45 2194 2556 2286; baseline 0.001 -26"><span class='ocrx_word' id='word_1_179' title='bbox 45 2208 217 2282; x_wconf 60' lang='lat' dir='ltr'>saepe</span> <span class='ocrx_word' id='word_1_180' title='bbox 258 2197 581 2268; x_wconf 87' lang='lat' dir='ltr'>diabolus</span> <span class='ocrx_word' id='word_1_181' title='bbox 628 2217 700 2267; x_wconf 83' lang='lat' dir='ltr'>se</span> <span class='ocrx_word' id='word_1_182' title='bbox 746 2198 815 2265; x_wconf 91' lang='lat' dir='ltr'>in</span> <span class='ocrx_word' id='word_1_183' title='bbox 867 2196 1200 2286; x_wconf 78' lang='lat' dir='ltr'>Angelum</span> <span class='ocrx_word' id='word_1_184' title='bbox 1257 2194 1473 2276; x_wconf 89' lang='lat' dir='ltr'>lucis,</span> <span class='ocrx_word' id='word_1_185' title='bbox 1529 2208 1605 2265; x_wconf 89' lang='lat' dir='ltr'>ut</span> <span class='ocrx_word' id='word_1_186' title='bbox 1654 2196 1779 2266; x_wconf 81' lang='lat' dir='ltr'>hac</span> <span class='ocrx_word' id='word_1_187' title='bbox 1828 2194 2072 2264; x_wconf 88' lang='lat' dir='ltr'>fraude</span> <span class='ocrx_word' id='word_1_188' title='bbox 2168 2194 2414 2284; x_wconf 90' lang='lat' dir='ltr'>ecipiat</span> <span class='ocrx_word' id='word_1_189' title='bbox 2447 2196 2556 2263; x_wconf 91' lang='lat' dir='ltr'>in-</span> 
     </span>
     <span class='ocr_line' id='line_1_23' title="bbox 66 2296 2081 2357; baseline 0.002 -5"><span class='ocrx_word' id='word_1_190' title='bbox 66 2296 351 2355; x_wconf 83' lang='lat' dir='ltr'>nocentes.</span> <span class='ocrx_word' id='word_1_191' title='bbox 2071 2346 2081 2357; x_wconf 91' lang='lat'>.</span> 
     </span>
    </p>

    <p class='ocr_par' dir='ltr' id='par_1_3' title="bbox 60 2370 2577 4110">
     <span class='ocr_line' id='line_1_24' title="bbox 133 2370 2554 2456; baseline -0.001 -12"><span class='ocrx_word' id='word_1_192' title='bbox 133 2370 268 2456; x_wconf 63' lang='grc' dir='ltr'>ἐὸ.</span> <span class='ocrx_word' id='word_1_193' title='bbox 319 2373 444 2445; x_wconf 88' lang='lat' dir='ltr'>Sed</span> <span class='ocrx_word' id='word_1_194' title='bbox 481 2394 643 2444; x_wconf 89' lang='lat' dir='ltr'>cum</span> <span class='ocrx_word' id='word_1_195' title='bbox 686 2373 746 2442; x_wconf 91' lang='lat' dir='ltr'>ei</span> <span class='ocrx_word' id='word_1_196' title='bbox 787 2373 1037 2444; x_wconf 88' lang='lat' dir='ltr'>multas</span> <span class='ocrx_word' id='word_1_197' title='bbox 1073 2372 1435 2443; x_wconf 84' lang='lat' dir='ltr'>intentaret</span> <span class='ocrx_word' id='word_1_198' title='bbox 1483 2371 1800 2455; x_wconf 79' lang='lat' dir='ltr'>insidiaS,</span> <span class='ocrx_word' id='word_1_199' title='bbox 1858 2394 1941 2443; x_wconf 90' lang='lat' dir='ltr'>ne</span> <span class='ocrx_word' id='word_1_200' title='bbox 1974 2371 2084 2442; x_wconf 76' lang='lat' dir='ltr'>hie</span> <span class='ocrx_word' id='word_1_201' title='bbox 2133 2372 2554 2455; x_wconf 89' lang='lat' dir='ltr'>ascenderet,</span> 
     </span>
     <span class='ocr_line' id='line_1_25' title="bbox 70 2458 2555 2553; baseline 0.003 -30"><span class='ocrx_word' id='word_1_202' title='bbox 70 2458 330 2532; x_wconf 87' lang='lat' dir='ltr'>undeille</span> <span class='ocrx_word' id='word_1_203' title='bbox 348 2475 728 2544; x_wconf 87' lang='lat' dir='ltr'>corruerat,</span> <span class='ocrx_word' id='word_1_204' title='bbox 757 2463 1048 2532; x_wconf 83' lang='lat' dir='ltr'>immisit</span> <span class='ocrx_word' id='word_1_205' title='bbox 1079 2462 1142 2531; x_wconf 89' lang='lat' dir='ltr'>ei</span> <span class='ocrx_word' id='word_1_206' title='bbox 1163 2464 1671 2553; x_wconf 83' lang='lat' dir='ltr'>cogitationem,</span> <span class='ocrx_word' id='word_1_207' title='bbox 1700 2475 1774 2532; x_wconf 90' lang='lat' dir='ltr'>ut</span> <span class='ocrx_word' id='word_1_208' title='bbox 1799 2463 2281 2553; x_wconf 88' lang='lat' dir='ltr'>praetermissa</span> <span class='ocrx_word' id='word_1_209' title='bbox 2301 2465 2555 2544; x_wconf 78' lang='lat' dir='ltr'>eremo,</span> 
     </span>
     <span class='ocr_line' id='line_1_26' title="bbox 63 2544 2563 2644; baseline 0 -26"><span class='ocrx_word' id='word_1_210' title='bbox 63 2544 126 2644; x_wconf 71' lang='lat' dir='ltr'>ad</span> <span class='ocrx_word' id='word_1_211' title='bbox 153 2552 439 2622; x_wconf 89' lang='lat' dir='ltr'>seculum</span> <span class='ocrx_word' id='word_1_212' title='bbox 481 2553 723 2622; x_wconf 84' lang='lat' dir='ltr'>reverti</span> <span class='ocrx_word' id='word_1_213' title='bbox 765 2552 1063 2621; x_wconf 90' lang='lat' dir='ltr'>deberet.</span> <span class='ocrx_word' id='word_1_214' title='bbox 1105 2551 1230 2621; x_wconf 86' lang='lat' dir='ltr'>Sed</span> <span class='ocrx_word' id='word_1_215' title='bbox 1267 2574 1425 2621; x_wconf 92' lang='lat' dir='ltr'>cum</span> <span class='ocrx_word' id='word_1_216' title='bbox 1487 2564 1769 2622; x_wconf 89' lang='lat' dir='ltr'>sanctus</span> <span class='ocrx_word' id='word_1_217' title='bbox 1818 2553 2005 2622; x_wconf 80' lang='lat' dir='ltr'>virus</span> <span class='ocrx_word' id='word_1_218' title='bbox 2045 2552 2344 2641; x_wconf 89' lang='lat' dir='ltr'>grassari</span> <span class='ocrx_word' id='word_1_219' title='bbox 2403 2571 2563 2620; x_wconf 88' lang='lat' dir='ltr'>sen-</span> 
     </span>
     <span class='ocr_line' id='line_1_27' title="bbox 60 2638 2552 2733; baseline 0.003 -32"><span class='ocrx_word' id='word_1_220' title='bbox 60 2650 221 2733; x_wconf 63' lang='lat' dir='ltr'>sisset</span> <span class='ocrx_word' id='word_1_221' title='bbox 268 2641 334 2708; x_wconf 91' lang='lat' dir='ltr'>in</span> <span class='ocrx_word' id='word_1_222' title='bbox 379 2653 676 2730; x_wconf 86' lang='lat' dir='ltr'>pectore,</span> <span class='ocrx_word' id='word_1_223' title='bbox 732 2641 798 2709; x_wconf 93' lang='lat' dir='ltr'>in</span> <span class='ocrx_word' id='word_1_224' title='bbox 864 2641 1170 2709; x_wconf 89' lang='lat' dir='ltr'>oratione</span> <span class='ocrx_word' id='word_1_225' title='bbox 1228 2653 1606 2728; x_wconf 87' lang='lat' dir='ltr'>prostratus</span> <span class='ocrx_word' id='word_1_226' title='bbox 1642 2640 1927 2729; x_wconf 89' lang='lat' dir='ltr'>petebat,</span> <span class='ocrx_word' id='word_1_227' title='bbox 1981 2653 2058 2710; x_wconf 91' lang='lat' dir='ltr'>ut</span> <span class='ocrx_word' id='word_1_228' title='bbox 2107 2641 2277 2709; x_wconf 90' lang='lat' dir='ltr'>nihil</span> <span class='ocrx_word' id='word_1_229' title='bbox 2332 2638 2552 2721; x_wconf 89' lang='lat' dir='ltr'>aliud,</span> 
     </span>
     <span class='ocr_line' id='line_1_28' title="bbox 61 2725 2565 2819; baseline 0.004 -32"><span class='ocrx_word' id='word_1_230' title='bbox 61 2725 164 2792; x_wconf 76' lang='lat' dir='ltr'>nisi</span> <span class='ocrx_word' id='word_1_231' title='bbox 190 2728 357 2813; x_wconf 89' lang='lat' dir='ltr'>quod</span> <span class='ocrx_word' id='word_1_232' title='bbox 396 2735 532 2799; x_wconf 88' lang='lat' dir='ltr'>Deo</span> <span class='ocrx_word' id='word_1_233' title='bbox 563 2740 742 2799; x_wconf 86' lang='lat' dir='ltr'>esset</span> <span class='ocrx_word' id='word_1_234' title='bbox 821 2729 1131 2809; x_wconf 87' lang='lat' dir='ltr'>lacitum,</span> <span class='ocrx_word' id='word_1_235' title='bbox 1165 2742 1527 2798; x_wconf 82' lang='lat' dir='ltr'>exerceret.</span> <span class='ocrx_word' id='word_1_236' title='bbox 1583 2735 1772 2798; x_wconf 88' lang='lat' dir='ltr'>Tunc</span> <span class='ocrx_word' id='word_1_237' title='bbox 1807 2729 2128 2818; x_wconf 89' lang='lat' dir='ltr'>apparuit</span> <span class='ocrx_word' id='word_1_238' title='bbox 2167 2729 2229 2798; x_wconf 90' lang='lat' dir='ltr'>ei</span> <span class='ocrx_word' id='word_1_239' title='bbox 2264 2728 2565 2819; x_wconf 77' lang='lat' dir='ltr'>Angelus</span> 
     </span>
     <span class='ocr_line' id='line_1_29' title="bbox 62 2812 2558 2908; baseline 0.003 -29"><span class='ocrx_word' id='word_1_240' title='bbox 62 2812 284 2907; x_wconf 72' lang='lat' dir='ltr'>Domini</span> <span class='ocrx_word' id='word_1_241' title='bbox 309 2840 428 2908; x_wconf 89' lang='lat' dir='ltr'>per</span> <span class='ocrx_word' id='word_1_242' title='bbox 453 2820 707 2900; x_wconf 88' lang='lat' dir='ltr'>visum,</span> <span class='ocrx_word' id='word_1_243' title='bbox 798 2819 1019 2889; x_wconf 88' lang='lat' dir='ltr'>icens:</span> <span class='ocrx_word' id='word_1_244' title='bbox 1067 2840 1103 2883; x_wconf 88' lang='lat'>«</span> <span class='ocrx_word' id='word_1_245' title='bbox 1140 2818 1205 2887; x_wconf 89' lang='lat' dir='ltr'>Si</span> <span class='ocrx_word' id='word_1_246' title='bbox 1244 2819 1344 2886; x_wconf 88' lang='lat' dir='ltr'>vis</span> <span class='ocrx_word' id='word_1_247' title='bbox 1377 2817 1717 2887; x_wconf 91' lang='lat' dir='ltr'>mundum</span> <span class='ocrx_word' id='word_1_248' title='bbox 1748 2819 1996 2899; x_wconf 91' lang='lat' dir='ltr'>videre,</span> <span class='ocrx_word' id='word_1_249' title='bbox 2025 2840 2180 2887; x_wconf 89' lang='lat' dir='ltr'>ecce</span> <span class='ocrx_word' id='word_1_250' title='bbox 2206 2818 2558 2901; x_wconf 88' lang='lat' dir='ltr'>columna,</span> 
     </span>
     <span class='ocr_line' id='line_1_30' title="bbox 62 2903 2562 2997; baseline -0 -24"><span class='ocrx_word' id='word_1_251' title='bbox 62 2918 114 2966; x_wconf 83' lang='lat' dir='ltr'>ln</span> <span class='ocrx_word' id='word_1_252' title='bbox 148 2923 335 2988; x_wconf 87' lang='lat' dir='ltr'>quam</span> <span class='ocrx_word' id='word_1_253' title='bbox 366 2906 773 2988; x_wconf 89' lang='lat' dir='ltr'>ascendens,</span> <span class='ocrx_word' id='word_1_254' title='bbox 825 2903 1292 2996; x_wconf 88' lang='lat' dir='ltr'>contemplare</span> <span class='ocrx_word' id='word_1_255' title='bbox 1338 2907 1574 2975; x_wconf 89' lang='lat' dir='ltr'>omnia</span> <span class='ocrx_word' id='word_1_256' title='bbox 1638 2928 1813 2993; x_wconf 90' lang='lat' dir='ltr'>quae</span> <span class='ocrx_word' id='word_1_257' title='bbox 1852 2920 2189 2997; x_wconf 90' lang='lat' dir='ltr'>geruntur</span> <span class='ocrx_word' id='word_1_258' title='bbox 2239 2907 2302 2974; x_wconf 93' lang='lat' dir='ltr'>in</span> <span class='ocrx_word' id='word_1_259' title='bbox 2355 2928 2457 2975; x_wconf 90' lang='lat' dir='ltr'>eo.</span> <span class='ocrx_word' id='word_1_260' title='bbox 2524 2928 2562 2972; x_wconf 85' lang='lat'><strong>»</strong></span> 
     </span>
     <span class='ocr_line' id='line_1_31' title="bbox 64 2988 2563 3086; baseline 0.004 -33"><span class='ocrx_word' id='word_1_261' title='bbox 64 2988 188 3086; x_wconf 73' lang='lat' dir='ltr'>Erat</span> <span class='ocrx_word' id='word_1_262' title='bbox 213 3007 425 3065; x_wconf 88' lang='lat' dir='ltr'>autem</span> <span class='ocrx_word' id='word_1_263' title='bbox 461 3008 620 3066; x_wconf 87' lang='lat' dir='ltr'>ante</span> <span class='ocrx_word' id='word_1_264' title='bbox 649 3017 808 3066; x_wconf 90' lang='lat' dir='ltr'>eum</span> <span class='ocrx_word' id='word_1_265' title='bbox 845 3018 964 3084; x_wconf 89' lang='lat' dir='ltr'>per</span> <span class='ocrx_word' id='word_1_266' title='bbox 1013 2996 1232 3084; x_wconf 88' lang='lat' dir='ltr'>ipsam</span> <span class='ocrx_word' id='word_1_267' title='bbox 1292 2995 1621 3064; x_wconf 88' lang='lat' dir='ltr'>visionem</span> <span class='ocrx_word' id='word_1_268' title='bbox 1656 2994 1982 3064; x_wconf 91' lang='lat' dir='ltr'>columna</span> <span class='ocrx_word' id='word_1_269' title='bbox 2032 2995 2247 3064; x_wconf 89' lang='lat' dir='ltr'>mirae</span> <span class='ocrx_word' id='word_1_270' title='bbox 2278 2995 2563 3065; x_wconf 90' lang='lat' dir='ltr'>celsitu-</span> 
     </span>
     <span class='ocr_line' id='line_1_32' title="bbox 66 3073 2559 3172; baseline 0.004 -31"><span class='ocrx_word' id='word_1_271' title='bbox 66 3073 215 3149; x_wconf 78' lang='lat' dir='ltr'>dinis</span> <span class='ocrx_word' id='word_1_272' title='bbox 243 3082 589 3155; x_wconf 90' lang='lat' dir='ltr'>collocata.</span> <span class='ocrx_word' id='word_1_273' title='bbox 628 3089 705 3155; x_wconf 90' lang='lat' dir='ltr'>In</span> <span class='ocrx_word' id='word_1_274' title='bbox 743 3105 951 3172; x_wconf 87' lang='lat' dir='ltr'>quam</span> <span class='ocrx_word' id='word_1_275' title='bbox 980 3083 1384 3164; x_wconf 88' lang='lat' dir='ltr'>ascendens,</span> <span class='ocrx_word' id='word_1_276' title='bbox 1414 3083 1581 3153; x_wconf 88' lang='lat' dir='ltr'>vidit</span> <span class='ocrx_word' id='word_1_277' title='bbox 1615 3082 2012 3164; x_wconf 89' lang='lat' dir='ltr'>homicidia,</span> <span class='ocrx_word' id='word_1_278' title='bbox 2050 3082 2254 3164; x_wconf 88' lang='lat' dir='ltr'>furta,</span> <span class='ocrx_word' id='word_1_279' title='bbox 2293 3083 2559 3167; x_wconf 79' lang='lat' dir='ltr'>caedeS‚</span> 
     </span>
     <span class='ocr_line' id='line_1_33' title="bbox 64 3164 2560 3262; baseline 0.003 -29"><span class='ocrx_word' id='word_1_280' title='bbox 64 3164 377 3252; x_wconf 79' lang='lat' dir='ltr'>adulteria,</span> <span class='ocrx_word' id='word_1_281' title='bbox 414 3172 918 3250; x_wconf 87' lang='lat' dir='ltr'>fornicationes,</span> <span class='ocrx_word' id='word_1_282' title='bbox 961 3185 1025 3242; x_wconf 91' lang='lat' dir='ltr'>et</span> <span class='ocrx_word' id='word_1_283' title='bbox 1063 3173 1297 3242; x_wconf 90' lang='lat' dir='ltr'>omnia</span> <span class='ocrx_word' id='word_1_284' title='bbox 1328 3194 1535 3262; x_wconf 85' lang='lat' dir='ltr'>prava</span> <span class='ocrx_word' id='word_1_285' title='bbox 1584 3193 1762 3259; x_wconf 89' lang='lat' dir='ltr'>quae</span> <span class='ocrx_word' id='word_1_286' title='bbox 1783 3184 2117 3262; x_wconf 88' lang='lat' dir='ltr'>geruntur</span> <span class='ocrx_word' id='word_1_287' title='bbox 2145 3172 2211 3240; x_wconf 93' lang='lat' dir='ltr'>in</span> <span class='ocrx_word' id='word_1_288' title='bbox 2263 3171 2560 3251; x_wconf 90' lang='lat' dir='ltr'>mundo;</span> 
     </span>
     <span class='ocr_line' id='line_1_34' title="bbox 65 3254 2569 3348; baseline 0.002 -25"><span class='ocrx_word' id='word_1_289' title='bbox 65 3263 115 3318; x_wconf 79' lang='lat' dir='ltr'>et</span> <span class='ocrx_word' id='word_1_290' title='bbox 151 3254 576 3344; x_wconf 87' lang='lat' dir='ltr'>descendens,</span> <span class='ocrx_word' id='word_1_291' title='bbox 621 3263 753 3332; x_wconf 90' lang='lat' dir='ltr'>ait:</span> <span class='ocrx_word' id='word_1_292' title='bbox 810 3284 846 3329; x_wconf 91' lang='lat'>«</span> <span class='ocrx_word' id='word_1_293' title='bbox 881 3266 972 3331; x_wconf 88' lang='lat' dir='ltr'>Ne</span> <span class='ocrx_word' id='word_1_294' title='bbox 1019 3283 1297 3348; x_wconf 84' lang='lat' dir='ltr'>quaeso,</span> <span class='ocrx_word' id='word_1_295' title='bbox 1357 3261 1659 3343; x_wconf 87' lang='lat' dir='ltr'>Domine,</span> <span class='ocrx_word' id='word_1_296' title='bbox 1716 3272 2012 3330; x_wconf 89' lang='lat' dir='ltr'>revertar</span> <span class='ocrx_word' id='word_1_297' title='bbox 2060 3260 2140 3328; x_wconf 92' lang='lat' dir='ltr'>ad</span> <span class='ocrx_word' id='word_1_298' title='bbox 2181 3260 2306 3329; x_wconf 91' lang='lat' dir='ltr'>has</span> <span class='ocrx_word' id='word_1_299' title='bbox 2393 3260 2569 3328; x_wconf 88' lang='lat' dir='ltr'>ravi·</span> 
     </span>
     <span class='ocr_line' id='line_1_35' title="bbox 67 3348 2565 3434; baseline -0.003 -10"><span class='ocrx_word' id='word_1_300' title='bbox 67 3349 221 3424; x_wconf 84' lang='lat' dir='ltr'>tates,</span> <span class='ocrx_word' id='word_1_301' title='bbox 258 3369 426 3434; x_wconf 89' lang='lat' dir='ltr'>quas</span> <span class='ocrx_word' id='word_1_302' title='bbox 458 3349 724 3421; x_wconf 83' lang='lat' dir='ltr'>d‘udum</span> <span class='ocrx_word' id='word_1_303' title='bbox 780 3364 838 3420; x_wconf 89' lang='lat' dir='ltr'>te</span> <span class='ocrx_word' id='word_1_304' title='bbox 886 3349 1266 3431; x_wconf 81' lang='lat' dir='ltr'>confessus,</span> <span class='ocrx_word' id='word_1_305' title='bbox 1307 3349 1564 3419; x_wconf 88' lang='lat' dir='ltr'>oblitus</span> <span class='ocrx_word' id='word_1_306' title='bbox 1614 3372 1792 3420; x_wconf 89' lang='lat' dir='ltr'>sum.</span> <span class='ocrx_word' id='word_1_307' title='bbox 1828 3371 1864 3416; x_wconf 83' lang='lat'><strong>»</strong></span> <span class='ocrx_word' id='word_1_308' title='bbox 1914 3353 2101 3417; x_wconf 88' lang='lat' dir='ltr'>Tunc</span> <span class='ocrx_word' id='word_1_309' title='bbox 2148 3349 2243 3417; x_wconf 88' lang='lat' dir='ltr'>ait</span> <span class='ocrx_word' id='word_1_310' title='bbox 2281 3348 2328 3416; x_wconf 92' lang='lat' dir='ltr'>il</span> <span class='ocrx_word' id='word_1_311' title='bbox 2367 3349 2384 3415; x_wconf 92' lang='lat' dir='ltr'>i</span> <span class='ocrx_word' id='word_1_312' title='bbox 2435 3352 2565 3417; x_wconf 83' lang='lat' dir='ltr'>An·</span> 
     </span>
     <span class='ocr_line' id='line_1_36' title="bbox 68 3428 2560 3539; baseline 0.004 -44"><span class='ocrx_word' id='word_1_313' title='bbox 68 3428 249 3514; x_wconf 83' lang='lat' dir='ltr'>gelus,</span> <span class='ocrx_word' id='word_1_314' title='bbox 283 3439 398 3523; x_wconf 85' lang='lat' dir='ltr'>qui</span> <span class='ocrx_word' id='word_1_315' title='bbox 444 3462 602 3509; x_wconf 90' lang='lat' dir='ltr'>cum</span> <span class='ocrx_word' id='word_1_316' title='bbox 639 3461 718 3509; x_wconf 93' lang='lat' dir='ltr'>eo</span> <span class='ocrx_word' id='word_1_317' title='bbox 752 3438 1201 3527; x_wconf 89' lang='lat' dir='ltr'>loquebatur:</span> <span class='ocrx_word' id='word_1_318' title='bbox 1258 3461 1294 3506; x_wconf 89' lang='lat'>«</span> <span class='ocrx_word' id='word_1_319' title='bbox 1333 3439 1574 3510; x_wconf 90' lang='lat' dir='ltr'>Desine</span> <span class='ocrx_word' id='word_1_320' title='bbox 1620 3459 1783 3539; x_wconf 88' lang='lat' dir='ltr'>ergo</span> <span class='ocrx_word' id='word_1_321' title='bbox 1822 3459 2151 3526; x_wconf 84' lang='lat' dir='ltr'>quaerere</span> <span class='ocrx_word' id='word_1_322' title='bbox 2194 3436 2560 3537; x_wconf 80' lang='lat' dir='ltr'>mundum,</span> 
     </span>
     <span class='ocr_line' id='line_1_37' title="bbox 69 3527 2566 3616; baseline 0.001 -27"><span class='ocrx_word' id='word_1_323' title='bbox 69 3534 136 3584; x_wconf 81' lang='lat' dir='ltr'>ne</span> <span class='ocrx_word' id='word_1_324' title='bbox 166 3542 380 3607; x_wconf 86' lang='lat' dir='ltr'>pereas</span> <span class='ocrx_word' id='word_1_325' title='bbox 409 3549 567 3597; x_wconf 90' lang='lat' dir='ltr'>cum</span> <span class='ocrx_word' id='word_1_326' title='bbox 600 3549 713 3608; x_wconf 89' lang='lat' dir='ltr'>eo;</span> <span class='ocrx_word' id='word_1_327' title='bbox 768 3527 881 3597; x_wconf 90' lang='lat' dir='ltr'>sed</span> <span class='ocrx_word' id='word_1_328' title='bbox 920 3528 1147 3616; x_wconf 90' lang='lat' dir='ltr'>potius</span> <span class='ocrx_word' id='word_1_329' title='bbox 1180 3527 1349 3596; x_wconf 86' lang='lat' dir='ltr'>vade</span> <span class='ocrx_word' id='word_1_330' title='bbox 1376 3527 1442 3597; x_wconf 93' lang='lat' dir='ltr'>in</span> <span class='ocrx_word' id='word_1_331' title='bbox 1478 3538 1880 3609; x_wconf 77' lang='lat' dir='ltr'>oratorium,</span> <span class='ocrx_word' id='word_1_332' title='bbox 1918 3528 1985 3595; x_wconf 91' lang='lat' dir='ltr'>in</span> <span class='ocrx_word' id='word_1_333' title='bbox 2020 3547 2157 3614; x_wconf 91' lang='lat' dir='ltr'>quo</span> <span class='ocrx_word' id='word_1_334' title='bbox 2200 3530 2566 3594; x_wconf 77' lang='lat' dir='ltr'>Dominum</span> 
     </span>
     <span class='ocr_line' id='line_1_38' title="bbox 71 3601 2569 3713; baseline 0.002 -37"><span class='ocrx_word' id='word_1_335' title='bbox 71 3601 431 3711; x_wconf 53' lang='lat' dir='ltr'>depreceris</span> <span class='ocrx_word' id='word_1_336' title='bbox 483 3628 545 3686; x_wconf 92' lang='lat' dir='ltr'>et</span> <span class='ocrx_word' id='word_1_337' title='bbox 592 3616 773 3705; x_wconf 91' lang='lat' dir='ltr'>quod</span> <span class='ocrx_word' id='word_1_338' title='bbox 836 3617 931 3685; x_wconf 89' lang='lat' dir='ltr'>ibi</span> <span class='ocrx_word' id='word_1_339' title='bbox 982 3616 1345 3697; x_wconf 56' lang='lat' dir='ltr'>inveneris</span> <span class='ocrx_word' id='word_1_340' title='bbox 1395 3617 1523 3687; x_wconf 88' lang='lat' dir='ltr'>hoc</span> <span class='ocrx_word' id='word_1_341' title='bbox 1578 3616 1700 3685; x_wconf 92' lang='lat' dir='ltr'>tibi</span> <span class='ocrx_word' id='word_1_342' title='bbox 1742 3617 1871 3686; x_wconf 92' lang='lat' dir='ltr'>erit</span> <span class='ocrx_word' id='word_1_343' title='bbox 1909 3615 2286 3685; x_wconf 88' lang='lat' dir='ltr'>consolatio</span> <span class='ocrx_word' id='word_1_344' title='bbox 2326 3614 2394 3681; x_wconf 90' lang='lat' dir='ltr'>in</span> <span class='ocrx_word' id='word_1_345' title='bbox 2451 3634 2569 3713; x_wconf 78' lang='lat' dir='ltr'>pe·</span> 
     </span>
     <span class='ocr_line' id='line_1_39' title="bbox 73 3702 2572 3796; baseline 0.003 -34"><span class='ocrx_word' id='word_1_346' title='bbox 73 3702 483 3782; x_wconf 78' lang='lat' dir='ltr'>regrinatione</span> <span class='ocrx_word' id='word_1_347' title='bbox 540 3716 681 3775; x_wconf 90' lang='lat' dir='ltr'>tua.</span> <span class='ocrx_word' id='word_1_348' title='bbox 739 3726 777 3771; x_wconf 81' lang='lat'><strong>»</strong></span> <span class='ocrx_word' id='word_1_349' title='bbox 826 3709 1188 3796; x_wconf 87' lang='lat' dir='ltr'>Ingressus</span> <span class='ocrx_word' id='word_1_350' title='bbox 1254 3706 1466 3795; x_wconf 86' lang='lat' dir='ltr'>igitur</span> <span class='ocrx_word' id='word_1_351' title='bbox 1526 3705 1847 3774; x_wconf 90' lang='lat' dir='ltr'>cellulam</span> <span class='ocrx_word' id='word_1_352' title='bbox 1914 3704 2239 3783; x_wconf 88' lang='lat' dir='ltr'>oratorii,</span> <span class='ocrx_word' id='word_1_353' title='bbox 2309 3702 2572 3771; x_wconf 81' lang='lat' dir='ltr'>invenit</span> 
     </span>
     <span class='ocr_line' id='line_1_40' title="bbox 73 3785 2577 3882; baseline 0.002 -29"><span class='ocrx_word' id='word_1_354' title='bbox 73 3785 331 3872; x_wconf 75' lang='lat' dir='ltr'>tegulam</span> <span class='ocrx_word' id='word_1_355' title='bbox 370 3791 672 3875; x_wconf 85' lang='lat' dir='ltr'>fictilem,</span> <span class='ocrx_word' id='word_1_356' title='bbox 729 3793 797 3863; x_wconf 89' lang='lat' dir='ltr'>in</span> <span class='ocrx_word' id='word_1_357' title='bbox 847 3815 985 3881; x_wconf 87' lang='lat' dir='ltr'>qua</span> <span class='ocrx_word' id='word_1_358' title='bbox 1033 3794 1310 3882; x_wconf 89' lang='lat' dir='ltr'>signum</span> <span class='ocrx_word' id='word_1_359' title='bbox 1365 3793 1600 3863; x_wconf 84' lang='lat' dir='ltr'>Crucis</span> <span class='ocrx_word' id='word_1_360' title='bbox 1642 3794 2036 3864; x_wconf 90' lang='lat' dir='ltr'>Dominicae</span> <span class='ocrx_word' id='word_1_361' title='bbox 2082 3804 2226 3862; x_wconf 87' lang='lat' dir='ltr'>erat</span> <span class='ocrx_word' id='word_1_362' title='bbox 2275 3791 2577 3879; x_wconf 84' lang='lat' dir='ltr'>impres-</span> 
     </span>
     <span class='ocr_line' id='line_1_41' title="bbox 73 3879 2571 3970; baseline -0.002 -18"><span class='ocrx_word' id='word_1_363' title='bbox 73 3885 241 3952; x_wconf 83' lang='lat' dir='ltr'>sum;</span> <span class='ocrx_word' id='word_1_364' title='bbox 287 3899 796 3970; x_wconf 83' lang='lat' dir='ltr'>agnoscensque</span> <span class='ocrx_word' id='word_1_365' title='bbox 859 3903 1116 3952; x_wconf 88' lang='lat' dir='ltr'>munus</span> <span class='ocrx_word' id='word_1_366' title='bbox 1179 3882 1490 3950; x_wconf 88' lang='lat' dir='ltr'>divinum</span> <span class='ocrx_word' id='word_1_367' title='bbox 1525 3935 1542 3960; x_wconf 88' lang='lat'>,</span> <span class='ocrx_word' id='word_1_368' title='bbox 1611 3881 1944 3951; x_wconf 88' lang='lat' dir='ltr'>intellexit</span> <span class='ocrx_word' id='word_1_369' title='bbox 2014 3879 2147 3950; x_wconf 89' lang='lat' dir='ltr'>sibi</span> <span class='ocrx_word' id='word_1_370' title='bbox 2197 3879 2282 3948; x_wconf 87' lang='lat' dir='ltr'>ad</span> <span class='ocrx_word' id='word_1_371' title='bbox 2332 3879 2571 3948; x_wconf 86' lang='lat' dir='ltr'>omnia</span> 
     </span>
     <span class='ocr_line' id='line_1_42' title="bbox 78 3963 2570 4110; baseline 0.004 -82"><span class='ocrx_word' id='word_1_372' title='bbox 78 3963 426 4110; x_wconf 35' lang='lat' dir='ltr'>:It-undenae</span> <span class='ocrx_word' id='word_1_373' title='bbox 476 3972 944 4062; x_wconf 87' lang='lat' dir='ltr'>persuasionis</span> <span class='ocrx_word' id='word_1_374' title='bbox 994 3971 1438 4041; x_wconf 82' lang='lat' dir='ltr'>incitamenta</span> <span class='ocrx_word' id='word_1_375' title='bbox 1487 3971 1614 4039; x_wconf 82' lang='lat' dir='ltr'>hoc</span> <span class='ocrx_word' id='word_1_376' title='bbox 1660 3991 1810 4041; x_wconf 88' lang='lat' dir='ltr'>esse</span> <span class='ocrx_word' id='word_1_377' title='bbox 1845 3968 2382 4061; x_wconf 86' lang='lat' dir='ltr'>inexpugnabile</span> <span class='ocrx_word' id='word_1_378' title='bbox 2419 3989 2570 4037; x_wconf 93' lang='lat' dir='ltr'>mu-</span> 
     </span>
    </p>

    <p class='ocr_par' dir='ltr' id='par_1_4' title="bbox 117 4065 441 4126">
     <span class='ocr_line' id='line_1_43' title="bbox 117 4065 441 4126; baseline 0.034 -10"><span class='ocrx_word' id='word_1_379' title='bbox 117 4065 441 4126; x_wconf 77' lang='lat' dir='ltr'>truentum.</span> 
     </span>
    </p>

    <p class='ocr_par' dir='ltr' id='par_1_5' title="bbox 84 4137 2571 4415">
     <span class='ocr_line' id='line_1_44' title="bbox 143 4137 2570 4233; baseline 0.001 -22"><span class='ocrx_word' id='word_1_380' title='bbox 143 4137 305 4233; x_wconf 57' lang='lat' dir='ltr'>§ss</span> <span class='ocrx_word' id='word_1_381' title='bbox 376 4152 527 4218; x_wconf 88' lang='lat' dir='ltr'>Post</span> <span class='ocrx_word' id='word_1_382' title='bbox 592 4148 757 4218; x_wconf 81' lang='lat' dir='ltr'>haec</span> <span class='ocrx_word' id='word_1_383' title='bbox 819 4148 1204 4218; x_wconf 81' lang='lat' dir='ltr'>aedificavit</span> <span class='ocrx_word' id='word_1_384' title='bbox 1255 4147 1743 4216; x_wconf 89' lang='lat' dir='ltr'>monasterium</span> <span class='ocrx_word' id='word_1_385' title='bbox 1811 4146 2369 4222; x_wconf 88' lang='lat' dir='ltr'>Columbariense</span> <span class='ocrx_word' id='word_1_386' title='bbox 2416 4145 2451 4180; x_wconf 69' lang='lat'>¹*</span> <span class='ocrx_word' id='word_1_387' title='bbox 2499 4145 2570 4214; x_wconf 92' lang='lat' dir='ltr'>in</span> 
     </span>
     <span class='ocr_line' id='line_1_45' title="bbox 84 4223 2571 4325; baseline 0.002 -29"><span class='ocrx_word' id='word_1_388' title='bbox 84 4223 451 4324; x_wconf 66' lang='lat' dir='ltr'>milliaribus</span> <span class='ocrx_word' id='word_1_389' title='bbox 489 4238 796 4324; x_wconf 89' lang='lat' dir='ltr'>quinque</span> <span class='ocrx_word' id='word_1_390' title='bbox 822 4259 857 4306; x_wconf 90' lang='lat' dir='ltr'>a</span> <span class='ocrx_word' id='word_1_391' title='bbox 891 4237 1143 4307; x_wconf 88' lang='lat' dir='ltr'>cellula</span> <span class='ocrx_word' id='word_1_392' title='bbox 1174 4236 1410 4315; x_wconf 88' lang='lat' dir='ltr'>eremi,</span> <span class='ocrx_word' id='word_1_393' title='bbox 1447 4236 1515 4302; x_wconf 91' lang='lat' dir='ltr'>in</span> <span class='ocrx_word' id='word_1_394' title='bbox 1549 4258 1688 4323; x_wconf 89' lang='lat' dir='ltr'>qua</span> <span class='ocrx_word' id='word_1_395' title='bbox 1728 4235 2118 4305; x_wconf 84' lang='lat' dir='ltr'>habitabat:</span> <span class='ocrx_word' id='word_1_396' title='bbox 2171 4247 2234 4304; x_wconf 92' lang='lat' dir='ltr'>et</span> <span class='ocrx_word' id='word_1_397' title='bbox 2283 4256 2571 4325; x_wconf 85' lang='lat' dir='ltr'>congre-</span> 
     </span>
     <span class='ocr_line' id='line_1_46' title="bbox 87 4322 2565 4415; baseline 0.006 -39"><span class='ocrx_word' id='word_1_398' title='bbox 87 4322 228 4394; x_wconf 78' lang='lat' dir='ltr'>gatis</span> <span class='ocrx_word' id='word_1_399' title='bbox 262 4326 623 4407; x_wconf 77' lang='lat' dir='ltr'>monachiS,</span> <span class='ocrx_word' id='word_1_400' title='bbox 676 4327 849 4395; x_wconf 89' lang='lat' dir='ltr'>utin</span> <span class='ocrx_word' id='word_1_401' title='bbox 886 4325 1258 4397; x_wconf 91' lang='lat' dir='ltr'>solitudine</span> <span class='ocrx_word' id='word_1_402' title='bbox 1309 4324 1523 4393; x_wconf 90' lang='lat' dir='ltr'>libero</span> <span class='ocrx_word' id='word_1_403' title='bbox 1559 4324 1786 4415; x_wconf 90' lang='lat' dir='ltr'>potius</span> <span class='ocrx_word' id='word_1_404' title='bbox 1826 4323 2225 4415; x_wconf 85' lang='lat' dir='ltr'>fungeretur</span> <span class='ocrx_word' id='word_1_405' title='bbox 2257 4324 2565 4403; x_wconf 88' lang='lat' dir='ltr'>arbitrio,</span> 
     </span>
    </p>
   </div>
   <div class='ocr_carea' id='block_1_3' title="bbox 131 4432 1249 4504">
    <p class='ocr_par' dir='ltr' id='par_1_6' title="bbox 131 4432 1249 4504">
     <span class='ocr_line' id='line_1_47' title="bbox 131 4432 1249 4504; baseline 0.001 -12"><span class='ocrx_word' id='word_1_406' title='bbox 131 4432 153 4459; x_wconf 78' lang='lat'>⁸</span> <span class='ocrx_word' id='word_1_407' title='bbox 175 4436 307 4492; x_wconf 70' lang='lat' dir='ltr'>Vulgo</span> <span class='ocrx_word' id='word_1_408' title='bbox 324 4448 590 4494; x_wconf 54' lang='lat' dir='ltr'>caumont-2.</span> <span class='ocrx_word' id='word_1_409' title='bbox 610 4452 731 4502; x_wconf 68' lang='lat' dir='ltr'>span</span> <span class='ocrx_word' id='word_1_410' title='bbox 750 4452 985 4502; x_wconf 71' lang='lat' dir='ltr'>Bituriges</span> <span class='ocrx_word' id='word_1_411' title='bbox 1007 4451 1249 4504; x_wconf 61' lang='lat' dir='ltr'>(souma).</span> 
     </span>
    </p>
   </div>
  </div>
 </body>
</html>
