2993 4837
539 303 666 365 336
1116 320 1192 363 ne
1240 319 1293 364 s.
1350 317 1720 363 wuceuano
1772 317 1967 364 celse.
2023 317 2330 362 narmensi
2680 296 2836 361 Not.
2881 304 2912 359 8

450 403 732 487 quidam
778 416 843 471 et
889 402 1184 471 sanioris
1224 399 1524 479 consilii,
1579 401 1699 486 qui
1752 422 1938 468 more
1987 401 2209 489 gentis
2271 414 2447 469 sorte
2493 399 2909 489 experiendum

450 492 779 572 dicerent,
827 512 994 559 num
1050 503 1265 559 morte
1305 489 1716 559 afficiendus
1763 503 1960 558 esset.
2017 488 2142 558 Sed
2195 502 2436 578 agente
2483 488 2684 556 divina
2732 488 2915 576 provi-

452 580 707 660 denua,
764 601 912 651 sors
968 602 1126 647 eum
1184 599 1319 647 non
1384 578 1632 668 attigit.
1692 582 1928 664 Itaque
1978 576 2263 647 liberam
2327 578 2386 645 ei
2428 577 2629 645 fecere
2668 574 2915 646 abeundi
2965 602 2966 631 i

453 683 876 758 potestatem.
915 667 1061 737 lllis
1094 688 1255 756 ergo
1291 666 1568 747 relictis,
1609 667 1790 736 venit
1847 667 1914 734 in
1977 667 2322 736 Drentiam
2356 665 2412 745 ⁴⁸,
2447 667 2559 735 ubi
2594 663 2769 732 multi
2801 664 2921 751 ejus
2961 718 2966 753 „

452 757 959 846 praedicatione
991 755 1326 834 conversi,
1355 755 1798 824 crediderunt
1837 755 1904 822 in
1935 755 2308 834 Christum,
2346 768 2412 823 et
2444 754 2737 843 baptizati
2769 768 2918 821 sunt.
2961 760 2966 823 l

451 853 656 915 Porro
689 844 1016 935 discipuli
1064 846 1240 934 ejuS,
1279 843 1513 912 divino
1552 865 1668 913 eos
1720 843 2113 932 impellente
2151 866 2408 924 amore,
2449 843 2764 912 idolorum
2801 840 2922 909 fana
2963 884 2964 899 η

450 934 765 1003 demoliri
816 934 1294 1004 conabantur:
1351 932 1464 1001 sed
1518 932 1583 1000 id
1642 932 1915 1001 barbari
1961 932 2443 1002 molestissime
2490 932 2797 1007 serentes,
2841 951 2964 1005 eosi

453 1023 797 1091 trucidare
845 1022 1230 1091 voluerunt.
1270 1026 1519 1092 Caesus
1569 1033 1713 1090 tum
1763 1019 2063 1091 fustibus
2103 1035 2205 1091 est
2256 1022 2494 1090 beatus
2545 1018 2926 1091 Witletiadus.

450 1123 516 1179 et
556 1111 811 1181 multae
856 1112 918 1180 ei
971 1111 1212 1201 plagae
1245 1110 1610 1199 impositae
1657 1121 1841 1178 sunt.
1882 1109 2175 1192 Quidam
2233 1132 2386 1179 vero
2432 1132 2512 1178 ex
2560 1108 2707 1188 illis,
2743 1107 2928 1176 distri·

450 1214 556 1269 cto
616 1200 847 1290 gladio
896 1201 962 1267 in
1014 1222 1171 1268 eum
1225 1199 1448 1278 irruit,
1503 1212 1567 1267 et
1614 1212 1822 1286 caput
1878 1201 1938 1267 ei
1989 1211 2351 1288 amputare
2402 1197 2650 1269 voluit:
2709 1197 2815 1264 sed
2858 1198 2927 1263 vir

454 1304 735 1358 sanctus
790 1289 1083 1370 thecam,
1129 1288 1195 1355 in
1247 1309 1383 1374 qua
1435 1291 1837 1357 Sanctorum
1891 1287 2222 1373 reliquiae
2273 1288 2562 1361 inerant,
2600 1287 2675 1354 ad
2722 1283 2926 1354 collum

453 1398 861 1463 suspensam
937 1375 1248 1445 habebat.
1304 1380 1542 1462 Itaque
1610 1376 1786 1444 ictus
1855 1375 1968 1444 ille
2041 1377 2108 1444 in
2183 1376 2334 1462 eius
2380 1393 2588 1464 caput
2655 1375 2925 1443 vibratus

454 1478 713 1550 partem
766 1465 1043 1552 quidem
1100 1464 1451 1554 ligaminis
1506 1465 1736 1534 thecae
1775 1462 2077 1543 discidit,
2116 1448 2232 1533 sed
2277 1488 2434 1534 cum
2493 1485 2762 1553 prorsus
2804 1458 2928 1531 nihil

455 1553 669 1623 laesit.
710 1560 799 1622 Eo
851 1552 1185 1622 miraculo
1237 1554 1486 1643 pagani
1538 1552 1776 1631 territi,
1817 1552 2011 1622 illum
2050 1576 2209 1623 cum
2248 1552 2614 1637 discipulis
2649 1552 2926 1625 illaesum,

451 1665 491 1710 a
540 1666 610 1712 se
658 1642 1095 1710 dimiserunt.

543 1734 708 1818 §4
766 1737 971 1801 Porro
1032 1729 1530 1799 invictissimus
1599 1735 2014 1799 Francorum
2069 1735 2207 1800 Rex
2273 1730 2553 1801 Carolus
2603 1731 2698 1808 *ἢ
2755 1728 2932 1797 auditi

451 1820 602 1908 ejus
651 1818 853 1900 famu,
910 1840 1065 1888 eum
1124 1819 1395 1907 egregie
1443 1818 1776 1887 animavit
1824 1817 1906 1887 ad
1969 1819 2486 1909 propagandam
2548 1819 2783 1887 Christi
2827 1814 2932 1885 reli·

453 1910 753 1997 gionem,
791 1909 1046 1977 veritus
1094 1929 1179 1975 ne
1226 1906 1483 1977 fractus
1519 1907 1818 1993 injuriis,
1859 1930 1894 1975 a
1949 1907 2409 1996 praedicando
2461 1909 2662 1977 verbo
2705 1907 2932 1976 Deices-

453 2011 654 2066 saret.
723 2003 890 2067 Tum
951 1997 1213 2066 veroin
1269 1995 1720 2085 Wigmodiam
1773 1996 1876 2031 w*
1925 2019 1996 2066 se
2044 1996 2426 2075 conferens,
2481 1996 2798 2066 ecclesias
2837 1993 2932 2062 illie

451 2084 801 2165 condidit,
856 2098 921 2154 et
991 2083 1325 2175 populum
1393 2084 1676 2154 salutari
1749 2086 2251 2174 praedicatione
2304 2085 2624 2155 alacriter
2667 2083 2928 2155 erudivit

453 2176 756 2261 Denique
804 2196 987 2244 anno
1054 2174 1299 2243 Christi
1349 2173 1960 2262 septingentesimo
2019 2175 2702 2265 octogesimoprim0‚
2753 2190 2932 2242 omnes

454 2264 767 2333 Frisones
817 2263 1264 2332 circumcirca
1307 2262 1678 2352 degentes,
1735 2263 2192 2332 Christianam
2246 2264 2450 2332 fidem
2506 2286 2576 2334 se
2636 2256 2932 2352 complecti

451 2352 623 2423 velle
675 2354 1160 2442 promiserunt.
1190 2351 1313 2421 Sed
1356 2373 1541 2421 anno
1576 2351 1771 2421 tertio
1791 2351 2258 2423 Wedekindus
2280 2352 2416 2388 *μ’
2445 2358 2784 2423 Saxonum
2816 2349 2914 2418 dux

453 2456 866 2532 congregato
914 2443 1257 2520 exercitu,
1315 2440 1647 2511 adversus
1697 2441 2009 2510 Carolum
2073 2448 2321 2529 Regem
2375 2441 2749 2522 rebellavit,
2799 2437 2934 2509 chri-

454 2531 851 2616 stianosque
915 2531 1252 2618 persequi,
1301 2542 1365 2598 et
1413 2552 1447 2597 e
1507 2531 1653 2598 suis
1715 2531 1975 2599 finibus
2028 2532 2390 2622 profligare
2437 2532 2686 2620 coepit.
2751 2529 2816 2598 ld
2856 2523 2932 2596 ubi

452 2621 785 2707 comperit
818 2619 915 2686 vir
939 2619 1052 2687 Dei
1082 2618 1529 2698 willehadus,
1565 2618 1736 2687 abiit
1767 2618 1836 2687 in
1868 2620 2183 2688 Utriustri
2217 2620 2415 2687 “⁴⁴5
2441 2620 2558 2689 sed
2600 2621 2696 2688 ibi
2726 2633 2938 2706 quoque

456 2708 929 2775 imminentem
987 2707 1555 2794 persecutionem,
1611 2707 1858 2777 Christi
1910 2709 2330 2800 benignitate
2368 2709 2606 2777 evasit.
2648 2708 2933 2777 luderem

455 2799 739 2864 Romam
796 2796 1263 2884 proficiscens,
1302 2819 1461 2865 cum
1507 2797 1926 2865 sanctissimi
1978 2798 2328 2867 Pontificis
2365 2797 2651 2867 Adriani
2689 2793 2934 2866 consola·

454 2884 634 2951 tione
682 2883 1032 2953 animatus
1077 2897 1276 2964 esset,
1336 2886 1405 2953 in
1459 2885 1814 2954 Franciam
1889 2886 2109 2956 laetus
2162 2886 2381 2956 rediit.
2439 2892 2517 2955 In
2583 2885 2704 2956 illo
2762 2886 2934 2954 itineoe

451 2971 736 3040 scutella
784 2973 936 3061 ejus
984 2973 1166 3042 linea
1214 2973 1595 3052 confracta,
1640 2974 1946 3043 creditur
1999 2977 2259 3045 meritis
2307 2977 2459 3064 ejus
2510 2977 2932 3064 redintegrata.

543 3063 578 3147 ἓ
624 3067 713 3131 5.
752 3066 959 3130 Porro
999 3075 1225 3132 autem
1270 3062 1506 3131 Carolo
1556 3067 1974 3132 Francorum
2015 3068 2194 3154 Rege
2233 3066 2545 3154 jubente,
2589 3066 2659 3133 in
2707 3066 2934 3152 Wigme

453 3149 637 3218 diam
694 3172 1029 3231 reversus,
1072 3151 1313 3219 Christi
1369 3151 1574 3219 fidem
1635 3151 1910 3240 publice
1959 3166 2022 3220 et
2071 3168 2346 3222 strenue
2399 3153 2828 3243 praedicavit,
2863 3148 2936 3215 de

452 3252 845 3325 structaque
896 3240 1148 3329 templa
1194 3239 1640 3309 instauravit:
1686 3253 2110 3327 conatusque
2149 3263 2263 3311 eos
2307 3243 2598 3311 Domino
2639 3242 2936 3332 adjuvante

450 3341 512 3394 et
566 3343 1031 3416 prosperante,
1068 3327 1306 3397 eodem
1344 3350 1527 3398 anno
1564 3329 1877 3398 Frisones
1912 3329 2116 3398 fidem
2157 3330 2428 3406 Christi,
2461 3353 2499 3399 a
2549 3354 2689 3418 qua
2737 3328 2960 3397 desere*

454 3429 629 3496 rant,
687 3439 930 3485 rursus
987 3415 1323 3504 complexi
1378 3431 1583 3486 sunt:
1638 3432 1842 3504 atque
1899 3419 2099 3487 etiam
2173 3420 2646 3490 Wedekindus
2696 3421 2842 3509 ipse,
2876 3429 2936 3481 to-

453 3508 587 3573 tius
627 3505 787 3573 mali
822 3519 1083 3587 auctor,
1123 3506 1287 3595 Regi
1324 3505 1561 3575 Carolo
1595 3528 1664 3574 se
1697 3507 2134 3590 submittenS,
2171 3508 2494 3598 baptismi
2527 3511 2806 3599 gratiam
2835 3523 2937 3596 perf

453 3594 655 3683 cepit.
694 3594 975 3663 Carolus
1016 3607 1242 3663 autem
1275 3600 1412 3663 Rex
1457 3616 1616 3664 cum
1664 3609 1841 3665 esset
1885 3599 2295 3667 wormatiae
2322 3598 2554 3678 ⁴²⁸⁸&
2588 3618 2835 3669 servum
2860 3597 2934 3661 Det

448 3682 907 3752 Willehadum
964 3683 1374 3773 Episcopum
1412 3685 1801 3753 consecrari
1834 3685 2078 3722 ”⁸⁴⁸⁸
2112 3686 2344 3768 voluit,
2403 3687 2695 3775 ideoque
2739 3686 2934 3754 sactum

449 3785 550 3841 est
587 3774 779 3840 tertio
824 3771 989 3841 ldus
1036 3771 1226 3841 Julii.
1267 3772 1429 3861 Ejus
1480 3785 1709 3842 autem
1767 3776 2118 3862 paroeciae
2167 3776 2460 3864 subjecit
2510 3773 2931 3867 wigmodiam.

450 3865 691 3941 Haras,
752 3861 1096 3940 Utriustri,
1151 3864 1528 3950 Astergam,
1567 3867 1895 3952 Wangam
1935 3878 1997 3934 et
2031 3864 2362 3933 Noerden.
2403 3869 2478 3932 Et
2533 3866 2674 3934 illic
2718 3860 2932 3950 quidem

450 3951 722 4037 primus
757 3951 1137 4039 Episcopus
1172 3949 1299 4019 fuit
1330 3952 1569 4020 beatus
1595 3951 2057 4022 Willehadus:
2099 3955 2161 4021 in
2199 3954 2344 4042 ipsa
2382 3967 2612 4023 autem
2652 3950 2934 4023 functione

501 4113 525 4137 Ψ
558 4110 751 4151 brontia
778 4114 847 4151 est
873 4113 1148 4152 Uoltumnae
1172 4109 1432 4162 provincia.

504 4165 553 4191 '⁶²’
585 4163 782 4204 Carolus
802 4167 1013 4214 Magnus.
1032 4164 1291 4205 Galliarum
1312 4176 1393 4205 rex
1416 4168 1461 4204 et
1483 4165 1749 4205 Occidentis
1773 4165 2039 4215 imperator.
2064 4167 2170 4207 Vita
2191 4169 2387 4209 furetus
2408 4175 2482 4209 est
2505 4181 2630 4210 anno
2649 4172 2730 4209 814.

504 4219 585 4244 *Ψ*
618 4221 686 4256 Ita
708 4217 1039 4259 nominabatur
1060 4221 1202 4268 regio,
1221 4229 1341 4267 quae
1361 4220 1487 4258 inter
1506 4217 1700 4258 flumina
1719 4221 1968 4268 wisurgim
1991 4223 2169 4268 wrm-er)
2191 4225 2238 4261 ct
2255 4221 2409 4262 Albim
2426 4223 2574 4271 (Elbo)
2593 4223 2680 4264 sita
2699 4227 2773 4261 est.

507 4271 611 4326 *²2*
648 4272 868 4319 tritri-inst,
892 4273 1227 4312 celeberrimus
1248 4273 1481 4312 Saxonum
1504 4273 1612 4314 dux.
1632 4274 1726 4320 qul,
1747 4279 1850 4321 pra-it
1873 4273 2000 4313 varia
2024 4273 2134 4315 belli
2157 4277 2439 4316 discrimina.
2460 4280 2651 4318 tandem
2671 4273 2801 4316 carot!
2819 4271 2926 4309 Mucii

455 4331 567 4361 armi
584 4335 594 4352 ⁴
624 4326 856 4368 “chartus-¹,
875 4336 1037 4374 pacem
1061 4333 1103 4366 ct
1127 4328 1429 4376 baptismum,
1451 4336 1573 4365 anno
1594 4329 1684 4371 'ta-5,
1704 4329 1854 4374 petiit.

509 4383 523 4400 ’¹
538 4378 611 4400 *Μ
626 4379 641 4394 ’⁴
680 4379 949 4418 (firman-um
974 4389 1037 4420 cst
1066 4382 1242 4420 ,Irim-tri
1258 4392 1369 4430 pars
1392 4380 1597 4421 exterior
1618 4391 1760 4430 prope
1781 4392 1930 4422 maret
1967 4383 2246 4421 &brinnon-um
2269 4390 2376 4431 pars
2398 4382 2611 4423 interior.

506 4429 671 4456 *ww*
706 4431 858 4472 Germ.
896 4434 1077 4474 Worms.
1758 4441 1773 4462 ²¹
1789 4437 1948 4462 *⁸2⁸¹*st
1978 4438 2109 4477 Anno
2131 4437 2221 4484 737,
2238 4437 2313 4478 die
2339 4437 2386 4476 13
2402 4437 2529 4485 julii.
