2993 4837
223 324 297 387 3
806 348 890 394 οε
940 349 995 394 s.
1048 346 1366 395 nauscam
1413 348 1513 393 tr.
1567 348 1909 394 manamine
2458 330 2541 393 93

245 462 254 491 ο
294 427 647 522 obtinuit,
692 429 890 518 quod
932 431 1034 500 vir
1064 429 1488 519 Apostolicus
1539 431 1752 501 lucris
1786 430 2009 519 potius
2044 429 2481 501 uberioribus
2514 453 2627 499 oc-

240 517 447 589 udum
482 519 939 589 decerneret.
971 525 1100 589 Nec
1133 532 1355 589 tamen
1391 521 1678 590 omnino
1703 520 2072 590 frustratus
2094 530 2197 587 est
2227 541 2266 588 a
2291 518 2630 588 desiderio

235 608 449 684 ssui,
505 609 632 679 cui
705 608 887 678 mori
932 608 1050 688 ibi,
1105 608 1232 677 etsi
1288 630 1422 680 non
1477 609 1719 690 vivere,
1775 608 2106 678 donatum
2157 620 2282 677 est.
2329 613 2624 677 Mensem

235 728 248 781 ¹.
306 719 404 767 «m
439 697 609 768 fecit
660 698 736 767 in
797 697 995 778 Urbe,
1041 697 1188 766 loca
1236 712 1469 768 sancta
1510 697 2024 788 perambulanS,
2077 708 2140 766 et
2191 695 2632 784 frequentans

247 834 266 843 --
323 786 690 857 orationis,
746 789 1054 872 Cumque
1091 808 1211 876 per
1257 787 1323 855 id
1378 788 1704 876 temporis
1753 807 1958 875 saepe
2002 807 2081 854 ac
2128 785 2497 875 diligenter
2544 785 2630 856 ab

247 887 295 947 ·t
337 876 424 945 ab
474 875 587 945 bis
637 875 763 963 qui
813 898 972 945 cum
1033 896 1112 944 eo
1160 887 1385 956 erant,
1458 897 1778 945 summus
1831 873 2134 944 Pontifex
2182 874 2626 961 inquisisset,

276 964 558 1055 patriae,
608 986 836 1034 mores
869 964 1114 1054 gentiS,
1155 975 1404 1033 statum
1444 963 1930 1044 Ecclesiarum,
1962 977 2027 1033 et
2064 975 2318 1049 quanta
2352 964 2420 1034 in
2456 976 2632 1034 terra

236 1104 252 1116 -.
312 1075 435 1144 per
478 1075 640 1124 eum
693 1065 1019 1143 operatus
1054 1052 1324 1123 fuisset:
1369 1053 1632 1143 paranti
1659 1053 1803 1142 jam
1857 1053 2227 1153 repatriare
2283 1053 2631 1123 commisit

237 1194 249 1202 -
308 1164 501 1224 suaS,
549 1163 671 1233 per
720 1141 1109 1210 universam
1150 1142 1546 1211 Hiberniam
1588 1140 1885 1231 legatum
1940 1140 2135 1210 illum
2171 1143 2620 1213 constituens.

254 1229 565 1301 ificatum
604 1230 944 1318 siquidem
979 1242 1122 1299 erat
1153 1232 1213 1299 ei
1264 1232 1350 1300 ab
1391 1230 1726 1320 Episcopo
1773 1228 2162 1311 GillebertO,
2215 1230 2360 1316 qui,
2417 1242 2630 1300 utsu-

259 1319 825 1398 memoravimuS,
884 1331 1047 1388 tunc
1083 1318 1348 1409 legatus
1386 1319 1717 1399 extiterat,
1775 1318 1957 1405 quod
2013 1319 2159 1408 jam
2205 1340 2337 1387 non
2405 1332 2634 1409 posset

235 1440 237 1447 ¹
288 1408 484 1478 senio
531 1422 597 1477 et
650 1407 998 1477 debilitate
1046 1408 1352 1498 corporis
1406 1406 1732 1476 villicare.
1789 1412 1944 1478 Post
1994 1407 2159 1478 haec
2218 1409 2381 1497 petit
2431 1409 2632 1478 Mala·

248 1518 285 1567 s
336 1496 736 1567 confirmari
815 1517 1026 1565 novae
1078 1495 1472 1587 metropolis
1520 1496 2074 1566 constitutionem
2140 1507 2204 1564 et
2268 1497 2630 1584 utriusque

253 1618 260 1623 ·
306 1585 517 1686 pallia
564 1585 695 1654 sibi
725 1584 899 1653 dari.
937 1589 1015 1653 Et
1054 1585 1599 1656 confirmationis
1639 1585 1915 1672 quidem
1985 1584 2418 1675 privilegium
2479 1608 2631 1655 mox

236 1687 394 1765 pit:
446 1679 597 1743 «De
636 1673 867 1763 palliis
914 1687 1140 1742 autem
1189 1674 1315 1763 (ait
1360 1696 1682 1744 summus
1716 1672 2049 1762 Pontifex)
2072 1686 2333 1763 oportet
2382 1673 2631 1743 solem-

236 1796 242 1823 :
301 1786 339 1832 a
395 1764 439 1831 i.
512 1763 907 1832 Convocatis
954 1762 1332 1852 Episcopis,
1392 1775 1455 1831 et
1504 1761 1802 1843 clericis,
1855 1775 1919 1831 et
1970 1762 2349 1852 majoribus
2385 1774 2627 1844 terrae,

238 1786 471 1922 braffiis
543 1851 859 1942 generale
905 1851 1317 1921 concilium:
1384 1853 1594 1920 etsie
1641 1850 2073 1920 conniventia
2142 1864 2207 1920 et
2273 1853 2627 1920 communi

289 1942 763 2010 universorum
820 1962 938 2029 per
988 1940 1306 2010 honestas
1360 1961 1687 2029 personas
1751 1939 2111 2026 requiretis
2163 1939 2446 2028 pallium
2479 1994 2498 2020 ,
2562 1953 2629 2009 et

243 2028 377 2097 ‘tur
412 2028 696 2099 vobis.»
752 2028 1003 2097 Deinde
1051 2027 1295 2098 tollens
1330 2028 1653 2098 mithram
1705 2027 1789 2097 de
1836 2028 2058 2117 capite
2091 2051 2240 2107 suo,
2299 2029 2634 2118 imposuit

290 2117 306 2130 ’
356 2118 545 2205 ejus:
605 2117 717 2186 sed
762 2130 826 2186 et
874 2116 1115 2186 stolam
1168 2139 1323 2186 cum
1392 2116 1748 2207 manipulo
1798 2114 1984 2185 dedit
2040 2115 2171 2197 illi,
2230 2117 2485 2203 quibus
2533 2118 2631 2186 uti

236 2214 252 2267 -ἵ
326 2205 748 2276 offerendum
803 2205 1081 2276 solebat.
1138 2211 1213 2275 Et
1261 2205 1632 2275 salutatum
1687 2205 1753 2274 in
1816 2204 2054 2275 osculo
2126 2205 2314 2293 pacis
2370 2204 2635 2274 dimisit

270 2347 289 2376 ‚
332 2293 712 2385 Apostolica
746 2293 991 2364 fultum
1030 2294 1500 2364 benedictione
1543 2306 1608 2364 et
1645 2290 2065 2363 auctoritate.
2105 2293 2233 2377 Qui
2296 2306 2636 2362 revertens

258 2382 797 2464 claramvallem,
856 2404 1049 2453 suam
1089 2383 1462 2453 secundam
1505 2381 1703 2454 nobis
1738 2382 2026 2473 largitus
2075 2395 2174 2453 est
2216 2380 2633 2452 benedictio-

236 2505 287 2539 ·.
324 2478 395 2542 Et
440 2473 573 2541 alta
626 2472 924 2563 suspiria
976 2473 1276 2553 trahens,
1332 2472 1511 2560 quod
1569 2494 1700 2542 non
1747 2471 1974 2541 liceret
2010 2472 2142 2542 sibi
2173 2494 2294 2562 pro
2342 2493 2468 2541 suo
2514 2471 2635 2541 de·

236 2613 238 2616 -
287 2560 355 2630 ‘o
388 2583 774 2631 remanere:
821 2585 856 2626 «
894 2566 1054 2642 HoS‚
1094 2563 1340 2648 inquit,
1399 2562 1672 2630 interim
1726 2583 1848 2650 pro
1878 2583 2006 2642 me,
2047 2583 2189 2641 or0,
2233 2572 2307 2631 ut
2356 2561 2634 2631 retinea-

248 2650 370 2737 qui
404 2673 439 2718 a
498 2649 690 2719 vobis
730 2650 1025 2732 discant,
1076 2651 1258 2737 quod
1315 2672 1437 2720 nos
1488 2650 1924 2751 postmodum
1981 2650 2291 2719 doceant.
2332 2674 2367 2715 »
2418 2655 2494 2718 Et
2543 2650 2636 2717 in-

242 2758 265 2803 :
314 2743 591 2807 «Erunt
652 2739 849 2808 nobis
898 2740 965 2807 in
1020 2760 1290 2819 semen,
1360 2752 1425 2807 et
1483 2761 1554 2807 m
1624 2739 1885 2807 semine
1956 2739 2085 2808 isto
2150 2739 2638 2808 benedicentur

391 2840 455 2896 et
505 2826 661 2896 illae
708 2840 966 2916 gentes,
1020 2850 1194 2915 quae
1243 2851 1279 2896 a
1334 2827 1582 2897 diebus
1630 2827 1933 2914 antiquis
1993 2827 2313 2898 monachi
2353 2827 2631 2915 quidem

386 2916 780 2995 audierunt,
815 2917 1228 2985 monachum
1269 2938 1401 2984 non
1440 2916 1829 2985 viderunt.»
1880 2921 1955 2985 Et
1989 2916 2296 2987 dimissis
2339 2930 2638 3004 quatuor

259 3006 391 3073 're
438 3027 588 3084 su0,
647 3006 837 3074 abiit.
892 3006 1017 3088 Qui
1073 3005 1375 3095 probati,
1427 3020 1493 3074 et
1526 3003 1718 3094 digni
1774 3005 2050 3085 inventi,
2107 3006 2424 3075 monachi
2478 3005 2635 3074 tacti

241 3102 289 3161 t.
328 3096 479 3163 Post
527 3094 806 3180 aliquod
849 3106 1143 3183 tempus,
1182 3116 1336 3162 cum
1383 3093 1528 3181 jam
1566 3115 1686 3161 san
1815 3117 1846 3163 s
1901 3106 2078 3163 esset
2128 3094 2192 3161 in
2255 3106 2432 3162 terra
2480 3116 2629 3174 sua,

236 3179 289 3250 't
325 3181 518 3264 alioS,
573 3196 637 3251 et
683 3183 767 3252 de
817 3180 954 3251 illis
1002 3182 1255 3252 sactum
1307 3196 1407 3252 est
1462 3181 1706 3251 similit
1790 3234 1802 3247 .
1858 3181 2123 3264 Quibus
2160 3205 2279 3271 per
2324 3182 2637 3269 aliquan-

300 3281 572 3361 tempus
606 3271 983 3351 instructiS,
1019 3283 1083 3339 et
1126 3270 1415 3341 eruditis
1453 3271 1658 3339 corde
1707 3270 1773 3339 in
1813 3269 2171 3361 sapientia,
2226 3269 2383 3339 dato
2430 3272 2530 3341 eis
2564 3271 2631 3338 in

264 3380 357 3427 ·m
392 3372 630 3429 sancto
660 3359 866 3428 fratre
904 3360 1312 3440 Christiano,
1347 3361 1463 3446 qui
1496 3372 1641 3427 erat
1692 3381 1873 3428 unus
1911 3380 1990 3427 ex
2025 3358 2215 3448 ipsiS,
2271 3360 2634 3445 omisimus

289 3447 742 3538 adjungentes
791 3448 875 3516 de
919 3448 1190 3530 nostriS,
1243 3448 1483 3535 quanti
1534 3447 1925 3517 sufficerent
1964 3446 2048 3515 ad
2097 3468 2459 3517 numerum
2513 3449 2640 3516 Ab·

252 3556 340 3604 e.
396 3541 581 3619 Quae
611 3537 948 3625 concepit,
985 3549 1051 3605 et
1144 3537 1359 3628 eperit
1408 3537 1587 3605 filias
1650 3537 1979 3624 quinque:
2032 3548 2097 3605 et
2145 3536 2242 3605 sic
2300 3533 2637 3623 multipli-

297 3625 583 3708 semim,
640 3626 950 3716 augescit
997 3626 1063 3694 in
1124 3627 1217 3695 ies
1267 3647 1600 3695 numerus
1647 3624 2167 3705 monachorum,
2215 3625 2409 3711 juxta
2458 3623 2639 3692 desi-

221 3735 366 3814 um
430 3712 509 3814 et‘
532 3710 935 3784 vaticinium
990 3714 1380 3784 Malachiae.
1437 3719 1631 3784 Nunc
1675 3715 1820 3803 jam
1874 3724 2261 3802 repetamus
2328 3713 2638 3782 ordinem

260 3815 538 3871 ationis.

221 3895 401 3963 12.
458 3890 828 3961 Malachias
871 3891 1211 3980 profectus
1260 3914 1298 3959 a
1344 3891 1563 3972 nobiS,
1625 3911 1946 3980 prospere
2005 3890 2305 3979 pervenit
2358 3890 2423 3958 in
2482 3895 2640 3962 Sco-

217 3987 230 3998 “·
432 3980 841 4050 Perveniens
892 4002 1045 4049 vero
1092 3981 1177 4049 ad
1232 3991 1500 4069 portum
1540 3979 1929 4069 Lapasperi,
1986 3979 2346 4047 transitum
2402 3979 2493 4049 ibi
2527 4003 2642 4071 per

238 4082 357 4139 uot
402 4069 551 4139 dies
589 4068 1172 4158 praestolabatur:
1209 4068 1324 4138 sed
1366 4088 1554 4137 mora
1595 4068 1879 4135 minime
1906 4066 2175 4135 transiit
2207 4068 2442 4136 otiosa.
2477 4076 2644 4140 Con-

216 4158 383 4228 itur
444 4158 726 4228 interim
779 4157 862 4226 de
933 4158 1141 4248 virgis
1191 4158 1257 4226 in
1311 4178 1541 4246 sepem
1595 4156 1788 4224 textis
1836 4154 2207 4225 oratorium
2240 4209 2258 4234 ,
2334 4156 2480 4246 ipso
2532 4160 2644 4244 ju·

227 4275 238 4334 .'
272 4277 318 4330 ·,
368 4248 525 4339 ipso
576 4258 903 4335 operante
969 4248 1242 4335 pariter.
1298 4251 1860 4314 consummatum
1913 4243 2368 4312 circumdedit
2417 4245 2638 4315 vallo:

216 4381 218 4386 r
262 4358 296 4407 e
326 4337 750 4437 interjacens
788 4335 1085 4424 spatium
1139 4335 1206 4402 in
1241 4332 1725 4403 coemeterium
1779 4330 2145 4400 benedixit.
2201 4336 2374 4400 Sane
2404 4336 2646 4403 merita

246 4426 613 4505 dicentis,
692 4422 1020 4493 miracula
1084 4425 1247 4493 satis
1317 4419 1705 4490 declarant:
1777 4441 1953 4505 quae
2007 4439 2225 4504 usque
2290 4419 2492 4490 bodie
2552 4421 2649 4488 ibi

2705 4506 2792 4557 „f
