2993 4837
494 315 577 376 40
1258 333 1332 376 ne
1386 332 1714 377 tineamus
1764 332 2108 379 oeruncris
2679 315 2851 379 Νῦν.
2901 319 2932 378 Ξ

403 425 788 483 sanctorum
815 437 1041 503 preces
1081 417 1149 482 in
1190 417 1317 500 hac
1348 439 1611 506 quoque
1643 419 1808 495 vita,
1849 418 2091 484 nedum
2121 429 2264 502 post
2297 428 2593 496 mortem,
2623 419 2695 485 in
2724 420 2805 486 iis
2831 422 2936 507 qai

404 505 651 571 sanctis
680 505 982 587 precibus
1015 504 1213 593 diyni
1245 515 1438 579 sunt,
1503 506 1624 572 hoc
1675 516 1770 573 est
1813 506 1949 594 piis
1982 528 2062 573 ac
2097 508 2230 595 fide
2257 508 2608 596 praeditis,
2664 506 2936 595 efficaces

408 614 564 659 esse.
622 596 788 671 (Non
842 605 942 658 est
991 606 1215 659 autem
1268 593 1587 672 dubium,
1626 594 1791 678 quin
1834 594 1958 661 hoc
2009 594 2154 662 loco
2214 616 2331 680 per
2382 596 2694 663 vocuiam
2751 596 2931 671 hanc,

406 681 658 749 Nedum
712 679 879 747 nihii
934 680 1118 747 aliud
1170 681 1692 770 intelligendum
1745 684 1854 761 sit,
1900 704 2134 766 quarn,
2188 694 2438 773 quanto
2487 683 2770 774 maqis.)
2814 688 2934 751 Non

408 771 582 836 enim
632 770 898 836 divinus
939 771 1271 858 pontiseat.
1316 792 1396 837 ac
1447 772 1716 838 divinae
1736 773 2244 860 justificationis
2286 775 2611 861 interpres
2635 826 2652 850 ,
2710 795 2790 839 ea
2832 795 2936 839 nn·

409 880 613 947 quam
673 860 739 924 in
800 858 1101 925 animum
1144 860 1480 926 induceret
1526 864 1873 947 postulare
1913 883 2085 949 quae
2127 865 2254 929 Deo
2310 884 2514 951 quam
2562 862 2937 951 qratissima

409 969 532 1013 non
576 956 807 1017 essent,
842 970 1157 1036 quaeque
1210 949 1348 1037 ipse
1394 971 1463 1015 se
1511 949 1830 1015 datu-rum
1886 951 2161 1037 minime
2200 953 2571 1039 recepisset.
2619 951 2712 1019 Ob
2760 950 2936 1039 idque

405 1035 711 1124 profanis
736 1088 753 1111 ,
816 1035 934 1102 noc
972 1045 1089 1111 est,
1153 1037 1236 1103 iis
1274 1038 1396 1125 qui
1431 1038 1766 1125 baptizati
1809 1060 1938 1104 non
1975 1048 2152 1111 sunt.
2209 1061 2358 1104 cum
2408 1062 2442 1105 e
2491 1040 2634 1105 vita
2676 1039 2938 1105 decesse-

406 1126 566 1202 rint,
614 1126 743 1190 ista
778 1123 1307 1213 haudquaquam
1338 1136 1678 1213 precatur,
1719 1136 1919 1215 atquc
1966 1136 2171 1215 optat.
2218 1131 2290 1193 Et
2330 1149 2569 1195 rursus
2604 1151 2617 1189 :
2683 1130 2934 1194 Divinus

411 1214 638 1301 ita-que
664 1214 994 1300 pontiseaz.
1038 1235 1211 1302 quae
1240 1219 1371 1280 Deo
1400 1224 1604 1302 gyrata
1635 1225 1812 1290 sunt,
1849 1218 2169 1303 postulat,
2205 1238 2510 1306 quaeque
2538 1217 2659 1283 ille
2680 1238 2934 1305 prorsus

406 1301 690 1367 daturus
720 1311 835 1367 est.
892 1306 975 1367 Ac
1020 1322 1293 1368 rursust
1344 1306 1475 1369 Iloc
1519 1303 1731 1390 iqitur
1780 1306 2074 1391 supplem
2106 1327 2149 1371 a
2182 1305 2415 1373 divina
2467 1306 2763 1372 bonitate
2787 1305 2932 1392 petit

402 1386 733 1478 'p‹›ntiseoe,
790 1400 863 1455 ut
893 1400 1121 1457 errata
1166 1413 1287 1477 per
1336 1391 1704 1458 humanam
1741 1392 2265 1460 imbecillitatem
2314 1394 2636 1469 admissa,
2685 1396 2753 1461 ei
2780 1393 2936 1481 quie

409 1480 575 1544 oz'cis
623 1479 928 1553 excessit,
983 1480 1306 1556 remittat,
1362 1501 1643 1569 eumque
1683 1481 1747 1546 in
1803 1482 2167 1548 vicentium
2221 1484 2487 1571 reqione
2537 1486 2833 1555 collocet,
2882 1482 2934 1545 in

404 1567 556 1634 sinu
585 1567 913 1644 Abrahae,
945 1570 1137 1634 Isaac
1171 1577 1231 1634 ct
1263 1568 1486 1643 Jacob,
1516 1569 1586 1634 in
1616 1572 1752 1636 loco
1787 1570 1962 1636 unde
1983 1572 2288 1658 prosuqit
2322 1572 2511 1638 dolor
2562 1582 2626 1638 et
2678 1570 2934 1637 tristitia

405 1665 464 1722 el
495 1656 821 1745 qemitus:
859 1656 1325 1723 dissimulante
1358 1656 1675 1725 nimirum
1710 1680 1830 1744 pro
1862 1679 1990 1725 sua
2022 1659 2312 1725 bonitale
2341 1661 2573 1726 divina
2599 1658 2933 1727 clementia

407 1746 709 1810 maculas
742 1765 877 1821 eas,
931 1766 1099 1833 quas
1154 1747 1230 1817 is,
1285 1747 1407 1833 qui
1458 1747 1601 1812 vita·
1648 1747 1836 1819 abiit,
1896 1769 1986 1812 esc
2035 1747 2766 1836 liumana'frayilitate
2812 1766 2935 1813 con-

407 1834 646 1898 tramit.
699 1833 1247 1921 Quandoquidem
1296 1855 1524 1911 nemo,
1587 1844 1655 1900 ul
1718 1836 1928 1901 sacris
1984 1837 2280 1903 oraculis
2318 1837 2664 1924 proditum
2714 1846 2810 1903 est
2866 1836 2928 1901 ⁴.

403 1920 693 1987 mundus
743 1931 837 1987 est
876 1943 917 1988 a
958 1923 1167 1988 sorde.
1230 1921 1558 1999 Videsne,
1615 1921 2023 1997 adversarie,
2069 1925 2659 2009 quemadmodum
2728 1942 2934 2013 preces

404 2030 516 2074 eas
571 2008 770 2075 utiles
830 2031 977 2076 esse
1036 2009 1367 2090 affirmet,
1411 2032 1589 2095 quae
1634 2032 1753 2097 pro
1795 2012 1877 2079 iis
1924 2011 2344 2081 adhibentur
2381 2014 2498 2099 qui
2559 2036 2684 2103 spe
2725 2011 2932 2080 divina

402 2095 550 2163 freti
604 2096 803 2163 vitam
854 2119 1011 2180 eum
1078 2111 1291 2165 morte
1352 2104 1924 2167 commutarunt?
1974 2105 2126 2170 Post
2188 2102 2371 2169 hune
2422 2114 2651 2170 autem
2711 2119 2930 2169 rursus

404 2186 770 2274 Gregorius
820 2185 955 2264 iiie,
1009 2186 1124 2270 qui
1177 2209 1213 2252 a
1254 2185 1613 2275 Theologia
1663 2203 2192 2276 cognomentum
2250 2191 2482 2267 traxit,
2539 2190 2604 2257 in
2660 2213 2742 2258 ea
2791 2193 2932 2257 Ora·

407 2275 585 2341 tione
642 2296 848 2358 quam
906 2275 971 2341 in
1027 2275 1320 2343 Caesarii
1372 2275 1598 2343 fratris
1659 2275 1896 2345 funere
1946 2278 2226 2356 habuit,
2286 2279 2369 2346 de
2423 2293 2638 2346 matre
2690 2301 2809 2345 sua
2859 2274 2924 2342 ad

404 2361 586 2430 hunc
639 2362 915 2430 modum
960 2361 1281 2449 loquitur.
1337 2365 1656 2433 Auditum
1714 2375 1830 2445 est,
1874 2366 2117 2452 inquit,
2173 2370 2608 2456 praeconi-um
2669 2369 2928 2457 diynum

400 2452 576 2541 quod
608 2453 697 2518 ad
743 2454 1038 2519 omnium
1078 2476 1275 2544 aures
1305 2456 1675 2541 perveniat.
1716 2461 1805 2521 Ac
1855 2459 2089 2524 matris
2135 2479 2394 2524 moeror
2446 2480 2567 2545 per
2597 2458 2926 2546 eqreqtam

401 2563 478 2607 ac
525 2550 826 2607 sanctam
865 2543 1447 2629 pollicitationem,
1484 2565 1622 2631 qua
1652 2565 1720 2610 se
1750 2545 1915 2630 filio,
1968 2547 2290 2634 quicquid
2327 2568 2527 2634 opum
2563 2548 2707 2632 ipse
2757 2545 2907 2612 habe

401 2630 532 2708 bat,
589 2630 799 2716 ipsius
845 2631 1105 2696 nomine
1135 2631 1203 2697 in
1250 2634 1605 2718 parentale
1657 2654 1901 2698 munus
1940 2636 2320 2701 oblaturam
2369 2637 2642 2724 recepit,
2691 2634 2926 2702 eoelzan-

402 2718 597 2783 ritur.
650 2721 720 2783 Et
759 2716 913 2784 aliis
945 2717 1361 2802 quibusdam
1421 2719 1827 2805 interjectis:
1884 2728 2097 2812 Atque
2128 2723 2290 2790 haec
2322 2733 2498 2792 sunl.
2539 2746 2719 2812 quae
2759 2746 2800 2789 a
2829 2743 2927 2786 no·

399 2806 495 2871 bis
517 2807 1055 2894 proficiscuntur.
1104 2813 1194 2874 Ac
1225 2808 1559 2896 quaedam
1595 2810 1749 2898 jam
1793 2815 2258 2896 persolvimus,
2316 2812 2652 2900 quaedam
2716 2831 2928 2878 rursus

396 2897 866 2981 persolvemus,
928 2897 1422 2964 anniversarios
1460 2899 1780 2964 ninn'rum
1839 2898 2113 2967 honores
2166 2923 2245 2966 ac
2291 2900 2926 2968 commemorationes

399 2983 761 3070 offerentes.
1757 3039 1774 3054 .

484 3072 520 3154 ξ
568 3075 650 3140 ΔΙ.
706 3071 1025 3138 Cernisne
1068 3085 1139 3139 ut
1178 3072 1520 3160 praeclara
1555 3087 1620 3141 et
1673 3075 1781 3162 pia
1819 3096 1893 3142 ea
1951 3096 2234 3143 munera
2267 3097 2414 3145 esse
2447 3083 2923 3162 asserat‚‘quae

397 3178 659 3236 eorum,
698 3161 815 3244 qui
856 3160 986 3228 vita
1038 3159 1250 3228 functi
1302 3176 1484 3236 sunt,
1544 3163 1818 3230 nomine
1884 3168 2010 3231 Deo
2059 3165 2482 3233 offeruntur:
2538 3167 2923 3233 anniversa·

401 3246 671 3333 viasque
718 3250 1401 3320 commemorationes
1450 3251 1537 3318 ab
1585 3272 1662 3318 eo
1707 3250 2021 3320 lubenter
2077 3253 2391 3321 admitti?
2444 3255 2775 3344 Deinceps
2827 3250 2922 3317 iile

402 3357 548 3404 vere
598 3357 801 3404 aurea
843 3337 1150 3424 loquens,
1197 3351 1398 3423 atque
1436 3340 1523 3407 ab
1555 3361 1724 3408 auro
1759 3355 2286 3429 cognomentum
2337 3347 2580 3410 nactos
2614 3346 2917 3413 ¹loannes,

399 3424 510 3493 ille
547 3426 824 3512 inquam
871 3426 1125 3493 amoris
1173 3448 1334 3514 erga
1387 3449 1722 3516 pauperes
1771 3452 1849 3496 ac
1914 3430 2367 3517 poenitentiae
2414 3431 2553 3500 dux
2600 3446 2663 3498 et
2729 3427 2923 3515 magi·

396 3526 552 3592 ster,
611 3515 673 3581 in
712 3515 1259 3582 luculentissima
1293 3537 1414 3583 sua
1454 3517 1886 3585 enarratione
1922 3519 1986 3586 in
2043 3519 2379 3601 Epistoias
2414 3520 2496 3588 ad
2547 3520 2922 3608 Philippen-

396 3623 503 3670 ses
551 3614 615 3669 et
650 3602 921 3671 Galatas
971 3603 1078 3670 his
1131 3603 1351 3671 verbis
1399 3606 1649 3674 utitur:
1692 3611 1860 3674 Nam
1895 3630 2045 3675 cum
2080 3609 2373 3677 Gentiles
2420 3612 2627 3677 simul
2659 3630 2806 3676 cum
2851 3605 2926 3670 iis

393 3693 516 3780 qui
541 3701 819 3758 mortem
856 3692 1180 3768 obierunt,
1222 3694 1390 3760 bona
1429 3716 1556 3761 sua
1605 3697 2015 3774 comburant,
2050 3707 2300 3786 quanto
2343 3695 2624 3766 tandem
2658 3694 2921 3787 nequius
2977 3743 2978 3776 ÷

395 3790 489 3847 est
537 3789 620 3857 te,
662 3781 785 3869 qui
825 3781 957 3867 fide
1000 3781 1353 3870 praeditus
1387 3804 1475 3858 es,
1543 3805 1810 3873 operam
1846 3785 2031 3865 dare,
2078 3795 2152 3852 ut
2185 3787 2352 3875 ejus,
2406 3789 2528 3876 qui
2558 3788 2688 3875 lide
2737 3801 2923 3876 prac—
2977 3847 2978 3850 ,

392 3869 572 3935 dilus
605 3878 773 3947 erat,
828 3870 995 3936 bona
1031 3891 1181 3937 eum
1239 3882 1775 3961 prosequantur;
1835 3897 1959 3941 non
2001 3884 2077 3942 ut
2123 3898 2202 3942 ea
2266 3876 2335 3943 in
2395 3878 2701 3953 cinerem,
2754 3873 2921 3965 υείαζ
2977 3889 2978 3944 1

395 3958 543 4035 illa,
607 3957 1042 4025 dilabantur:
1107 3959 1242 4034 sed,
1312 3969 1386 4026 ut
1445 3963 1770 4051 majorem
1827 3964 1961 4050 ipsi
1993 3964 2287 4050 qloriam
2343 3966 2673 4042 concilies,
2719 3984 2815 4038 ac,
2866 3977 2915 4023 st
2977 4027 2978 4030 ,

386 4055 697 4134 peccator
726 4057 870 4114 erat
906 4048 982 4127 is,
1023 4049 1145 4136 qui
1193 4049 1359 4134 fatis
1399 4050 1734 4126 concessit,
1776 4051 1920 4139 ejus
1966 4063 2242 4140 peccata
2297 4053 2568 4120 deleas:
2621 4055 2684 4121 si
2709 4058 2914 4120 antem
2977 4037 2978 4062 ¹

385 4134 630 4224 probus
679 4157 758 4202 ac
779 4137 1031 4224 justus,
1072 4159 1154 4203 ea
1188 4137 1301 4204 illi
1345 4139 1413 4204 in
1451 4139 1773 4206 mercedis
1819 4161 1900 4207 ac
1969 4143 2525 4210 remunerationis
2593 4139 2912 4210 cumulum

389 4224 645 4291 cedant.
704 4227 779 4289 Et
832 4245 1071 4292 rursus
1118 4224 1326 4292 altera
1381 4226 1446 4292 in
1500 4226 1816 4294 Oratione
1855 4227 1944 4292 *ἦ
2003 4232 2473 4319 Eiiccoqi'tenius
2520 4227 2908 4321 quemadmo-

387 4313 547 4378 dum
580 4313 661 4379 de
694 4313 779 4379 iis
816 4315 939 4401 qui
973 4314 1296 4390 obierunt,
1345 4316 1505 4382 bene
1544 4337 1945 4384 mereamur.
1985 4321 2370 4397 Mecilium,
2409 4319 2587 4408 quod
2639 4317 2808 4387 nobis
2849 4331 2907 4376 tn
2977 4341 2978 4360 ¹

440 4439 465 4464 ’⁸'
495 4438 549 4477 In
566 4437 655 4477 Job
677 4446 792 4485 xxV,
811 4441 848 4477 4.
1329 4441 1379 4467 ⁸·
1410 4440 1463 4480 In
1482 4438 1693 4482 Homul·
1714 4452 1762 4481 ιιι
1785 4444 1832 4481 in
1855 4442 1991 4493 Epist.
2014 4447 2071 4484 ad
2095 4443 2412 4498 Phtlsppmeeq
