2993 4837
52 300 197 364 Nutu
256 300 329 361 17
708 318 786 363 DE
834 319 887 363 s.
946 316 1237 363 nionvsio
1286 318 1384 362 ΕΡ.
1438 318 1880 363 Amzxnnnffin
2350 303 2476 364 5535

49 403 220 490 (sicut
251 414 606 470 consortes
644 402 801 482 mei,
846 413 909 470 et
941 402 1255 470 omnium
1293 401 1763 470 calamitatum
1806 424 2110 469 mearum
2171 403 2561 491 participeS,

52 512 146 580 pro
173 503 350 559 certo
385 490 698 578 norunt),
754 512 862 558 me
897 491 1188 559 invitum
1240 512 1275 558 e
1322 490 1491 559 lecto
1525 492 1930 559 excitarunt.
1977 496 2144 558 Turn
2197 513 2322 580 ego
2373 491 2570 560 humi

52 602 132 647 me
176 579 506 668 supinum
564 592 1035 669 prosternere;
1091 580 1197 649 isti
1239 580 1448 668 igitur
1482 580 1805 648 manibus
1848 579 2276 667 pedibusque
2313 602 2419 648 nie
2454 580 2570 648 ab·

50 680 281 756 reptum
337 668 585 757 (Gajus
626 668 932 754 quidem,
1001 673 1339 747 FaustuS,
1403 675 1640 737 Petrus
1689 681 1752 736 et
1794 669 2088 748 PauluS,
2143 670 2257 754 qui
2307 691 2413 736 me
2466 691 2570 737 se-

47 756 448 842 quebantur,
520 757 808 826 istarum
863 779 1088 825 rerum
1151 758 1465 826 omnium
1510 769 1710 827 testes
1767 778 1915 825 esse
1971 761 2346 845 poterunt)
2402 757 2573 825 edu-

49 867 189 922 cere,
240 868 317 914 ac
372 845 798 934 prehensum
832 868 1043 936 prope
1078 846 1289 914 invito
1322 847 1556 914 animo
1587 848 1673 915 ab
1713 846 2047 934 oppidulo
2082 859 2463 933 exportare,
2509 860 2573 915 et

50 934 206 1002 nudo
252 935 448 1003 asino
513 936 914 1024 impositum
947 989 966 1015 ,
1029 956 1262 1003 secum
1317 934 1474 1003 inde
1529 935 1837 1003 avehere.
1871 960 1904 1000 »
1937 940 2072 1004 Ista
2103 936 2188 1004 de
2228 959 2299 1003 se
2339 950 2573 1003 narrat

51 1024 405 1110 Dionysius,

116 1114 147 1197 ξ
189 1117 274 1183 3.
331 1113 519 1181 Idem
555 1115 757 1182 etiam
806 1111 1171 1200 Dionysius
1222 1112 1288 1178 iu
1344 1112 1644 1200 Epistola
1695 1112 1779 1180 ad
1831 1112 2114 1180 Fabium
2161 1113 2608 1201 episcopum,

52 1201 428 1282 Antiochiae,
486 1201 864 1270 certamina
907 1215 971 1268 et
1018 1200 1513 1268 decertationes
1560 1222 1822 1280 eorum,
1869 1202 1987 1287 qui
2039 1201 2167 1271 sub
2223 1202 2398 1269 Decii
2447 1202 2571 1268 im-

53 1290 209 1374 perio
264 1291 674 1378 martyrium
736 1289 1196 1378 pertulerunt,
1255 1289 1383 1358 isto
1434 1289 1639 1358 modo
1691 1291 2172 1378 prosequitur:
2229 1314 2262 1355 «
2300 1296 2437 1359 Non
2492 1313 2572 1358 ex

54 1380 456 1466 lmperatoris
507 1380 732 1448 edicto
784 1378 1165 1467 persecutio
1209 1377 1394 1467 apud
1439 1400 1563 1448 nos
1609 1379 1879 1467 incepta
1926 1378 2077 1458 suit,
2137 1379 2249 1446 sed
2305 1379 2570 1468 integro

52 1486 202 1534 anno
249 1481 728 1556 praeverterat.
785 1473 947 1537 Nam
1003 1479 1186 1535 vates
1231 1466 1580 1555 (quisquis
1624 1467 1736 1535 ille
1777 1467 2013 1556 fuerit)
2049 1466 2385 1537 malorum
2421 1489 2570 1535 om-

56 1555 240 1635 nium,
290 1579 465 1642 quae
512 1558 678 1626 huic
726 1557 980 1624 civitati
1032 1555 1461 1632 acciderunt,
1519 1556 1957 1636 architectus,
2007 1556 2345 1624 infinitam
2401 1579 2572 1646 gen-

55 1642 241 1712 tilium
279 1647 553 1715 turbam
595 1661 829 1713 contra
865 1666 986 1714 nos
1029 1645 1425 1712 incitaverat
1461 1644 1990 1732 impuleratque,
2032 1658 2233 1731 atque
2265 1646 2434 1714 adeo
2485 1644 2569 1713 ad

56 1733 304 1819 patriam
362 1757 566 1803 suam
619 1747 682 1801 et
721 1735 1074 1819 antiquam
1130 1732 1686 1821 superstitionem
1727 1733 2223 1802 defendendam
2285 1756 2572 1822 magno-

56 1841 183 1906 pere
229 1824 608 1912 instigarat.
665 1824 790 1904 Qui
842 1824 928 1890 ab
966 1821 1199 1906 ilload
1243 1821 1785 1890 malevolentiam
1832 1823 2100 1898 irritati,
2156 1845 2575 1908 omnemque

56 1913 336 2000 aucupati
378 1912 726 1980 licentiam
763 1911 844 1979 ad
884 1911 1109 1979 scelus
1149 1910 1587 1999 patrandum,
1629 1910 1841 1978 solam
1887 1913 2198 1998 pietatem
2235 1924 2299 1978 et
2335 1933 2570 1979 verum

58 1997 280 2067 cultum
334 2001 757 2069 daemonum
818 2022 1098 2068 suorum
1156 2000 1357 2067 istum
1411 2013 1851 2076 censuerunt,
1909 2013 1982 2068 ut
2030 1999 2570 2068 Christianorum

59 2087 227 2156 caede
251 2102 310 2156 et
344 2090 690 2176 sanguine
720 2111 880 2156 suas
913 2087 1225 2156 crudeles
1256 2110 1504 2155 manus
1535 2100 2027 2176 respergerent.
2063 2088 2331 2157 Primus
2367 2089 2577 2176 igitur

66 2195 249 2243 senem
299 2179 678 2263 quendam,
728 2182 1001 2245 Metram
1035 2177 1065 2209 ¹*
1105 2177 1404 2255 nomine,
1444 2189 1791 2265 arreptum
1834 2178 2046 2265 impia
2083 2177 2286 2245 verba
2336 2191 2574 2245 contra

78 2264 240 2330 Deum
281 2268 466 2353 loqui
517 2266 894 2334 mandant:
949 2265 1152 2353 cujus
1200 2287 1477 2353 corpus,
1537 2278 1888 2354 propterea
1930 2265 2108 2351 quod
2170 2287 2406 2334 eorum
2462 2288 2575 2333 vo-

74 2346 267 2423 luntati
304 2355 761 2446 repugnabat,
802 2354 1101 2424 fustibus
1126 2353 1443 2431 caedunt,
1484 2354 1749 2424 vultum
1779 2355 2153 2442 oculosque
2191 2355 2577 2443 praeacutis

70 2444 487 2514 arundinibus
546 2459 885 2533 pungunt,
942 2444 1311 2531 ipsumque
1349 2444 1518 2511 adeo
1553 2446 1634 2512 ad
1680 2446 2012 2513 suburbia
2064 2445 2436 2512 abductum
2477 2444 2574 2512 la-

69 2529 302 2613 pidibus
334 2536 666 2603 obruunt.
714 2532 964 2602 Deinde
996 2532 1266 2600 fidelem
1304 2533 1660 2602 mulierem
1691 2556 1867 2619 quae
1893 2535 2260 2603 vocabatur
2295 2533 2568 2614 Quinta,
2612 2562 2620 2570 ·

65 2617 130 2683 ad
181 2620 505 2692 idolorum
552 2622 920 2691 delubrum
960 2621 1232 2699 ducere,
1286 2634 1350 2689 et
1397 2621 1481 2689 ad
1526 2622 1734 2711 salsos
1766 2622 1928 2692 deos
1978 2622 2400 2690 venerandos
2451 2622 2575 2689 im-

68 2706 279 2791 pellere
310 2725 726 2801 coeperunt:
764 2732 1077 2796 eamque,
1122 2732 1279 2778 cum
1326 2732 1397 2778 se
1431 2724 1778 2789 averteret,
1825 2724 1888 2780 et
1923 2712 2117 2779 talem
2157 2711 2417 2779 cultum
2463 2710 2574 2778 de·

67 2804 402 2881 testaretur,
454 2801 748 2889 pedibus
782 2799 1193 2876 constrictiS,
1237 2819 1354 2887 per
1380 2798 1739 2867 universae
1771 2801 1965 2868 urbis
2001 2800 2281 2888 plateaS,
2315 2799 2577 2887 asperis

70 2887 220 2954 saxis
249 2902 630 2958 constratas
675 2900 963 2976 raptare,
1008 2900 1073 2955 et
1106 2886 1312 2955 simul
1356 2909 1434 2954 ac
1474 2909 1727 2975 corpus
1765 2890 1915 2977 eJus
1958 2890 2040 2956 ad
2088 2911 2248 2956 saxa
2291 2888 2578 2956 molaria

68 2970 445 3069 allisissent,
508 2992 572 3046 et
634 2978 870 3065 flagris
935 2976 1187 3065 pariter
1241 2976 1702 3057 lacerassent,
1758 2978 1839 3044 ad
1887 2977 2218 3045 suburbia
2262 2977 2525 3045 trahere
2558 3032 2572 3053 ‚

67 3060 265 3147 ibique
296 3069 537 3136 crebro
572 3087 895 3136 saxorum
934 3064 1247 3152 conjectu
1280 3064 1608 3133 obterere.

135 3152 165 3233 ᾗ
207 3158 285 3225 4.
323 3178 357 3219 «
388 3162 557 3223 Tum
599 3177 753 3224 vero
795 3175 933 3222 uno
973 3154 1170 3240 quasi
1196 3153 1586 3222 animorum
1628 3153 1888 3240 impetu
1922 3175 2162 3220 omues
2198 3153 2263 3220 in
2303 3155 2576 3238 piorum

69 3240 240 3307 aedes
280 3243 562 3324 irruere,
602 3257 663 3311 et
715 3241 970 3331 singuli
1019 3263 1193 3327 quos
1234 3242 1368 3310 sibi
1406 3242 1667 3310 vicinos
1707 3263 1854 3310 esse
1887 3256 2366 3331 cognoverant,
2425 3262 2579 3329 pro-

68 3344 197 3410 pere
227 3330 534 3409 educere,
588 3331 990 3420 exspoliare,
1031 3330 1353 3418 diripere;
1408 3345 1470 3398 et
1519 3330 1794 3399 divitias
1832 3352 1910 3398 ac
1944 3329 2464 3420 supellectilem,
2521 3328 2578 3397 si

67 3432 213 3496 quae
251 3434 388 3488 erat
449 3421 851 3511 pretiosior,
892 3419 1022 3488 sibi
1066 3441 1438 3519 seponere:
1493 3420 1549 3487 si
1600 3440 1775 3505 quae
1825 3418 2043 3499 vilior,
2102 3418 2463 3497 sordidior,
2517 3430 2582 3486 et

68 3522 129 3596 ex
161 3504 331 3594 ligno
362 3510 691 3589 confecta,
728 3510 793 3577 in
833 3508 958 3578 viis
988 3506 1352 3595 dissipare,
1392 3508 1643 3576 deinde
1669 3530 1991 3577 exurere:
2031 3508 2199 3576 adeo
2235 3520 2308 3575 ut
2342 3506 2580 3575 civitas

72 3588 166 3658 illa
207 3617 421 3664 veram
462 3600 757 3686 speciem
792 3597 988 3666 urbis
1028 3596 1113 3664 ab
1152 3597 1462 3665 hostibus
1498 3612 1736 3685 captae
1769 3597 2321 3686 despoliataeque
2372 3597 2582 3684 probe

70 3697 598 3763 repraesentaret.
639 3692 903 3755 Fratres
944 3707 1105 3774 ergo
1140 3685 1495 3754 deflectere
1528 3708 1564 3753 e
1602 3687 1728 3767 via,
1767 3700 1831 3754 et
1867 3687 1934 3753 iu
1974 3686 2122 3755 loca
2156 3696 2467 3772 separata
2503 3705 2583 3751 ac

71 3768 341 3861 solitaria
383 3796 452 3843 se
485 3775 918 3845 subducere:
976 3774 1289 3862 rapinam
1346 3774 1684 3843 bonorum
1730 3797 2011 3844 suorum
2059 3773 2376 3843 similiter
2423 3794 2583 3840 cum

74 3853 214 3935 illis,
263 3863 512 3947 quibus
570 3864 823 3933 Paulus
875 3862 1140 3930 illustre
1199 3862 1510 3952 perhibet
1553 3863 2062 3943 testimonium,
2121 3884 2276 3931 cum
2329 3859 2584 4017 §audio

73 3948 410 4038 suscipere.
466 3958 674 4038 Atque
734 3952 913 4020 haud
984 3952 1124 4019 scio
1161 4005 1175 4029 ‚
1243 3964 1475 4020 utrum
1541 3952 1907 4037 quisquam
1967 3965 2229 4040 praeter
2283 3973 2316 4016 a
2358 3952 2582 4034 iquem

74 4051 261 4103 unum
299 4039 550 4110 alicubi
599 4040 908 4119 fortasse,
958 4039 1318 4126 bucusque
1371 4040 1732 4109 Dominum
1771 4040 2227 4127 denegaverit.
2279 4038 2587 4126 Serapio-

78 4138 206 4189 nem
245 4126 392 4195 item
439 4132 717 4219 proprio
754 4129 892 4197 lare
928 4127 1374 4203 abstractum,
1428 4127 1602 4194 diris
1641 4127 2018 4197 concidunt
2068 4127 2425 4198 tormentis
2458 4181 2471 4205 ,
2524 4138 2589 4192 et

80 4213 370 4305 omnibus
427 4218 893 4287 membrorum
954 4216 1263 4285 articulis
1312 4214 1724 4293 confractis,
1779 4239 1857 4285 ex
1908 4217 2054 4286 loco
2094 4216 2275 4285 edito
2329 4215 2587 4305 praeci-

82 4310 256 4379 pitem
290 4303 639 4391 dejiciunt.
695 4306 941 4376 Nullus
994 4306 1256 4373 itineris
1310 4305 1548 4384 flexus,
1606 4305 1794 4373 nulla
1833 4306 1935 4373 via
1975 4306 2295 4395 publica,
2353 4304 2588 4372 nullus

122 4421 143 4445 ⁸
168 4422 348 4472 Qum-m
366 4430 487 4474 hune
507 4433 802 4474 metm-:mum
828 4444 844 4468 x
858 4430 1014 4472 ocant.
