2993 4837
46 326 211 391 NOV.
269 327 357 390 28
755 345 832 390 ne
882 347 936 391 s.
991 342 1317 393 summo
1365 345 1633 393 sumone
1680 347 1871 393 mar.
2043 324 2044 327 ’
2377 331 2503 395 739

44 428 487 507 oboriuntur,
545 426 859 497 adbiberi
906 427 1175 509 solent,
1231 431 1569 509 excurrit,
1627 430 2084 516 avulsumque
2133 430 2219 498 ab
2262 430 2346 498 iis
2397 432 2581 500 baud

47 538 318 605 parvum
373 515 648 605 lignum
682 517 908 598 trahit,
963 541 1040 588 ac
1067 531 1379 587 sanctum
1425 518 1673 599 virum,
1727 541 1933 605 quarn
1989 518 2586 590 vehementissime

46 617 270 694 potest,
326 605 395 673 in
426 605 695 674 cerebri
746 606 1145 676 membrana
1193 606 1368 687 serit,
1423 607 1659 694 sicque
1696 608 2009 696 protinus
2058 608 2575 697 interemptum,

43 706 401 782 martyrem
436 693 720 781 quidem
765 693 962 763 illum
1008 695 1330 785 profectO,
1386 696 1692 785 seipsum
1727 708 1982 775 autem,
2029 696 2211 782 quod
2263 696 2579 766 omnium

42 783 529 873 gravissimum
581 782 807 853 scelus
853 796 993 863 est,
1033 784 1345 873 Martyris
1393 784 1791 853 carnificem
1844 784 2094 853 reddit.

119 875 153 958 ξ
200 877 359 943 413.
415 876 507 940 Ac
543 893 628 940 ne
674 871 772 941 sic
805 873 1084 959 quidem
1136 886 1362 943 tamen
1413 872 1870 942 furibundum
1910 872 2082 943 illud
2134 872 2384 945 vulffus
2434 875 2589 943 ani-

44 982 300 1029 morum
353 961 695 1049 impetum
735 961 1025 1031 remisit:
1081 984 1316 1031 verum
1366 983 1489 1051 per
1537 960 1883 1050 publicam
1937 962 2115 1029 viam
2164 960 2247 1029 ad
2309 985 2395 1031 uc
2423 986 2585 1033 eum

44 1049 365 1136 raptabat.
405 1054 486 1119 Et
532 1048 866 1136 quidnam
920 1050 1194 1119 tandem
1226 1072 1307 1118 ex
1338 1050 1793 1120 sacrosanctis
1825 1049 1963 1118 illis
1996 1050 2320 1138 Stephani
2368 1074 2588 1121 mem-

45 1138 172 1207 bris
218 1160 519 1208 coronae
567 1159 807 1226 expers
855 1138 1171 1208 relictum
1240 1143 1397 1208 est?
1444 1144 1609 1209 Nam
1665 1151 1729 1208 et
1781 1160 2028 1207 manus
2090 1161 2169 1206 ac
2223 1139 2427 1225 pedes
2494 1141 2582 1210 ad

48 1248 189 1294 saxa
235 1226 666 1296 offendentes
712 1227 1261 1308 conterebantur,
1315 1241 1379 1297 et
1408 1228 1609 1317 digiti
1649 1249 1788 1296 una
1820 1240 1978 1297 cum
2014 1226 2367 1315 unguibus
2403 1228 2585 1297 avel-

49 1313 370 1396 lebantur,
408 1329 618 1401 atque
667 1316 734 1383 in
768 1328 1011 1384 terram
1062 1317 1586 1405 spargebantur,
1625 1328 1689 1383 et
1721 1327 1949 1384 venter
1988 1314 2577 1405 disrumpebatur,

54 1417 231 1489 atque
265 1404 597 1474 intestina
635 1405 868 1473 omnia
918 1405 1370 1494 profluebant.
1427 1405 1775 1492 Siquidem
1828 1426 1864 1472 e
1913 1402 2217 1473 scelestis
2269 1403 2407 1472 illis
2458 1405 2583 1474 ho-

56 1491 339 1564 minibus
390 1515 583 1562 unus
630 1493 1116 1580 gravissimum
1168 1493 1466 1583 lapidem
1522 1505 1809 1580 utraque
1853 1514 2061 1560 manu
2109 1505 2466 1580 acceptum
2509 1494 2578 1562 in
2619 1540 2624 1544 -

53 1579 254 1667 ipsius
302 1595 611 1651 ventrem
665 1581 934 1681 injecit:
969 1582 1173 1661 ‚unde
1220 1581 1575 1651 confestim
1618 1636 1633 1663 ,
1688 1581 1920 1650 abdita
1967 1582 2194 1653 omnis
2244 1582 2582 1651 viscerum

53 1690 400 1761 compages
450 1691 674 1758 aquae
701 1681 834 1739 ritu
864 1670 932 1738 in
961 1682 1209 1740 terram
1238 1670 1452 1741 effusa
1474 1682 1597 1740 est.
1652 1675 1814 1739 Nam
1845 1683 1909 1737 et
1939 1683 2206 1739 mortuo
2240 1674 2346 1739 Ste
2403 1671 2583 1740 hano

54 1778 161 1844 per
192 1782 553 1829 summum
583 1758 880 1828 furorem
912 1759 1358 1839 insultabant,
1413 1781 1538 1828 nec
1571 1757 2010 1827 contumeliis
2043 1758 2108 1827 in
2144 1781 2300 1827 euin
2384 1760 2584 1829 ebac-

53 1846 223 1914 chari
272 1849 663 1928 cessabant,
719 1848 1226 1918 circumdantes
1272 1870 1427 1917 eum
1474 1859 1824 1934 tamquam
1861 1868 2067 1917 canes
2110 1846 2333 1927 multi,
2373 1859 2582 1935 atque

56 1935 225 2001 omni
276 1938 483 2007 modo
535 1948 880 2025 raptantes
929 1958 1006 2005 ac
1055 1936 1544 2026 discerpenteS,
1602 1936 1919 2021 saxisque
1968 1958 2089 2024 per
2140 1948 2344 2005 totam
2403 1937 2581 2004 viam

62 2021 481 2106 incessentes,
541 2046 672 2093 non
705 2024 829 2093 viri
877 2024 1251 2106 dumtaxat,
1307 2024 1423 2093 sed
1452 2024 1657 2093 etiam
1687 2022 2033 2093 mulieres,
2074 2024 2253 2105 Quin
2291 2045 2373 2091 ne
2414 2045 2583 2112 pue-

64 2110 231 2179 rilem
256 2114 541 2198 quidem
580 2125 864 2182 aetatem
898 2114 1323 2203 sanguinarii
1347 2114 1557 2183 hu’us
1592 2113 1889 2200 impetus
1916 2123 2255 2201 expertem
2292 2112 2582 2199 relique-

71 2213 226 2293 runt.
271 2206 440 2271 Nam
476 2201 610 2291 ipsi
649 2224 942 2289 quoque,
979 2202 1301 2273 litterario
1341 2201 1414 2271 lu
1466 2224 1507 2271 o
1538 2200 1771 2270 relicto
1816 2200 1948 2290 (sic
1988 2201 2170 2270 enim
2206 2206 2584 2290 Imperator

61 2291 382 2379 jusserat),
413 2290 680 2380 lapides
731 2291 1054 2360 manibus
1088 2291 1463 2380 gestabant,
1520 2290 1741 2376 iisque
1805 2290 2225 2378 Stephanum
2285 2290 2580 2358 insecta-

68 2373 312 2448 bantur.
364 2385 455 2449 Ac
505 2380 822 2468 quisquis
870 2380 939 2449 in
988 2401 1172 2462 eum,
1225 2380 1391 2449 dum
1436 2390 1842 2469 raptaretur,
1898 2377 2233 2459 incidenS,
2280 2376 2344 2447 la
2399 2378 2582 2447 idem

66 2483 177 2533 non
209 2468 513 2556 jecisset,
575 2491 827 2558 poenas
877 2469 1126 2550 luebat,
1183 2483 1385 2557 atque
1411 2468 1853 2558 Imperatoris
1903 2467 2117 2538 hostis
2146 2489 2346 2537 cense
2400 2481 2578 2538 atur.

65 2554 217 2631 Quin
253 2558 458 2626 etiam
504 2580 662 2627 cum
713 2557 796 2626 ad
835 2558 1278 2647 Bovisilocum
1316 2565 1677 2648 Martyrem
1710 2569 2055 2646 raptantes
2089 2558 2577 2646 pervenissent,

63 2661 262 2732 caupo
294 2647 583 2731 quidam
640 2646 859 2734 pisces
898 2670 1221 2734 coquens,
1276 2660 1350 2717 ut
1386 2670 1546 2717 eum
1598 2647 1855 2737 raptari
1904 2645 2091 2724 vidit,
2147 2646 2320 2714 vitae
2367 2649 2584 2714 usura

64 2728 267 2823 adhuc
299 2757 460 2803 eum
498 2735 636 2804 frui
667 2736 1061 2815 arbitratuS‚
1116 2748 1471 2825 assumpto
1503 2737 1835 2835 flagrante
1875 2735 2132 2816 titione,
2185 2735 2255 2802 in
2283 2733 2582 2804 calvaria

66 2836 269 2916 lpsum
302 2821 484 2903 serit,
541 2846 619 2892 ac
652 2837 922 2913 repente
972 2823 1304 2915 perfracto
1353 2825 1672 2914 occipitio
1718 2825 2073 2894 cerebrum
2117 2822 2389 2892 effluere
2428 2844 2582 2892 coe-

68 2918 167 2988 pit.
217 2911 617 2981 Theodorus
651 2926 874 2981 autem
925 2913 1204 3001 quidam
1250 2914 1352 2981 vir
1390 2913 1573 3001 pius,
1619 2935 1656 2981 a
1688 2925 1787 2981 ter
1836 2934 1875 2981 o
1915 2933 2229 2998 sequens,
2273 2911 2582 2997 illudque

65 2999 330 3088 {ecapite
380 3001 599 3071 fluere
650 2999 910 3081 videnS,
964 3002 1287 3071 simulato
1337 3001 1540 3091 lapsu
1588 2935 1894 3081 ευεωῇῑ,
1947 3023 2026 3068 ac
2090 3000 2296 3069 linteo
2345 3000 2580 3069 furtim

68 3088 444 3171 impositum
502 3091 569 3157 in
613 3090 773 3159 sinu
820 3091 1201 3159 abscondit.
1274 3094 1483 3176 Atque
1535 3091 1624 3158 ita
1673 3088 1920 3157 deinde
1966 3088 2050 3157 ad
2104 3089 2577 3177 spectaculum

70 3189 285 3243 rursus
334 3178 768 3268 properabat,
829 3179 1156 3248 nimirum
1208 3201 1484 3247 cernere
1553 3179 1865 3266 cupienS,
1931 3199 2234 3263 quonam
2301 3177 2576 3245 tandem

66 3259 275 3351 sedato
323 3266 554 3335 furore
604 3266 928 3353 reliquias
982 3268 1301 3356 martyris
1335 3267 1766 3356 projicerent.
1821 3271 1896 3335 At
1933 3287 2085 3334 vero
2128 3265 2582 3354 sanguinaria

70 3342 167 3441 illa
199 3353 392 3422 turba
442 3368 758 3424 sanctum
796 3356 1017 3424 virum
1070 3369 1371 3443 raptans,
1425 3378 1583 3424 cum
1634 3355 1719 3423 ad
1773 3354 2190 3423 Monocionis
2243 3366 2581 3422 monaste·

71 3452 226 3535 ‘¹951‘
274 3446 699 3523 accessisset,
754 3445 819 3512 in
855 3445 1086 3513 animo
1139 3444 1429 3512 babebat
1469 3444 1647 3513 beati
1677 3443 1802 3511 viri
1849 3464 2149 3512 sororem
2191 3441 2365 3532 (illic
2393 3442 2578 3511 enim

66 3517 353 3599 divinum
404 3532 576 3602 vitae
624 3554 843 3622 genus
890 3533 1185 3619 colebat)
1232 3554 1351 3622 per
1402 3532 1534 3600 vim
1572 3532 1837 3632 ejicere,
1892 3553 2107 3618 eoque
2153 3533 2385 3621 -ipsam
2423 3530 2575 3599 adi-

70 3627 230 3693 gere,
281 3631 357 3686 ut
400 3620 781 3691 fraternum
830 3643 1082 3711 corpus
1132 3634 1226 3690 tot
1256 3621 1753 3690 certaminibus
1783 3619 2182 3689 defunctum
2241 3621 2423 3689 saxis
2459 3643 2579 3709 pe-

73 3707 239 3768 teret.
292 3710 535 3778 Verum
591 3710 705 3778 illa
738 3710 863 3778 hoc
915 3731 1392 3799 praenoscenS,
1446 3720 1650 3795 atque
1699 3710 1765 3778 in
1817 3709 2188 3777 obscurum
2231 3709 2580 3796 quoddam

75 3790 447 3874 sepulerum
499 3821 644 3867 sese
684 3799 967 3881 abdenS,
1025 3799 1423 3888 hujusmodi
1473 3797 1744 3867 facinus
1773 3798 2035 3888 effugit.
2090 3797 2194 3866 Illi
2226 3799 2437 3885 igitur
2463 3820 2586 3886 spe

74 3867 182 3943 hae
228 3903 349 3951 sua
398 3886 663 3976 dejecti,
722 3909 960 3956 rursus
1011 3887 1329 3976 martyris
1390 3886 1678 3955 cadaver
1716 3886 2078 3967 trahentes,
2136 3887 2204 3954 in
2258 3887 2588 3956 Ethnico-

78 3978 205 4030 rum
258 3990 524 4043 reorum
590 3975 849 4043 foveam
896 3977 1265 4065 projiciunt
1309 3976 1463 4064 (ubi
1503 3976 1693 4064 prius
1722 3975 2000 4061 quidem
2052 3976 2270 4044 sancti
2321 3975 2580 4062 Pelagii

81 4060 371 4152 snat-,tyris
439 4063 769 4153 templum
832 4076 1022 4145 erat,
1095 4086 1324 4133 verum
1402 4077 1633 4152 postea
1705 4075 2026 4132 vetustate
2099 4063 2579 4131 labefactatum

80 4152 307 4240 lfflp3us
356 4154 730 4241 Imperator
762 4166 1108 4233 everterat,
1182 4165 1384 4239 atque
1418 4154 1484 4220 in
1527 4152 1844 4240 sepulcra
1895 4151 2264 4240 redegerat,
2333 4174 2409 4219 ac
2463 4155 2584 4217 Pe-

83 4217 224 4310 Ιθὲζῑῑ
270 4241 726 4325 sepulcretum
779 4240 1244 4330 nuncuparat)
1289 4241 1457 4309 adeo
1484 4253 1558 4310 ut
1607 4254 1769 4309 tunc
1819 4262 2089 4326 quoque
2138 4239 2360 4308 locum
2405 4237 2578 4305 illud

82 4304 352 4405 haberet,
406 4334 567 4398 Cum
626 4332 877 4421 iniquis
942 4333 1049 4398 vir
1082 4333 1312 4420 justus
1361 4329 1719 4419 deputatus
1782 4340 1874 4396 est
1926 4333 2116 4413 (Luc.
2155 4328 2330 4414 xxu).
2393 4331 2576 4392 Post-

86 4402 332 4478 modum
384 4415 534 4487 laeti
588 4419 968 4498 redeunteS,
1022 4420 1141 4506 qui
1177 4418 1517 4487 latronum
1573 4417 1919 4487 saevitiam
1955 4415 2378 4486 crudelitatis
2415 4436 2580 4482 suae
