2993 4837
517 311 646 374 288
1279 325 1353 371 na·
1401 324 1456 371 s.
1511 322 1750 371 cAiioto
1801 323 2129 370 nonnoni-:o
2217 268 2228 283 ’
2467 337 2479 349 ·
2529 288 2532 295 ’
2680 301 2825 368 NOV.
2866 303 2892 365 l

433 425 779 479 matronas
836 408 1170 488 deductis,
1234 409 1360 477 rite
1410 407 1690 477 tradidit
1740 431 1814 476 v1·
1852 407 2125 476 Calend.
2192 407 2347 494 Maji
2411 428 2682 475 untxxx:
2735 425 2898 490 quam

432 500 796 578 actionem,
854 497 1206 566 Pontificia
1256 498 1495 567 Missae
1538 497 1895 575 solemnia,
1958 495 2175 565 Caroli
2227 496 2490 575 concie,
2541 493 2693 563 cleri
2741 492 2902 561 totins

432 600 807 658 conventus
860 587 1371 656 celeberrimam
1442 584 1824 655 reddidere.
1878 590 2026 654 Mox
2085 605 2392 675 congruo
2444 597 2728 671 tempore
2769 582 2900 649 sole-

437 698 662 746 mnem
727 697 961 744 earum
1037 674 1527 765 professionem
1602 674 1885 764 accepit,
1940 687 2166 760 atque,
2220 696 2331 742 am
2388 672 2637 741 lificato
2693 670 2900 760 spatie,

433 765 793 834 ecclesiam
846 777 1118 834 sanctae
1179 763 1500 832 Praxedis
1560 763 1837 831 nomine
1885 762 2087 831 aedes
2138 783 2223 831 ue
2275 785 2314 831 a
2422 761 2789 829 institutum
2827 780 2908 825 ar.-

434 853 904 923 commodatas
952 852 1359 932 aedificavit,
1413 865 1698 941 sumptu
1749 872 1913 920 sane
1959 852 2076 937 qui
2132 872 2238 918 em
2273 871 2552 939 magno,
2583 870 2660 917 ex
2694 848 2904 938 piorum

439 944 797 1012 hominum
847 941 985 1010 sere
1032 940 1436 1010 liberalitate
1485 939 1964 1028 suppeditato;
2019 952 2223 1026 atque
2272 940 2447 1008 mira
2502 937 2767 1006 omnino
2814 933 2908 1002 fre-

435 1032 715 1119 quentia
767 1030 989 1100 locum
1042 1030 1172 1099 sibi
1216 1029 1513 1119 virgines
1563 1028 2099 1098 Mediolanenses
2136 1029 2201 1095 in
2252 1048 2331 1097 eo
2366 1027 2694 1097 coenobio
2735 1040 2906 1113 βοῦν’

437 1120 831 1207 quaesiere,
886 1133 962 1189 ut
1009 1118 1279 1188 circiter
1334 1118 1665 1188 ducentas
1715 1118 2131 1204 quandoque
2173 1136 2732 1192 numeraremus,
2781 1131 2923 1198 mist}

437 1209 627 1278 omni
676 1207 1031 1297 diligentia
1094 1207 1621 1293 conquirentes,
1673 1207 1792 1292 qui
1847 1206 2029 1294 apud
2084 1204 2396 1274 Carolum
2431 1260 2447 1285 ,
2516 1216 2634 1272 aut
2676 1201 2899 1270 Vicari

442 1296 1035 1367 commendatione
1069 1295 1390 1376 valerent,
1429 1296 1615 1364 omni
1662 1296 1922 1363 ratione
1960 1293 2590 1383 suffragationeque
2627 1312 2764 1361 sese
2795 1286 2898 1357 inf·

440 1387 703 1467 rebant,
759 1386 986 1455 studio
1037 1384 1334 1474 profecto
1385 1404 1516 1452 non
1571 1383 1845 1464 minori,
1893 1405 2099 1470 quam
2137 1383 2202 1450 in
2249 1383 2564 1471 petendis
2606 1377 2915 1449 honorib

439 1474 786 1544 ambitiosi
848 1474 1157 1542 homines
1205 1474 1303 1541 uti
1367 1473 1869 1541 consueverint.
1925 1472 2121 1541 Aliud
2185 1472 2681 1541 monasterium
2739 1465 2899 1536 iude,

442 1569 505 1632 S.
561 1563 793 1632 Clarae
842 1561 1210 1656 disciplina
1263 1563 1650 1630 institutum
1702 1573 1848 1641 est;
1901 1583 2059 1629 cum
2112 1560 2294 1628 enim
2328 1560 2598 1628 Joanna
2649 1555 2903 1625 Vistari

442 1651 970 1721 Mediolanensis
1034 1650 1297 1741 puellas
1364 1651 1602 1738 inopes
1662 1672 1893 1719 secum
1960 1650 2028 1717 in
2080 1648 2284 1717 domo
2349 1648 2499 1738 piae
2555 1646 2917 1717 1ἰῦετ31ἰι3,

441 1742 661 1829 gratia
712 1751 1114 1819 sustentare,
1171 1740 1303 1828 piis
1350 1752 1413 1806 et
1462 1738 1802 1828 religiosis
1862 1738 2192 1817 moribuS,
2252 1736 2656 1807 eorumdem
2707 1740 2842 1804 Patr
2886 1761 2892 1786 ν

444 1835 506 1899 S.
564 1829 912 1897 Barnabae
944 1828 1155 1897 ductu
1207 1828 1725 1917 praeceptisque
1765 1827 2120 1895 instituere
2159 1827 2516 1915 coepisset,
2558 1844 2832 1912 quorum
2870 1837 2915 1878 21·

441 1918 798 1987 ecclesiam
837 1930 980 1986 erat
1014 1919 1100 1986 ob
1135 1928 1560 1985 sacramenta
1610 1915 1954 2002 frequens,
1993 1915 2181 1984 auxit
2217 1914 2549 2002 paulatim
2593 1934 2855 1982 numeru
2884 1939 2919 1974 w.

444 2021 586 2075 tum
628 2008 862 2075 Carolo
910 2006 1265 2086 consulto,
1323 2005 1464 2073 viro
1513 2005 2017 2084 consentiente,
2071 2004 2353 2072 domum
2407 2003 2492 2072 iis
2546 2002 2806 2079 coemit,
2854 2021 2919 2058 ·-·-·

442 2095 721 2164 clesiam
772 2108 836 2164 et
885 2094 1373 2164 monasterium
1411 2093 1817 2172 aedificavit,
1855 2106 1919 2161 et
1953 2097 2016 2161 S.
2058 2094 2393 2161 Barbarae
2430 2093 2712 2160 nomine
2748 2090 2834 2158 loc
2884 2129 2888 2142 ·

441 2184 826 2265 dedicavit;
885 2185 1009 2253 hoc
1060 2184 1215 2252 item
1282 2182 1691 2251 coenobium
1756 2182 1991 2251 Carolo
2041 2194 2315 2271 propter
2362 2181 2766 2267 exquisitam
2820 2197 2903 2243 a·-

444 2295 714 2343 morum
769 2278 900 2343 Deo
951 2273 1222 2362 penitus
1270 2270 1659 2340 deditorum
1715 2270 2140 2360 religionem,
2181 2271 2401 2355 victus
2451 2292 2534 2338 ac
2584 2264 2911 2355 disciplin

441 2363 670 2432 omnis
717 2362 1064 2442 duritiem,
1122 2360 1315 2430 valde
1364 2360 1724 2451 probatum
1777 2358 1925 2430 fuit.
1979 2358 2122 2429 Alia
2183 2359 2649 2429 foeminarum
2694 2356 2794 2445 pia
2829 2374 2923 2448 cus

445 2452 645 2542 legia,
711 2451 809 2519 vel
852 2463 1086 2540 coepta
1120 2450 1264 2538 jam
1317 2449 1749 2518 confirmavit
1800 2447 2232 2535 multumque
2280 2449 2491 2526 auxit,
2541 2448 2643 2515 vel
2695 2443 2857 2513 instit
2886 2452 2923 2499 ³?-

442 2541 613 2630 ipse.
668 2539 1045 2609 Viduarum
1098 2539 1385 2609 societas
1438 2541 1505 2606 in
1557 2553 1828 2606 sanctae
1877 2543 2107 2606 Annae
2146 2536 2378 2616 tutela,
2431 2537 2587 2623 ejus
2621 2547 2721 2603 est
2756 2554 2893 2601 auc

446 2631 639 2697 ritate
686 2629 1096 2708 constituta,
1156 2649 1401 2717 nempe
1448 2648 1712 2706 earum,
1765 2648 1940 2713 quae
1994 2638 2142 2714 post
2195 2626 2403 2693 unius
2461 2625 2587 2692 viri
2652 2635 2921 2692 mortem-

445 2717 820 2786 castitatem
872 2738 1295 2794 conservare,
1349 2729 1413 2785 et
1465 2715 1833 2804 praecipua
1867 2715 2224 2805 diligentia
2277 2715 2385 2802 pie
2434 2714 2662 2781 vivere
2716 2708 2921 2778 vellen

446 2810 781 2874 Honestae
834 2803 1104 2873 mulieri
1145 2804 1435 2874 multum
1473 2803 1659 2884 favit,
1698 2825 1872 2891 quae
1919 2827 1998 2873 eo
2048 2826 2118 2872 se
2154 2823 2437 2871 munere
2485 2809 2856 2890 occuparet.
2905 2834 2907 2849 =

448 2895 747 2982 virgines
795 2916 1029 2962 earum
1100 2907 1382 2983 sumptu
1446 2893 1763 2982 religiosa
1831 2892 2037 2961 simul
2090 2891 2412 2959 educaret
2460 2888 2819 2978 disciplina
2895 2904 2927 2937 ‹··‘

449 3004 656 3069 reque
704 2982 785 3050 ad
825 2982 1205 3072 regularem
1243 2983 1447 3051 vitam
1503 2981 2017 3071 suscipiendam
2071 2980 2474 3049 institueret.
2537 2984 2804 3055 Locum,
2847 2988 2929 3057 qs·-

450 3076 834 3142 Succursus
900 3071 1330 3161 appellatur,
1398 3085 1714 3159 coeptum
1784 3069 1979 3138 illum
2047 3068 2324 3155 quidem
2389 3080 2589 3136 antea
2650 3068 2931 3154 Hispan

446 3161 810 3248 cujusdam
855 3160 1149 3250 insignis
1201 3159 1512 3228 mulieris
1560 3160 1789 3249 opera,
1835 3157 2096 3227 fabrica
2128 3158 2553 3244 caeterisque
2587 3156 2784 3224 rebus
2816 3169 2911 3218 co·

450 3249 692 3329 stituit,
726 3249 846 3317 ubi
882 3248 1218 3318 foeminae
1261 3249 1531 3317 interim
1576 3261 2033 3326 servarentur,
2069 3246 2233 3315 dum
2272 3245 2368 3314 vel
2412 3244 2778 3334 pudicitiae
2819 3259 2877 3335 cc
2924 3268 2929 3273 ·

450 3337 836 3420 suleretur,
890 3338 989 3406 vel
1054 3359 1211 3407 cum
1270 3337 1433 3406 viris
1495 3349 2071 3437 componerentur
2118 3335 2315 3415 lites;
2370 3348 2645 3403 sanctae
2695 3329 2929 3399 Valeri

450 3430 733 3495 domum
765 3482 779 3507 ,
832 3448 1010 3513 quae
1058 3432 1550 3495 Conversarum
1602 3424 1892 3505 dicitur,
1947 3425 2179 3504 auxit,
2234 3424 2353 3493 ubi
2451 3421 2838 3512 uamplures
2868 3435 2915 3512 ἓν

456 3529 781 3605 perpetuo
831 3515 1281 3606 religioseque
1328 3513 1830 3584 convivendum
1881 3535 1956 3581 ex
2010 3512 2360 3601 impudica
2437 3532 2548 3580 ere
2597 3512 2727 3578 vita
2774 3517 2929 3587 reclpl

451 3605 690 3674 solent.
746 3604 941 3674 Aliud
994 3603 1327 3684 fundavit,
1376 3603 1908 3690 Depositumque
1966 3606 2028 3670 S.
2085 3602 2333 3669 Mariae
2382 3599 2809 3689 Magdalenae
2847 3613 2901 3689 n}

456 3694 762 3773 minavit,
818 3692 901 3761 ad
954 3692 1309 3761 ecclesiam
1366 3697 1428 3760 S.
1470 3692 1623 3772 Viti,
1679 3691 1799 3759 ubi
1849 3712 1966 3759 eae
2016 3701 2483 3779 reponantur,
2539 3710 2716 3776 quae
2758 3682 2917 3779 subt·

451 3782 534 3851 de
582 3804 794 3851 coeno
830 3781 1280 3870 turpitudinis
1314 3781 1376 3849 in
1411 3801 1549 3867 quo
1576 3781 1828 3868 jacent,
1864 3778 2318 3848 extrahendae
2352 3790 2537 3857 sunt,
2583 3789 2660 3845 ut
2687 3777 2924 3843 interim.

449 3870 613 3957 quid
667 3871 753 3939 iis
801 3870 1194 3940 faciendum
1246 3870 1382 3950 sit,
1436 3868 1865 3938 consulatur.
1935 3873 2010 3937 At
2061 3869 2358 3937 marium
2408 3887 2682 3953 quoque
2723 3870 2926 3930 coetus,

454 3970 716 4048 praeter
762 3982 841 4028 ea
888 3981 1064 4046 quae
1110 3959 1413 4027 diximus
1464 3959 1856 4040 seminaria,
1913 3956 2282 4025 nonnullos
2332 3956 2648 4025 instituit.
2687 3948 2820 4033 Qui,
2841 3961 2930 4032 'pfl‘

451 4049 749 4118 stilentia
797 4049 1076 4117 demum
1128 4047 1425 4116 extincta
1476 4047 1772 4116 mendici
1809 4045 1890 4114 ad
1935 4045 2297 4114 Victoriam
2348 4043 2592 4130 reliqui
2629 4041 2905 4134 suamet}

449 4137 517 4204 in
570 4139 875 4207 urbanas
914 4137 1115 4206 aedes
1164 4136 1409 4206 Stellae
1459 4137 1739 4205 nomine
1787 4134 2165 4225 appellatas
2214 4132 2519 4213 deduxit,
2557 4128 2736 4199 unde
2770 4137 2934 4222 virg!

454 4246 617 4292 num
671 4226 1035 4316 collegium
1088 4225 1449 4295 eduxerat:
1509 4224 1840 4314 piumque
1872 4245 2050 4314 opus
2079 4243 2364 4312 augens,
2398 4241 2604 4311 vagos
2651 4218 2924 4286 hommes.

452 4313 569 4397 qui
612 4313 862 4380 victum
899 4315 1195 4382 ostiatim
1250 4313 1668 4393 mendicant,
1702 4335 1993 4400 quorum
2047 4313 2278 4390 vitam,
2323 4310 2410 4378 ob
2468 4311 2747 4377 incertas
2776 4294 2925 4368 sedes

454 4399 849 4488 speculatur
899 4424 1137 4482 nemo;
1191 4403 1309 4488 qui
1377 4424 1577 4491 saepe
1626 4401 1709 4470 ad
1763 4415 2030 4491 turpem
2099 4400 2412 4469 inertiam
2472 4395 2921 4474 desidiamque·
