2993 4837
65 282 207 347 Not'.
259 281 338 344 28
719 298 795 343 na
845 298 898 343 s.
954 295 1278 343 swerman
1326 298 1595 344 semona
1645 299 1835 343 Maur.
2342 281 2454 344 7001

62 407 156 473 par
195 404 568 462 accurrens,
628 403 986 450 scamnum
1038 382 1386 467 quoddam
1429 396 1841 470 occuparat:
1895 403 2031 467 quo
2087 403 2241 449 eum
2278 435 2292 459 ,
2344 403 2546 467 quem

60 472 352 560 cupiebat,
406 493 442 539 e
480 471 816 559 superiori
859 470 1007 539 loco
1056 470 1306 538 intueri
1344 483 1590 559 posset.
1647 475 1809 538 Cum
1867 470 2074 558 igitur
2107 468 2222 538 ille
2265 492 2382 558 per
2429 475 2552 538 Ec-

59 560 291 629 clesiam
327 561 660 632 transiret.
694 560 918 627 statim
965 558 1214 627 mulier
1243 558 1496 647 (ipsam
1534 560 1718 627 enim
1760 560 1934 646 eJuS‚
1979 580 2182 644 quem
2214 571 2404 627 utero
2436 581 2551 647 ge-

60 650 262 730 stabat,
297 671 460 718 cura
488 647 936 734 concitabat):
970 669 1005 713 «
1037 647 1349 727 Benedic,
1392 646 1693 726 domine,
1733 646 1800 714 id
1834 646 2015 733 quod
2061 647 2129 715 in
2181 660 2371 717 utero
2406 669 2555 715 meo

57 751 149 818 est,
173 762 204 803 »
243 737 532 806 clamare
563 738 804 825 coepit.
851 737 973 804 Ille
1006 748 1232 805 autem
1271 737 1652 825 perspicaci
1684 736 1955 805 animae
1987 735 2187 805 oculo
2218 757 2403 815 eum,
2435 737 2552 821 qui

56 839 214 895 utero
252 827 660 915 gestabatur,
702 826 1020 895 intuens:
1080 825 1508 894 «Benedicat
1563 825 1747 894 hunc
1792 825 2128 894 Dominus
2180 846 2299 913 per
2349 825 2557 913 primi

57 917 328 1003 Martyris
394 915 937 994 intercessiones,
978 936 1013 980 »
1077 913 1454 1003 respondit.
1508 913 1700 1003 Apud
1752 934 1992 982 omnes
2051 934 2251 1001 porro
2307 912 2556 981 mulier

56 1003 422 1084 affirmabat,
473 1025 543 1074 se
582 1026 660 1072 ea
712 1005 897 1083 hora,
945 1024 1081 1089 qua
1124 1003 1250 1072 hoc
1307 1001 1686 1083 audiisset,
1751 1003 2020 1092 igneam
2074 1002 2424 1070 flammam
2476 1023 2557 1070 ex

56 1092 248 1160 divino
280 1093 392 1161 illo
433 1114 548 1161 ore
582 1092 1047 1182 prosilientem
1087 1091 1358 1159 vidisse.
1416 1096 1498 1160 Ut
1531 1092 1744 1179 igitur
1778 1093 1845 1158 in
1889 1089 2112 1159 lucem
2155 1089 2380 1159 editus
2427 1102 2549 1170 est,

55 1182 244 1249 statim
277 1203 455 1261 eum,
495 1194 573 1250 ut
605 1202 899 1266 magnus
933 1183 1314 1248 Germanus
1366 1180 1813 1267 praedixerat,
1869 1178 2292 1267 Stephanum
2325 1178 2555 1267 appel·

58 1268 271 1337 larunt.
328 1269 898 1356 Quandoquidem
950 1282 1176 1337 autem
1235 1269 1564 1358 baptismi
1621 1290 1894 1356 quoque
1969 1267 2122 1336 luce
2168 1266 2557 1336 collustrari

55 1379 182 1426 eum
215 1360 580 1447 oportebat,
618 1358 735 1445 qui
778 1372 933 1425 ante
972 1359 1175 1426 etiam
1211 1379 1419 1445 quam
1451 1360 1518 1425 in
1550 1357 1772 1426 lucem
1812 1357 2134 1446 prodiret,
2173 1356 2557 1425 illustratus

56 1461 188 1526 erat,
241 1447 321 1515 ad
365 1449 656 1536 magnae
714 1447 1006 1536 Sophiae
1048 1447 1524 1535 baptisterium
1586 1447 1754 1513 itum
1809 1459 1908 1516 est
1942 1452 2113 1529 (erat
2148 1459 2372 1514 autem
2411 1459 2554 1513 tum

58 1555 295 1622 vespera
336 1537 571 1625 magni
610 1535 884 1604 Sabbati
928 1536 1472 1605 Resurrectionis
1523 1534 1844 1623 Christi);
1897 1534 2417 1621 clarissimoque
2458 1532 2559 1600 illi

57 1627 351 1694 Germano
381 1626 447 1693 in
506 1646 756 1692 manus
796 1624 1022 1692 datur.
1076 1624 1204 1706 Qui
1255 1625 1479 1692 statim
1516 1645 1674 1692 eum
1720 1623 2037 1711 baptizat,
2080 1637 2282 1709 atque
2331 1622 2553 1710 ungit,

54 1732 208 1793 eum,
244 1714 552 1800 inquam,
598 1714 714 1800 qui
739 1713 882 1801 jam
926 1713 1211 1801 jamque
1260 1712 1565 1801 spiritale
1605 1712 1944 1780 Ecclesiae
1985 1725 2416 1799 unguentum
2453 1710 2561 1779 fu-

57 1811 221 1868 turus
248 1816 406 1871 erat.
449 1808 736 1871 Domum
786 1803 1014 1887 itaque
1054 1801 1326 1880 reversi,
1380 1823 1538 1869 cum
1563 1801 1708 1889 jam
1756 1822 1925 1890 puer
1955 1799 2037 1867 ad
2073 1822 2221 1868 eam
2273 1814 2559 1868 aetatem

56 1889 327 1971 venisset,
367 1913 545 1978 quae
581 1889 965 1959 studiorum
1008 1910 1222 1978 capax
1255 1902 1453 1968 esset,
1495 1890 1580 1957 ad
1621 1888 2139 1977 ludimagistros
2186 1910 2343 1957 eum
2399 1909 2555 1977 pro-

58 1975 257 2053 ficisci,
286 2002 363 2049 ac
393 1979 787 2079 disciplinis
815 2000 1090 2066 operam
1117 1978 1279 2046 dare
1304 1978 1687 2046 voluerunt.
1731 1981 1794 2045 Is
1826 1990 2052 2046 autem
2092 1977 2174 2045 ad
2213 1979 2558 2066 egregiam

60 2080 330 2136 naturam
376 2068 633 2137 laboris
679 2090 758 2135 ac
814 2067 1209 2154 diligentiae
1260 2088 1554 2166 pennam
1615 2065 2028 2155 adjungenS,
2077 2065 2162 2134 ad
2213 2065 2562 2134 doctrinae

62 2158 523 2246 perceptionem
563 2155 864 2244 duplicis
902 2156 1049 2225 alae
1084 2155 1394 2224 subsidio
1428 2154 1781 2223 celerrime
1818 2154 2233 2242 provolabat,
2270 2176 2347 2222 ac
2383 2153 2566 2221 velut

68 2261 242 2326 equus
293 2268 410 2334 per
453 2245 809 2334 planitiem
851 2244 1191 2313 currebat.
1247 2249 1386 2312 Hoc
1439 2265 1638 2333 porro
1688 2243 1927 2312 sedulo
1988 2244 2250 2333 agebat,
2307 2255 2381 2311 ut
2429 2263 2562 2310 non

72 2331 231 2426 niodo
258 2334 688 2424 disciplinaS,
728 2332 842 2401 sed
878 2334 1080 2401 etiam
1115 2332 1428 2402 virtutem
1466 2333 1597 2401 sibi
1634 2345 2105 2422 compararet:
2158 2353 2294 2418 quo
2334 2346 2398 2399 et
2449 2351 2567 2421 per

63 2415 185 2517 illas
221 2439 536 2502 mentem,
578 2436 641 2490 et
690 2443 807 2510 per
857 2423 1036 2491 hanc
1079 2444 1299 2491 mores
1346 2444 1674 2491 exornare
1708 2434 1956 2511 posset.
2011 2421 2187 2503 Quin
2239 2422 2441 2489 etiam
2493 2417 2561 2488 in

62 2505 409 2581 divinorum
453 2511 890 2580 oraculorum
950 2510 1236 2580 lectione
1287 2525 1472 2579 tanto
1522 2510 1749 2580 studio
1802 2523 1867 2579 et
1918 2532 2086 2579 cura
2143 2511 2559 2589 versabatur,

59 2608 119 2663 ut
142 2619 211 2667 ea
234 2613 542 2690 prompte
569 2622 647 2668 ac
682 2600 1073 2668 memoriter
1104 2601 1436 2680 recitaret,
1469 2611 1673 2686 atque
1705 2599 1983 2689 ingenio
2010 2611 2358 2685 tamquam
2394 2597 2566 2665 libro

58 2696 345 2758 uteretur.
397 2694 485 2759 Ac
536 2700 881 2777 praeterea
914 2711 1071 2757 cum
1114 2711 1345 2758 sacras
1391 2688 1596 2757 aedes
1634 2687 1873 2767 adiret,
1915 2701 2118 2775 atque
2153 2709 2344 2757 sacra
2388 2685 2567 2754 Scri-

60 2786 227 2858 ptura
275 2778 633 2868 legeretur,
692 2791 914 2846 rectus
954 2777 1195 2857 stabat,
1237 2790 1554 2863 totusque
1604 2777 1672 2843 in
1711 2798 1975 2856 eorum,
2017 2796 2196 2863 quae
2250 2775 2569 2865 legeban-

57 2872 165 2942 tur,
193 2868 540 2935 auditione
580 2865 843 2935 defixus
878 2878 1043 2944 erat,
1085 2887 1217 2933 non
1254 2888 1439 2955 genu
1474 2868 1776 2945 flectenS,
1815 2887 1947 2933 non
1986 2864 2251 2934 desidia
2281 2863 2571 2952 langue-

60 2968 248 3028 scens,
292 2977 423 3024 non
484 2955 783 3041 denique
839 2952 923 3022 ad
964 2976 1065 3033 ea,
1118 2975 1294 3041 quae
1345 2954 1775 3034 dicebantur,
1837 2953 2396 3032 obdormiscens,
2454 2950 2570 3022 sed

57 3044 324 3123 arrectis,
382 3057 458 3113 ut
506 3042 643 3111 dici
695 3043 885 3124 solet,
940 3043 1229 3112 auribus
1278 3042 1725 3113 auscultans:
1783 3065 1865 3110 ne
1913 3043 2075 3130 quid
2128 3063 2284 3110 eum
2337 3063 2416 3109 ex
2467 3041 2574 3109 his

56 3146 202 3210 quae
230 3133 714 3212 recitabantur,
749 3132 1100 3221 effugeret.
1146 3131 1220 3199 Id
1257 3143 1485 3200 autem
1530 3144 1672 3200 tum
1708 3131 2004 3217 denique
2044 3130 2274 3199 studio
2315 3129 2575 3215 majore

57 3213 246 3314 facere
285 3222 664 3300 videbatur,
704 3243 862 3289 cum
904 3219 1166 3307 aliquid
1200 3242 1278 3288 ex
1315 3221 1600 3288 Joannis
1650 3220 2111 3306 chrysostomi
2155 3218 2576 3288 lucubratio-

58 3306 235 3376 nibus
267 3308 626 3400 legeretur.
681 3314 845 3377 Nam
890 3308 1279 3378 incredibili
1313 3309 1615 3395 quodam
1660 3309 1881 3394 ipsius
1913 3329 2144 3377 amore
2191 3308 2569 3386 tenebatur,

56 3404 231 3491 atque
277 3421 350 3466 ex
385 3399 535 3485 ejus
587 3398 986 3487 praesertim
1035 3398 1463 3467 orationibus
1515 3396 1897 3486 pendebat:
1955 3396 2021 3464 id
2073 3395 2386 3465 videlicet
2433 3394 2575 3464 effi·
2655 3404 2662 3411 “

54 3501 238 3563 ciem,
277 3502 348 3555 ut
381 3485 565 3574 quod
618 3485 702 3554 de
737 3486 1091 3556 Sirenibus
1137 3485 1441 3555 effictum
1477 3499 1600 3567 est,
1644 3506 1712 3554 re
1741 3507 1898 3554 vera
1937 3485 2004 3552 in
2061 3485 2199 3555 illis
2233 3485 2569 3553 existeret.

55 3574 240 3656 Atque
292 3576 415 3644 hac
457 3575 717 3644 ratione
768 3596 990 3644 mores
1038 3597 1202 3644 suos
1249 3576 1439 3644 omni
1487 3596 1568 3643 ex
1619 3587 1808 3664 parte
1844 3573 2326 3643 moderabatur
2374 3586 2576 3660 atque

54 3665 522 3750 componebat:
578 3664 748 3732 adeo
796 3676 871 3732 ut
916 3676 982 3732 et
1027 3685 1104 3732 os
1150 3686 1191 3733 a
1231 3663 1632 3751 juramento
1683 3684 1936 3751 purum
1989 3662 2289 3743 haberet,
2328 3675 2393 3732 et
2422 3662 2573 3729 ina-

58 3765 201 3849 nem·
226 3773 607 3821 sermonem
645 3775 765 3821 nec
817 3753 961 3842 ipse
1013 3752 1364 3842 proferret,
1423 3774 1548 3821 nec
1597 3751 2048 3842 proferentem
2085 3749 2298 3819 alium
2337 3750 2579 3820 audire

56 3849 441 3934 sustineren
498 3843 885 3930 proximum
938 3855 1163 3910 autem
1226 3863 1347 3910 nec
1378 3840 1774 3930 judicaret,
1833 3861 1957 3908 nec
1999 3839 2383 3909 maledictis
2420 3861 2577 3928 pro·

59 3927 420 4010 scinderet3
475 3951 639 4017 opes
690 3951 913 4018 porro,
968 3944 1030 3997 et
1078 3929 1362 4000 delicias
1395 3984 1410 4010 ,
1464 3942 1530 3998 et
1577 3929 1891 4019 gloriam,
1948 3928 2101 3997 forti
2150 3929 2383 3997 animo
2417 3948 2576 3995 con-

59 4019 407 4098 temneret3
458 4018 761 4105 quietam
797 4040 875 4087 ac
924 4017 1260 4107 frugalem
1312 4019 1517 4087 vitam
1571 4033 1992 4105 sequeretur,
2047 4040 2125 4085 ac
2160 4016 2580 4107 parsimonia

58 4104 279 4190 magis,
313 4128 521 4192 quam
550 4106 666 4174 alii
691 4122 1095 4196 sumptuum
1128 4107 1642 4197 magnificentia
1673 4120 1737 4175 et
1772 4105 2190 4196 profusione,
2225 4103 2573 4195 gauderet.

132 4190 164 4275 ξ
206 4197 293 4264 8.
348 4200 438 4263 Ea
493 4217 691 4284 porro
741 4208 1136 4284 tempestate
1182 4196 1321 4276 ille,
1376 4218 1511 4264 non
1567 4194 1799 4264 minus
1842 4194 2166 4263 belluinis
2216 4192 2527 4261 moribus
2560 4244 2575 4269 ‚

60 4292 243 4373 ‘illam
278 4284 555 4353 nomine
603 4288 754 4365 Le0‚
808 4283 1139 4353 adornata
1187 4284 1661 4371 instructaque
1708 4283 1792 4352 ad
1837 4282 2295 4352 invadendam
2348 4293 2582 4369 tyran-

64 4364 269 4436 nidem
319 4373 816 4462 conjuratione,
854 4374 939 4442 ab
981 4372 1442 4442 Orientalibus
1492 4372 1804 4463 partibus
1839 4370 2322 4462 proficiscitur,
2379 4379 2582 4454 atque
