2993 4837
63 279 218 344 NOV.
274 263 371 342 23
720 298 797 342 ne
845 298 900 343 s.
956 296 1314 348 carmania
1367 297 1532 343 vtae.
1589 298 1663 342 Ετ
1712 298 1902 343 naar.
2369 283 2498 346 665

60 381 314 460 ditione,
352 380 673 449 salutem.
727 386 1050 471 Magnum
1100 385 1447 450 consecuti
1505 380 1916 450 beneficium
1964 404 2002 450 a
2054 381 2338 450 deorum
2392 383 2586 452 beni-

57 471 330 559 gnitate,
398 469 604 537 veluti
663 469 1010 555 quandam
1066 469 1275 557 liujus
1329 470 1843 540 munificentiae
1908 470 2579 548 remunerationem,

54 560 437 628 censuimus
490 578 610 626 nos
663 571 973 646 oportere
1023 559 1263 627 offerre
1328 558 1692 626 sacrificia.
1749 561 2002 628 Omnes
2048 581 2255 650 erg0,
2319 560 2376 629 si
2441 560 2581 628 lieri

56 659 270 735 potest,
324 645 409 714 ad
467 669 588 717 nos
639 648 1006 726 venienteS,
1055 646 1389 716 ostendite
1441 661 1731 716 vestram
1786 647 1855 715 in
1918 669 2204 736 magnos
2253 648 2417 716 deos
2469 649 2583 717 be-

54 735 533 805 nevolentiam:
590 736 880 804 scientes
940 735 1120 822 quod
1187 735 1309 822 qui
1360 735 1485 803 lioc
1547 748 1857 805 nostrum
1907 737 2207 806 edictum
2276 751 2580 806 contem-

55 826 264 909 pserit,
317 836 383 892 et
432 824 515 891 ad
560 823 764 892 aliam
817 847 859 893 a
895 824 1092 894 nobis
1144 824 1557 913 prohibitam
1620 823 2006 913 adspexerit
2048 825 2474 914 religionem,
2516 840 2578 894 et

50 913 287 981 excidet
319 913 409 982 ab
443 913 591 1001 ipsa
625 934 873 1002 magna
920 913 1204 982 deorum
1244 911 1737 990 benevolentia,
1774 924 1839 980 et
1872 914 2279 1001 subjicietur
2308 937 2345 982 a
2384 916 2578 983 nobis

52 1000 228 1069 malis
260 1001 608 1070 extremis
650 1024 684 1066 »

123 1093 279 1176 §2
318 1095 488 1159 Cum
544 1090 667 1157 bae
708 1088 968 1159 litterae
1020 1090 1084 1157 in
1137 1111 1411 1158 ornnem
1466 1102 1726 1178 partem
1773 1090 2275 1178 pervasissent,
2332 1090 2578 1161 licebat

54 1177 252 1246 videre
284 1178 751 1246 confluentem
792 1177 877 1246 ad
934 1179 1161 1267 ipsum
1200 1177 1718 1248 multitudinem
1755 1190 1941 1247 metu
1976 1179 2321 1247 minarum
2360 1201 2372 1244 :
2411 1202 2578 1265 quo-

55 1287 178 1334 rum
210 1266 324 1335 alii
374 1266 658 1353 quidem
710 1267 1145 1336 adducebant
1192 1288 1349 1336 oves
1381 1280 1446 1335 et
1478 1268 1721 1345 boves;
1774 1266 1894 1335 alii
1942 1281 2169 1335 autem
2225 1268 2409 1335 varia
2458 1291 2575 1356 ge-

55 1375 188 1422 nera
217 1356 475 1424 avium.
533 1359 756 1441 Neque
804 1370 947 1424 erat
994 1354 1184 1424 ullus
1235 1356 1593 1439 immunis,
1641 1356 1756 1424 sed
1809 1368 2003 1424 erant
2043 1377 2283 1425 omnes
2337 1357 2572 1424 intenti

58 1441 109 1509 in
134 1458 466 1532 apparatu
515 1445 865 1512 sacrificii.
921 1449 1084 1512 Nam
1122 1446 1240 1530 qui
1282 1457 1478 1513 erant
1529 1444 1723 1513 valde
1770 1444 2015 1513 divites
2049 1499 2063 1524 ,
2123 1445 2571 1514 constitutum

54 1545 193 1610 erat,
249 1546 321 1601 ut
373 1554 627 1622 magna
661 1533 989 1602 animalia
1019 1533 1442 1606 adducerent
1474 1532 1561 1601 ad
1597 1533 2016 1602 sacrificium
2047 1556 2059 1597 :
2105 1556 2310 1623 parva
2345 1547 2571 1603 autem

54 1640 383 1708 paupereS,
446 1633 648 1708 prout
695 1622 1076 1708 unicuique
1126 1623 1584 1711 suppetebant
1623 1621 2002 1703 facultateS‚
2042 1633 2106 1690 et
2151 1635 2295 1690 erat
2329 1623 2573 1692 unius-

52 1709 360 1796 cujusque
395 1711 464 1778 in
502 1710 665 1780 deos
701 1709 1193 1779 benevolentia.
1247 1710 1337 1777 Ad
1384 1732 1491 1778 ma
1551 1711 1969 1779 nificentiam
2020 1722 2245 1779 autem
2282 1732 2396 1779 eos
2434 1733 2574 1778 ma·

54 1796 206 1865 xime
255 1799 587 1869 incitabat
638 1804 1014 1887 Imperator
1048 1853 1062 1878 ,
1108 1799 1400 1867 afferens
1447 1822 1484 1866 a
1586 1797 2120 1868 sacrificandum
2186 1815 2460 1868 centuni
2512 1814 2575 1868 et

56 1885 300 1974 triginta
345 1901 605 1956 tauros.
661 1891 827 1955 Cum
878 1909 1119 1956 omnes
1166 1908 1328 1976 ergo
1377 1887 1461 1955 ad
1516 1887 1742 1974 ipsum
1781 1888 2260 1957 convenissent
2298 1887 2574 1956 Alexan—

56 1970 272 2054 driam,
313 1975 512 2044 valde
562 1976 849 2044 laetatus
900 1987 1022 2057 est,
1065 1975 1301 2045 videns
1347 1975 1858 2044 multitudinem
1906 1975 2142 2080 populi
2195 1990 2259 2044 et
2310 1977 2574 2046 sacriti—

58 2061 282 2131 ciorum
315 2091 328 2130 :
370 2064 546 2133 adeo
579 2077 653 2132 ut
690 2086 810 2132 nec
846 2064 1135 2133 alterurn
1179 2064 1456 2150 quidem
1501 2078 1772 2153 tempus
1804 2065 2233 2153 exspectarit,
2272 2065 2386 2132 sed
2426 2088 2574 2155 pro-

64 2150 215 2219 tinus
267 2153 686 2232 surrexerit,
740 2165 802 2221 et
850 2151 1182 2221 citissime
1230 2152 1313 2220 ad
1369 2152 1697 2241 templum
1747 2153 2175 2242 processerit,
2231 2169 2295 2220 et
2345 2155 2568 2242 ipsum

70 2243 354 2328 peregerit
424 2241 871 2314 sacrificium.
945 2247 1109 2309 Cum
1169 2263 1248 2310 eo
1303 2256 1530 2310 autem
1599 2242 1917 2310 currebat
1983 2264 2187 2310 omne
2235 2265 2454 2331 genus
2511 2254 2574 2309 et

68 2329 248 2397 omnis
270 2343 484 2410 aetas,
521 2343 584 2398 et
625 2331 989 2398 universus
1017 2342 1318 2408 senatuS,
1353 2342 1417 2398 et
1445 2351 1687 2400 omnes
1726 2330 2187 2420 magistratuS,
2239 2330 2566 2421 plebsque

65 2425 112 2480 et
141 2416 363 2508 vulgus
401 2420 792 2499 hominum,
824 2441 999 2506 quae
1031 2420 1113 2487 ad
1147 2418 1564 2488 sacrificium
1607 2420 2057 2508 pertinebant,
2095 2422 2572 2506 unusquisque

60 2502 347 2576 afferens:
388 2507 562 2577 adeo
609 2520 684 2575 ut
743 2520 1013 2596 propter
1075 2507 1586 2577 multitudinem
1645 2531 1877 2577 eorum
1933 2510 2049 2594 qui
2099 2510 2561 2585 continebant,

57 2610 311 2681 angusta
339 2610 521 2667 esset
554 2596 700 2685 ipsa
736 2596 998 2675 civitas,
1037 2609 1412 2685 angustum
1450 2597 1825 2684 templum;
1880 2595 2179 2665 clamore
2215 2620 2369 2665 vero
2413 2599 2571 2665 bru-

58 2690 247 2751 torum
282 2685 743 2754 animantium
792 2686 1334 2755 circumsonaret
1379 2698 1512 2755 tota
1566 2686 1747 2773 regio
1780 2686 2279 2765 circumcirca3
2338 2685 2572 2753 nidore

60 2782 252 2839 autem
296 2774 796 2843 sacrificiorum
843 2774 987 2862 ipse
1018 2795 1291 2859 quoque
1330 2776 1447 2841 aer
1490 2774 1905 2843 inficeretur.

129 2859 285 2942 §a
340 2869 507 2931 Cum
562 2862 728 2930 haec
779 2861 877 2932 sic
927 2862 1187 2939 fierent,
1243 2861 1491 2930 mulier
1541 2862 1877 2949 quaedam
1941 2863 2075 2950 pia,
2140 2863 2418 2931 nomine
2459 2868 2569 2933 Ae-

61 2948 324 3018 caterina
357 3005 371 3030 ,
430 2963 643 3020 aetate
685 2951 962 3036 juvenis
993 3005 1007 3031 ,
1067 2950 1305 3039 pulcra
1354 2952 1603 3038 specie,
1658 2972 1832 3037 quae
1884 2973 2103 3040 genus
2154 2950 2447 3020 ducebat
2493 2974 2569 3020 ex

59 3051 153 3099 san
202 3037 360 3107 uine
403 3040 611 3129 regi0‚
648 3061 921 3108 omnem
964 3052 1192 3109 autem
1226 3053 1291 3109 et
1324 3052 1671 3108 externam
1707 3052 1771 3107 et
1809 3053 2106 3109 nostram
2142 3040 2565 3129 Scripturam

61 3138 156 3203 per
183 3140 448 3214 egerat,
509 3127 742 3197 multis
792 3128 1064 3197 ancillis
1112 3129 1432 3197 comitata
1482 3128 1768 3217 degebat
1818 3128 2259 3197 Alexandriae
2290 3184 2304 3208 ,
2359 3142 2423 3197 et
2472 3130 2568 3197 sic

58 3214 501 3284 asservabatur
536 3216 602 3284 in
645 3215 933 3285 aedibus
967 3215 1195 3306 regiis,
1231 3229 1293 3284 et
1328 3216 1553 3286 solum
1593 3216 1942 3287 Christum·
1972 3230 2166 3286 norat
2200 3239 2560 3306 sponsum,

58 3306 109 3394 et
136 3300 190 3368 ei
218 3303 488 3374 animae
537 3306 847 3376 servabat
897 3304 1487 3394 pulcritudinem:
1539 3319 1602 3373 et
1653 3306 1716 3373 in
1772 3327 1927 3374 eum
1981 3304 2205 3373 solum
2263 3318 2406 3374 erat
2454 3328 2568 3373 cor

56 3403 181 3471 ejus
209 3412 437 3462 amore
490 3392 1023 3462 inflammatum.
1070 3398 1247 3462 Haec
1297 3394 1395 3462 sic
1445 3392 1682 3461 videns
1721 3393 2028 3462 homines
2077 3394 2564 3483 gravissimum

58 3474 262 3573 subire
295 3481 758 3572 naufragium,
818 3492 883 3550 et
931 3483 1158 3550 venire
1210 3482 1277 3548 in
1329 3494 1704 3550 extremum
1763 3482 2076 3551 interitus
2132 3482 2562 3571 periculum,

54 3579 255 3634 ammo
288 3572 583 3659 graviter
630 3569 891 3650 affecta,
945 3582 1011 3639 et
1062 3591 1183 3658 pro
1235 3571 1521 3639 Domino
1571 3570 2028 3639 aemulatione
2070 3591 2148 3639 ac
2205 3571 2347 3641 zelo
2400 3572 2567 3639 inci-

58 3659 190 3734 tata,
225 3666 381 3728 tunc
420 3660 713 3728 maxime
741 3659 975 3727 statuit
1009 3680 1212 3728 suum
1250 3657 1607 3727 ostendere
1638 3656 2083 3738 desiderium,
2118 3671 2183 3728 et
2213 3660 2564 3729 ardentem

55 3756 153 3819 pro
192 3743 329 3841 'fide
382 3747 651 3817 zelum:
707 3760 772 3815 et
818 3770 976 3817 curn
1044 3746 1416 3817 nonnullos
1474 3768 1709 3815 secum
1773 3747 2146 3836 accepisset
2209 3748 2507 3817 famulos
2540 3802 2555 3824 ,

60 3842 339 3907 protinus
368 3835 661 3923 prosecta
687 3848 790 3905 est
822 3836 889 3904 in
928 3835 1286 3925 templum,
1328 3836 1393 3903 in
1430 3857 1567 3921 quo
1600 3845 1741 3903 erat
1786 3834 2154 3905 multitudo
2195 3858 2352 3905 cum
2391 3843 2566 3925 Rege

55 3919 462 4003 sacrificaium
515 3936 580 3993 et
629 3938 818 3994 stans
869 3925 934 3992 in
982 3924 1244 4003 limine,
1299 3923 1591 3992 aliorum
1634 3923 1914 4009 quidem
1955 3923 2183 3993 vultus
2225 3925 2309 3993 ad
2352 3947 2422 3993 se
2467 3939 2562 3992 at-

57 4004 346 4089 trahebat,
386 4024 461 4081 ut
490 4034 667 4099 quae
701 4013 958 4101 insigni
1006 4026 1184 4081 esset
1227 4012 1716 4100 pulcritudine,
1758 4025 1822 4080 et
1874 4013 2211 4081 internam
2266 4014 2560 4101 speciem

54 4096 407 4183 ostendebat
458 4122 577 4189 per
623 4111 997 4169 externam.
1056 4103 1322 4169 Sensim
1386 4104 1612 4169 auteln
1669 4122 1797 4168 sua
1850 4100 2112 4170 munda
2167 4101 2356 4169 labra
2405 4120 2561 4187 ape-

61 4184 423 4276 riens‚dixit
472 4210 543 4257 se
583 4188 835 4258 habere
885 4189 1347 4258 necessarium
1392 4187 1682 4274 aliquid,
1721 4187 1903 4273 quod
1954 4187 2207 4257 diceret
2265 4194 2561 4275 Impera-

63 4272 184 4332 ton.
217 4274 337 4351 Qui
364 4276 589 4363 itaque
616 4277 891 4345 nunciis
927 4275 1298 4345 referendis
1337 4290 1716 4364 praeerant,
1761 4280 2159 4363 Imperatori
2190 4277 2273 4345 de
2303 4275 2560 4362 virgine

61 4362 461 4433 annunciant.
516 4370 821 4451 Cumque
857 4365 969 4434 ille
994 4366 1337 4454 jussisset,
1378 4364 1606 4433 statim
1645 4364 2130 4434 introducitur.
2181 4370 2364 4445 Quae
2398 4383 2554 4429 cum
