2993 4837
69 328 232 397 NOV.
289 330 371 393 40
903 347 982 392 m:
1030 343 1084 392 s.
1137 347 1387 395 Annaea
1434 347 1741 394 Avatuno
2372 332 2499 395 385

69 432 402 501 charitatis
438 443 988 512 monumentum,
1014 453 1153 518 quo
1183 431 1505 501 mulieres
1531 431 1781 501 infixae
1810 432 1878 500 in
1911 430 2251 520 profundo
2278 432 2588 503 libidinis

68 542 257 591 coeno
304 519 592 589 feliciter
622 541 927 588 emersae
989 520 1572 590 demonstrantur.
1627 525 1717 589 Ex
1767 520 2011 589 harum
2077 543 2364 591 numero
2418 522 2588 591 duo·

6 643 7 666 2
65 608 292 689 decim,
331 609 668 697 Episcopo
716 629 911 697 opem
962 608 1190 690 dante,
1230 610 1406 677 intra
1439 623 1630 697 septa
1664 608 2029 696 cujusdam
2063 609 2312 680 domus
2346 615 2415 679 B.
2454 616 2584 679 Ma·

65 698 188 767 riae
220 696 662 787 magdalenae
693 696 1126 786 postmodum
1167 711 1627 786 nuncupatae,
1669 698 1874 767 veluti
1910 699 2090 766 intra
2124 699 2393 768 hortum
2427 721 2588 768 con-

63 786 345 866 clusum,
379 786 642 875 primas
672 786 1126 875 poenitentiae
1154 786 1422 876 plantas
1459 786 1827 855 transtulit.
1859 791 1997 855 Has
2030 787 2149 855 ubi
2182 784 2584 877 ingenios'us

62 876 189 966 agri
232 875 566 943 dominici
622 874 844 944 cultor
882 873 1115 944 divino
1166 875 1457 945 inseruit
1506 876 1748 955 amori,
1820 888 2002 943 tanta
2051 877 2458 975 germinavit
2505 898 2586 945 ex

61 967 150 1034 eis
171 965 505 1034 bonarum
539 963 817 1053 frugum
849 962 1149 1043 ubertaS,
1188 963 1621 1050 aliorumque
1641 964 1837 1033 beata
1862 964 2221 1053 palmitum
2305 987 2581 1065 ropag0,

63 1067 128 1122 ut
169 1053 418 1122 domus
467 1051 610 1132 illa,
671 1050 922 1120 sudore
969 1052 1249 1122 assiduo
1295 1066 1359 1122 et
1399 1053 1741 1122 laboriosa
1787 1053 2127 1142 agricolae
2180 1076 2253 1123 so
2288 1053 2590 1123 licitudi·

67 1142 159 1209 nis
187 1141 480 1220 exculta,
538 1140 838 1230 paradisi
890 1140 1176 1210 viretum
1210 1140 1381 1210 coeli
1430 1163 1583 1210 rore
1624 1141 2105 1211 foecundatum
2154 1142 2322 1231 ipsis
2369 1148 2588 1232 Ange-

65 1229 263 1299 lorum
293 1230 523 1314 oculis
572 1229 934 1297 videretur.
969 1234 1109 1298 Non
1163 1230 1518 1299 absimiles
1555 1229 1809 1300 laboris
1847 1231 1956 1299 sui
2004 1230 2267 1300 fructus
2316 1231 2590 1321 collegit

68 1318 125 1386 in
160 1317 590 1389 reformando
645 1318 1076 1388 Placentinae
1109 1317 1439 1389 dioecesis
1478 1318 1684 1398 clero,
1733 1341 1936 1405 quem
1989 1330 2369 1390 crescentes
2417 1342 2589 1407 quo-

66 1408 359 1477 rumdam
443 1407 758 1476 vitiorum
838 1420 902 1476 et
970 1420 1451 1495 corruptorum
1527 1429 1794 1476 morum
1849 1429 2086 1496 vepres
2133 1409 2584 1479 suffocabant.

65 1496 295 1565 Paulus
343 1519 380 1565 e
441 1496 720 1585 iscopus
771 1495 1116 1583 praefatus
1145 1496 1205 1563 vi
1245 1495 1674 1565 decretorum
1711 1496 1993 1566 Concilii
2024 1496 2404 1567 Tridentini
2440 1519 2591 1587 per-

65 1585 339 1655 niciosos
389 1519 798 1673 liu-jusmodi
841 1598 1063 1654 sentes
1096 1584 1383 1653 evellere
1429 1586 1744 1674 cupienS‚
1798 1585 1979 1655 beati
2016 1586 2320 1655 Andreae
2352 1589 2586 1677 opera,

66 1688 438 1761 opportuno
479 1674 647 1742 satis
693 1673 1004 1753 consilio,
1067 1674 1167 1742 uti
1216 1673 1475 1743 statuit.
1544 1672 1847 1742 Andreas
1905 1697 2108 1764 ergo,
2161 1675 2299 1743 dux
2349 1676 2594 1743 ceteris

63 1762 208 1831 viris
254 1764 422 1831 huic
458 1762 651 1850 operi
690 1763 794 1850 pie
825 1761 1389 1831 adlaborantibus
1422 1761 1648 1842 datus,
1679 1784 1854 1851 opus
1895 1763 2065 1832 illud
2100 1763 2592 1833 difficillimum

64 1870 262 1936 usque
297 1852 382 1920 ad
441 1863 821 1920 extremum
865 1851 1161 1940 perfecit,
1201 1851 1592 1938 evulsisque
1641 1850 1774 1919 alte
1821 1851 2062 1922 defixis
2113 1854 2428 1922 vitiorum
2487 1875 2591 1920 ra-

63 1939 337 2020 dicibus,
397 1940 589 2008 clero
639 1939 939 2028 praefato
998 1940 1214 2008 bonae
1265 1953 1478 2009 terrae
1529 1961 1776 2007 nomen
1828 1939 2052 2016 dedit,
2125 1942 2439 2028 bonoque
2491 1963 2596 2009 re-

69 2025 480 2098 formationis
542 2030 804 2097 semine
873 2030 939 2096 in
989 2050 1137 2096 eam
1189 2028 1439 2097 deinde
1493 2028 1817 2117 projecto,
1881 2028 2236 2118 multiplex
2284 2031 2597 2098 exoriens

69 2114 526 2204 foecundaque
574 2118 899 2185 virtutum
956 2118 1198 2187 messis
1248 2139 1437 2207 spem
1490 2116 1864 2207 agricolae,
1919 2118 2237 2203 quamvis
2292 2118 2589 2197 avidam,

75 2224 188 2274 non
232 2206 497 2275 fefellit.

149 2298 180 2380 ξ
225 2303 347 2369 ΙΙ.
400 2300 668 2364 Interea
702 2295 787 2362 ad
825 2295 1098 2384 propria
1135 2316 1299 2363 suae
1335 2294 1894 2384 Congregationis
1943 2296 2360 2363 incrementa
2394 2295 2599 2363 totius

77 2385 409 2454 Insubriae
465 2383 858 2474 provinciae
909 2383 1212 2453 visitator
1256 2383 1659 2474 designatus
1698 2382 1828 2453 fuit
1883 2395 1947 2452 et
1987 2382 2234 2452 deinde
2284 2383 2599 2452 Mediola-

73 2493 240 2554 num,
287 2489 362 2543 ut
415 2475 487 2541 in
528 2495 700 2542 nova
733 2472 939 2541 domo
988 2473 1353 2562 praepositi
1394 2494 1679 2542 munere
1738 2473 2160 2563 fungeretur,
2215 2472 2593 2563 delegatuS,

69 2582 220 2630 nova
265 2562 588 2632 exhibuit
628 2566 692 2630 S.
752 2560 989 2631 Carolo
1023 2583 1188 2630 suae
1247 2561 1602 2651 probitatis
1650 2562 1982 2651 exempla.
2049 2562 2224 2630 lllud
2276 2561 2593 2648 equidem

21 2657 22 2690 ³
70 2653 538 2742 praecipuum,
591 2649 770 2737 quod
822 2671 902 2719 ex
958 2650 1409 2736 eleemosynis
1458 2673 1494 2717 a
1563 2649 1822 2718 liberali
1887 2651 2194 2740 ejusdem
2263 2655 2326 2720 S.
2383 2649 2599 2720 Caroli

67 2759 259 2810 manu
290 2739 608 2827 quolibet
658 2760 890 2808 mense
939 2739 1068 2808 sibi
1121 2738 1415 2819 donatiS,
1450 2739 1773 2823 Andreas,
1822 2739 1937 2808 illa
1976 2753 2236 2809 tantum
2290 2741 2601 2829 portione

65 2841 300 2899 retenta
366 2850 553 2916 quae
601 2827 685 2896 ad
753 2827 1069 2896 alendam
1122 2827 1429 2984 eiusdem
1490 2827 1740 2896 domus
1801 2828 2134 2898 familiam
2202 2830 2367 2897 satis
2414 2841 2591 2909 erat,

65 2916 420 3005 reliquum,
462 2938 618 2985 vere
653 2921 718 2985 S.
773 2916 1070 3003 Cajetani
1107 2916 1151 2984 fi
1189 2917 1317 2995 iuS‚
1353 2915 1732 2984 remittebat
1771 2917 2076 2994 donanti,
2107 2918 2224 3004 qui
2267 2917 2523 2986 donum
2561 2940 2599 2985 a

67 3024 127 3071 se
170 3008 466 3076 missum
540 3004 773 3093 pulcra
835 3006 1106 3074 virtutis
1154 3027 1364 3074 usura
1421 3004 1789 3073 adauctum
1842 3006 1923 3073 ad
1987 3028 2056 3076 se
2105 3008 2342 3074 reverti
2396 3009 2600 3074 mira-

67 3092 268 3164 batur.
323 3093 423 3164 Ad
481 3099 860 3163 Romanam
906 3093 1341 3182 postmodum
1396 3115 1474 3162 ac
1510 3094 2021 3179 Neapolitanam
2080 3095 2465 3181 provincias
2497 3096 2601 3161 vi-

67 3183 383 3253 sitaturus
432 3183 765 3262 accessit,
818 3196 883 3250 et
932 3182 1000 3249 in
1062 3182 1161 3250 eis
1223 3181 1721 3270 perlustrandis
1786 3183 2120 3250 maximas
2178 3183 2415 3251 Ordini
2474 3205 2600 3250 suo

67 3273 377 3342 utilitates
411 3271 755 3340 indefesso
786 3270 1015 3339 labore
1057 3271 1468 3359 procuravit.
1509 3276 1820 3349 Demum,
1875 3271 2000 3339 etsi
2036 3271 2122 3339 ab
2164 3272 2351 3338 omni
2406 3292 2599 3357 prae-

67 3363 470 3429 eminentiae
519 3360 739 3449 gradu
771 3360 1189 3438 abhorreret,
1244 3359 1500 3427 invitus
1548 3360 1631 3427 ad
1672 3360 1913 3428 iterum
1957 3358 2234 3448 praefati
2281 3364 2344 3426 S.
2406 3358 2599 3427 Pauli

67 3447 335 3519 domum
397 3448 810 3538 regendam,
869 3453 1021 3529 Deo,
1107 3449 1206 3516 sic
1233 3447 1664 3536 disponente,
1718 3448 2048 3534 expetitus
2096 3448 2256 3520 fuit.
2313 3460 2386 3515 ut
2436 3448 2602 3515 insi-

6 3588 7 3597 .
65 3539 209 3691 gnis
260 3539 420 3627 ejus
455 3539 673 3608 virtus
720 3536 887 3605 illuc
938 3559 1180 3606 rursus
1227 3536 1399 3605 elata
1476 3536 1764 3606 coeleste
1818 3536 2046 3605 lumen
2100 3536 2447 3625 copiosius
2508 3535 2600 3602 ef-

93 3625 395 3696 underet.
461 3631 549 3694 Ea
598 3626 857 3715 quippe
913 3638 1332 3713 tempestate,
1387 3625 1745 3694 deficiente
1802 3626 2078 3715 Neapoli
2127 3645 2421 3693 annona.
2483 3645 2603 3712 po-

67 3714 298 3799 pulosa
351 3715 472 3783 illa
536 3717 775 3784 civitas
844 3715 1161 3785 seditiose
1236 3714 1581 3784 ferebatur
1654 3715 1721 3781 in
1802 3715 2211 3803 principem.
2301 3712 2604 3784 Andreas

60 3802 310 3891 jejunis
344 3805 701 3874 ventribus
749 3802 1140 3889 animisque
1186 3803 1649 3873 clamantibus
1700 3802 1979 3892 provide
2025 3802 2360 3882 occurrit;
2414 3823 2600 3883 nam,

68 3892 400 3978 quidquid
475 3891 797 3961 frumenti
852 3892 921 3960 in
970 3892 1347 3960 domestico
1405 3892 1648 3961 horreo
1696 3892 2113 3972 servabatur,
2182 3890 2606 3980 pauperibus

71 3978 444 4060 distribuit,
496 3980 974 4067 solemnesque
1011 3980 1096 4049 ad
1148 3980 1584 4049 avertendam
1634 3979 1803 4049 coeli
1856 3981 2025 4048 iram
2070 3979 2607 4068 supplicationes

73 4067 330 4139 indixit.
389 4075 818 4159 Quapropter
868 4069 1055 4138 illius
1098 4070 1298 4138 verbo
1346 4083 1411 4139 et
1456 4068 1766 4157 exemplo
1796 4068 2294 4158 quamplurimi
2337 4067 2417 4136 ad
2455 4090 2607 4156 poe-

76 4157 424 4227 nitentiam
481 4159 767 4227 revocati
803 4180 837 4226 a
891 4158 1366 4228 seditiosorum
1410 4159 1612 4227 turba
1648 4179 1717 4227 se
1748 4159 2254 4236 subtraxerunt,
2298 4155 2606 4244 factaque

75 4258 166 4312 est
213 4245 475 4335 populo
525 4246 625 4314 illi
675 4247 1010 4315 aestuanti
1066 4247 1526 4333 tranquillitas
1570 4267 1843 4333 magna.

154 4336 188 4420 ξ
236 4340 388 4407 12.
448 4341 567 4404 Tot
614 4335 837 4421 itaque
901 4336 1299 4405 meritorum
1376 4334 1588 4403 radiis
1654 4356 1885 4402 coram
1955 4338 2085 4402 Deo
2133 4333 2490 4414 elucebat,
2543 4347 2607 4402 et

82 4418 476 4493 hominibus
527 4446 608 4491 ac
649 4424 962 4510 praefatis
1024 4424 1299 4494 duobus
1345 4423 1684 4491 emanatis
1746 4422 1831 4491 ab
1870 4445 1948 4492 eo
1999 4422 2167 4490 votis
2217 4437 2609 4493 constanter

226 4546 473 4600 surius
503 4572 525 4584 ·
567 4538 729 4599 Vitae
758 4540 858 4603 SS.
888 4575 916 4586 -
943 4542 1079 4603 vot.
1110 4540 1211 4602 Xl.
1798 4611 1801 4612 ⁷
2339 4540 2414 4600 25
