2993 4837
96 299 286 361 Nov,
350 299 438 360 ΞΖ
796 316 872 361 na
922 317 973 362 s.
1023 313 1310 363 emmim
1357 314 1649 363 murras
1698 318 1772 363 ετ
1821 317 1987 364 ,imis
2450 303 2565 365 65¹

181 403 219 486 ξ
277 405 434 472 21.
487 406 676 468 Tunc
713 400 1325 490 Maximusjurans
1354 401 1682 470 dicebat:
1740 425 1775 467 «
1807 401 1959 469 Vidi
2008 401 2298 491 Angelos
2351 402 2463 470 Dei
2501 415 2670 471 tam-

88 511 311 576 quam
353 489 533 559 soles
575 488 1114 580 resplendentes,
1183 511 1262 558 ea
1311 489 1483 559 hora
1544 512 1682 576 qua
1721 490 1956 579 gladio
2013 505 2176 560 sunt
2219 492 2552 579 percussi,
2606 505 2671 560 et

88 592 433 647 exeuntes
459 600 701 649 eorum
734 578 1002 648 animas
1029 601 1064 646 e
1090 578 1522 669 corporibu3,
1559 593 1908 666 tamquam
1939 580 2242 669 virgines
2275 601 2311 648 e
2339 579 2664 650 thalamo.

88 672 285 749 Quas
324 690 487 736 cum
524 667 715 736 ulnis
761 668 1189 756 excepissent
1242 667 1504 756 Angeli‚
1564 669 2031 757 strepentibus
2091 668 2219 737 alis
2269 668 2668 738 ferebantur

90 758 158 824 in
193 756 504 827 caelum.
544 779 579 822 »
630 760 813 825 Haec
848 756 1137 825 Maximo
1180 771 1502 826 narrante
1551 779 1710 826 cum
1774 757 2122 846 lacrymis,
2187 758 2388 826 multi
2443 758 2670 826 credi-

90 846 364 914 derunt
391 846 460 914 in
493 846 863 915 Dominum
905 858 1211 913 nostrum
1247 845 1479 914 lesum
1499 846 1871 924 Christum,
1894 859 1958 921 et
1987 847 2296 916 conversi
2325 847 2413 915 ab
2437 867 2670 915 errore

94 934 644 1004 simulacrorum
687 989 702 1015 ,
751 935 1014 1023 seipsos
1054 933 1485 1003 tradiderunt
1546 947 1781 1004 sancto
1818 936 2092 1004 Urbano
2132 957 2257 1004 suo
2309 936 2664 1025 magistro.

94 1029 267 1092 Cum
315 1037 547 1092 autem
580 1023 664 1091 ad
711 1022 1136 1091 Almaehium
1180 1023 1380 1091 Urbis
1420 1023 1842 1093 Praefectum
1889 1024 2180 1094 venisset
2227 1024 2433 1104 fama,
2481 1024 2666 1110 quod

98 1113 449 1181 Maximus
477 1111 958 1181 cubicularius
1004 1132 1161 1180 cum
1200 1112 1527 1180 omnihus
1562 1113 1710 1181 suis
1745 1113 1967 1182 factus
1999 1125 2176 1181 esset
2205 1112 2666 1192 Christianus,

92 1202 310 1289 jussit
343 1223 503 1269 eum
544 1191 810 1281 tam'Ziiu
845 1201 1184 1269 verberari
1221 1200 1444 1290 globis
1479 1200 1847 1290 plumbeis,
1875 1201 2092 1270 donec
2120 1201 2440 1290 spiritum
2475 1203 2672 1270 emit-

102 1303 291 1358 teret.
353 1296 565 1372 Quem
604 1302 844 1359 saneta
871 1289 1118 1358 Christi
1161 1294 1412 1378 Martyr
1452 1289 1740 1359 Caecilia
1768 1312 1928 1360 cum
1966 1291 2306 1380 posuisset
2359 1291 2668 1390 proxime

105 1395 385 1447 sanctos
430 1379 545 1447 Dei
581 1383 907 1468 Martyres
942 1378 1330 1447 Tiburtium
1362 1391 1426 1446 et
1462 1378 1925 1458 Valerianum,
1980 1378 2299 1468 deposuit
2357 1401 2423 1447 in
2477 1401 2664 1459 arca,

105 1482 165 1534 et
198 1467 420 1553 jussit
452 1480 528 1536 ut
572 1468 639 1535 in
675 1490 834 1536 arca
886 1467 1037 1557 ejus
1096 1466 1605 1555 insculperetur
1667 1468 1988 1548 Phoenix,
2029 1468 2113 1536 ad
2165 1467 2665 1538 ostendendam

106 1557 254 1640 ejus
283 1557 518 1637 fidem,
557 1557 675 1643 qui
709 1579 781 1625 se
812 1558 1254 1625 inventurum
1289 1577 1437 1624 esse
1468 1549 2033 1625 resurrectionem
2057 1557 2416 1627 Phoenicis
2442 1578 2667 1626 exem-

109 1644 220 1732 plo
261 1645 664 1714 admiserat.
724 1650 919 1713 Facta
951 1659 1053 1714 est
1085 1659 1313 1713 autem
1355 1657 1505 1733 post
1555 1645 1720 1714 haec
1769 1646 2147 1731 inquisitio,
2204 1645 2436 1735 Coepit
2483 1647 2671 1714 enim

112 1734 508 1803 Almachius
544 1731 1339 1803 Praefectus'amborum
1380 1732 1668 1801 fratrum
1706 1756 2031 1820 quaerere
2094 1733 2476 1814 facultateS,
2523 1756 2673 1822 pro-

116 1835 260 1911 pter
294 1846 470 1910 quas
507 1824 772 1892 volebat
809 1824 1013 1891 etiam
1064 1844 1393 1909 quaerere
1447 1836 1753 1891 sanctam
1786 1822 2173 1903 Caeciliam,
2213 1836 2286 1892 ut
2339 1824 2674 1892 Valeriani

116 1913 526 2002 conjugem3
573 1926 637 1979 et
676 1912 886 2000 jussit
931 1933 1083 1979 eam
1125 1912 1308 2001 apud
1372 1933 1444 1980 se
1484 1912 1658 1980 sisti.
1726 1917 1911 1994 Quae
1967 1911 2243 1999 quidem
2302 1925 2662 2001 postquam

118 2003 345 2069 omnia
396 2023 573 2087 quae
628 2000 1113 2088 superfuerant
1170 2022 1248 2068 ex
1298 2022 1536 2069 eorum
1593 2000 2058 2080 facultatibuS,
2101 2000 2394 2070 fideliter
2440 2001 2671 2070 distri-

121 2089 377 2160 buisset
418 2091 865 2178 pauperibu5‚
920 2089 1288 2178 coepitille
1336 2111 1608 2179 urgere,
1669 2103 1746 2158 ut
1799 2112 1874 2158 ea
1937 2090 2096 2159 thus
2130 2091 2424 2160 offerret.
2480 2095 2675 2159 Tunc

129 2175 282 2246 dixit
320 2179 682 2257 ministriS,
730 2180 847 2265 qui
880 2200 1028 2247 eam
1065 2180 1424 2267 urgebant,
1471 2192 1549 2247 ut
1580 2178 1708 2246 hoc
1753 2177 2001 2247 faceret
2041 2203 2054 2246 ε

208 2269 242 2352 ξ
287 2274 448 2338 22.
506 2290 540 2333 «
594 2267 832 2336 Audite
878 2290 1004 2341 me,
1044 2267 1227 2335 cives
1278 2280 1342 2334 et
1395 2267 1660 2336 fratres.
1720 2273 1846 2336 Vos
1896 2268 2059 2336 estis
2114 2268 2413 2336 ministri
2466 2269 2668 2336 vestri

134 2356 477 2437 praesidis,
544 2369 608 2425 et
660 2356 925 2426 videtur
968 2356 1180 2433 vobis,
1235 2355 1418 2443 quod
1475 2355 1880 2427 desideratis
1928 2378 2077 2426 esse
2125 2355 2332 2425 alieni
2385 2356 2470 2426 ab
2522 2357 2674 2445 ejus

132 2442 491 2534 impietate.
548 2445 709 2513 Mihi
782 2459 1008 2515 autem
1079 2459 1179 2515 est
1240 2445 1620 2533 gloriosum
1685 2459 1750 2514 et
1817 2445 2012 2514 valde
2074 2444 2610 2514 desiderandum
2651 2502 2665 2523 ,

128 2536 350 2603 onmia
385 2536 519 2623 pati
554 2535 785 2623 gravia
823 2558 942 2623 pro
976 2534 1219 2603 Christi
1255 2535 1706 2605 confessione.
1763 2541 1925 2604 Nam
1963 2556 2121 2603 cum
2165 2535 2291 2602 hac
2326 2537 2463 2602 vita
2496 2557 2677 2602 nun-

126 2641 323 2705 quam
367 2626 570 2693 statui
610 2622 820 2692 ullam
862 2623 1111 2692 habere
1159 2624 1564 2692 amicitiam.
1612 2623 1750 2693 Sed·
1780 2648 1861 2692 ne
1896 2624 2047 2692 sitis
2095 2622 2179 2690 de
2214 2637 2444 2692 nostra
2486 2623 2675 2691 solli-

128 2710 233 2777 citi
265 2713 646 2800 Juventute‚
686 2734 893 2799 quam
928 2713 1156 2791 omnis
1207 2734 1412 2782 curae
1443 2713 1608 2782 estis
1655 2725 1998 2801 expertem
2032 2711 2391 2781 reddituri.
2453 2712 2677 2780 Facite

130 2818 303 2887 ergo,
363 2804 539 2887 quoi
597 2802 685 2870 ab
736 2801 973 2887 iniquo
1022 2801 1340 2870 Praeside
1387 2817 1487 2870 est
1522 2801 1712 2870 vobis
1760 2802 2274 2889 imperatum.»
2327 2807 2517 2869 Tunc
2568 2800 2669 2869 illi

131 2904 490 2977 coeperunt
525 2890 885 2959 lamentari
916 2903 982 2960 et
1027 2891 1379 2975 conqueri,
1426 2889 1609 2975 quod
1654 2903 1788 2958 tam
1842 2890 2054 2959 electa
2108 2889 2360 2978 puella,
2421 2903 2486 2957 et
2539 2902 2673 2958 tam

132 2973 509 3067 intelligens
550 2990 613 3047 et
649 2978 923 3058 nobilis,
967 2992 1247 3066 cuperet
1288 2978 1619 3057 interlici;
1656 2991 1720 3046 et
1753 3000 1901 3047 eam
1937 2980 2294 3068 rogabant,
2336 2978 2672 3057 dicenteS,

133 3083 210 3132 ne
260 3067 453 3134 talem
506 3067 821 3136 decorem
874 3067 1260 3146 amitteret,
1339 3090 1557 3152 neque
1607 3067 1810 3136 talem
1880 3068 2174 3155 speciem
2250 3082 2678 3136 converteret

133 3152 209 3219 ad
255 3169 557 3224 mortem.
614 3157 882 3239 Quibus
932 3156 1259 3225 flentibus
1297 3168 1362 3225 et
1408 3156 1643 3225 dolore
1685 3157 1936 3225 vexatis
1974 3156 2073 3225 sic
2106 3170 2342 3225 sancta
2399 3177 2678 3246 respon-

134 3238 227 3311 dit
273 3245 596 3313 Caecilia:
653 3269 685 3310 «
741 3250 900 3321 Hoc,
939 3267 978 3314 o
1028 3245 1294 3323 fratres,
1353 3266 1482 3313 non
1552 3260 1652 3313 est
1721 3244 2000 3332 perdere
2039 3246 2498 3333 juventutem,
2555 3245 2670 3313 sed
2725 3292 2728 3305 ·

136 3346 584 3417 commutare3
639 3333 802 3402 dare
841 3334 1088 3414 lutum,
1142 3346 1207 3401 et
1240 3355 1489 3402 aurum
1533 3334 1882 3422 accipere;
1937 3334 2098 3403 dare
2151 3333 2720 3403 tabernaculum*

138 3416 322 3489 breve
351 3436 416 3491 et
451 3423 863 3502 miserabile,
917 3435 982 3491 et
1027 3445 1347 3509 magnam
1388 3423 1903 3512 spatiosamque
1935 3435 1997 3492 et
2040 3423 2342 3511 amplam
2390 3422 2674 3492 domum

140 3511 453 3599 accipere,
493 3533 571 3580 ex
623 3511 975 3599 lapidibus
1017 3513 1334 3599 pretiosis
1374 3525 1439 3579 et
1488 3533 1658 3580 auro
1708 3512 2135 3580 aedificatam
2174 3535 2188 3594 ;
2243 3511 2407 3579 dare
2455 3533 2675 3599 angu-

143 3593 272 3665 lum
307 3602 763 3678 tenebrosum,
819 3614 884 3668 et
925 3600 1151 3668 locum
1195 3600 1505 3689 accipere
1543 3600 1881 3679 lucidum,
1926 3600 2316 3689 margaritis
2368 3599 2678 3689 resplen-

141 3683 393 3756 dentem
455 3690 898 3767 caelestibus3
950 3690 1115 3757 dare
1152 3689 1682 3778 possessionem,
1738 3711 1942 3777 quae,
1981 3690 2198 3779 perit,
2262 3702 2327 3759 et
2369 3690 2680 3778 accipere

146 3779 651 3859 possessionem,
720 3800 896 3865 quae
960 3799 1092 3845 non
1161 3779 1515 3867 cognoscit
1585 3778 1819 3855 tinem,
1886 3790 1950 3846 et
2015 3779 2284 3867 ignorat
2335 3792 2676 3857 mortem;

146 3860 293 3932 dare
322 3866 611 3955 lapidem
653 3867 1142 3943 miserabilem,
1189 3889 1391 3952 quem
1428 3867 1721 3957 pedibus
1750 3866 2218 3945 conculcatis;
2273 3881 2338 3935 et
2371 3869 2681 3956 accipere

149 3947 423 4040 lapidem
499 3957 925 4043 pretiosum,
980 3956 1097 4042 qui
1163 3955 1382 4025 forma
1434 3955 1823 4045 resplendet
1883 3956 1950 4023 in
2029 3957 2214 4044 regio
2262 3955 2673 4024 diademate.

149 4040 345 4111 Hodie
384 4046 435 4111 si
473 4046 629 4131 quis
661 4046 759 4112 sic
800 4045 1037 4112 offerat
1072 4067 1303 4121 euros,
1344 4059 1416 4111 ut
1452 4045 1809 4113 minimam
1857 4065 2300 4113 nummorum
2334 4045 2682 4129 quantita-

152 4140 266 4197 tem
323 4154 399 4200 ex
451 4134 534 4201 iis
581 4133 793 4203 alacri
846 4134 1078 4202 animo
1130 4145 1533 4221 proventum
1600 4132 1933 4222 accipiat:
2012 4154 2175 4199 num
2231 4153 2347 4200 vos
2410 4153 2683 4217 quoque

154 4212 442 4289 lubenter
500 4222 868 4290 curreretis
930 4222 1013 4289 ad
1071 4223 1271 4289 talem
1330 4222 1887 4309 negotiationem.
1940 4233 2005 4288 et
2044 4241 2283 4288 omnes
2338 4234 2675 4307 parentes,

153 4316 212 4401 et
254 4323 459 4383 notos,
506 4327 568 4378 et
610 4325 962 4397 cognatos,
1019 4311 1462 4395 dilectosque,
1517 4324 1582 4377 et
1632 4311 2081 4397 propinquos,
2149 4322 2212 4375 et
2260 4309 2518 4375 amicos
2571 4331 2681 4374 vo-

160 4387 399 4463 biscum
439 4399 750 4465 faceretis
783 4404 1111 4467 currere?
1162 4400 1226 4468 Si
1278 4400 1435 4485 quis
1484 4405 1711 4466 autem
1769 4420 1882 4465 vos
1932 4412 2285 4465 currentes
2325 4408 2674 4471 averteret,

2695 4496 2736 4523 As
