2993 4837
565 328 693 389 546
1163 342 1239 386 ms
1288 344 1342 387 s.
1400 341 1692 387 monrsto
1739 344 1839 386 ep.
1892 341 2331 387 ALexANnamo
2670 322 2816 388 NOV.
2852 324 2908 389 Π

474 441 656 495 certo
704 425 1000 511 quodam
1056 424 1439 494 millenario
1487 447 1830 494 annorum
1885 447 2171 494 numero
2220 427 2290 493 in
2347 425 2611 493 deliciis
2651 427 2916 511 corpor-as

471 529 529 583 et
571 515 909 604 voluptate
958 515 1026 581 in
1080 526 1257 583 terra
1307 514 1627 583 victuros.
1695 514 1824 596 Qui
1894 536 2053 583 cum
2128 527 2398 614 putaret
2458 536 2532 583 se
2586 535 2659 582 ex
2708 513 2924 585 loannis

469 604 877 693 Apocalypsi
968 625 1165 672 suam
1244 603 1640 691 opinionem
1740 625 1935 691 posse
2007 604 2316 672 obtinere
2348 657 2369 682 ,
2465 602 2706 671 librum
2777 624 2926 689 quam

470 700 699 772 ἔλεγχον
741 701 1116 772 ἀλληγορισὼν,
1172 692 1239 759 id
1289 705 1412 772 est,
1475 691 2100 778 Reprehensionem
2153 713 2418 771 eorum,
2479 693 2600 777 qui
2645 691 2926 781 allegorias

467 794 914 869 componunt,
957 780 1394 860 inscribebat,
1435 780 1696 849 deboc
1745 796 2152 868 argumento
2191 781 2429 849 edidit.
2470 781 2590 849 Cui
2641 782 2926 868 Dionysius

469 872 535 937 in
588 869 862 938 duobus
913 868 1050 937 illis
1102 869 1319 949 libris,
1375 892 1548 955 quos
1596 869 1681 937 de
1731 870 2092 939 Promissis
2143 869 2515 948 contexuit,
2550 870 2930 939 accitercoa·

467 958 763 1029 tradicit.
824 963 898 1026 In
953 958 1199 1026 horum
1256 960 1626 1046 posteriore
1676 958 1849 1025 inter
1896 958 2030 1026 alia
2062 959 2160 1026 sic
2209 958 2563 1027 scribitza
2594 963 2750 1026 Cum
2777 979 2926 1026 essem

468 1048 536 1115 in
578 1047 722 1116 loco
769 1046 1092 1133 quodam,
1146 1047 1265 1131 qui
1315 1047 1693 1115 Arsenoites
1725 1046 2001 1125 dicitur,
2045 1047 2187 1126 ubi,
2227 1060 2302 1115 ut
2347 1048 2549 1125 nosti,
2583 1046 2926 1135 jampridem

466 1136 596 1204 hoc
631 1136 881 1224 dogma
918 1137 1249 1223 (Nepotis)
1294 1135 1544 1223 prodiit
1581 1138 1647 1201 in
1683 1134 1931 1214 lucem,
1982 1135 2079 1203 sic
2115 1147 2190 1203 ut
2223 1158 2356 1203 non
2395 1136 2597 1204 modo
2631 1136 2924 1205 schismata

471 1238 936 1304 nascerentur,
979 1225 1093 1292 sed
1137 1224 1439 1307 integrae
1486 1224 1813 1292 ecclesiae
1862 1246 1900 1291 a
1952 1224 2085 1291 side
2131 1224 2528 1304 deficerent,
2578 1226 2854 1313 presbyte

468 1314 620 1399 ejus
655 1327 898 1391 sectae,
945 1314 1065 1398 qui
1114 1312 1440 1381 fratribus
1470 1313 1542 1395 =in
1597 1311 1894 1401 singulis
1931 1313 2124 1401 pagis
2155 1313 2467 1399 undique
2520 1312 2878 1401 praedicaba

471 1404 753 1471 verbum
809 1402 961 1479 Dei,
1019 1402 1406 1479 convocavi,
1461 1424 1712 1487 eosque
1777 1423 2190 1490 magnopere
2238 1402 2636 1470 cohortatus
2697 1423 2851 1475 sum,

470 1490 697 1580 palam
769 1490 1242 1579 praesentibus
1312 1490 1662 1567 fratribuS‚
1715 1490 2106 1576 'audireque
2168 1491 2658 1578 cupientibus,
2727 1491 2826 1559 itto

468 1579 778 1648 doctrina
824 1579 1156 1665 exquisite
1203 1579 1682 1647 discuteretur.
1722 1583 1930 1664 Atque
1979 1602 2136 1646 cum
2191 1579 2472 1659 librum,
2512 1579 2634 1665 qui
2686 1580 2863 1647 illise

469 1681 817 1753 tamquam
868 1667 1213 1753 quoddam
1260 1667 1858 1755 propugnaculum
1910 1679 1974 1735 et
2011 1690 2253 1737 murus
2294 1668 2852 1757 inexpugnabilis,

470 1780 577 1825 me
626 1756 1058 1835 attulissent,
1119 1756 1484 1824 considens
1548 1757 1612 1823 in
1670 1777 1805 1823 uno
1855 1755 2001 1824 loco
2062 1780 2222 1825 cum
2267 1756 2426 1837 iltis,
2494 1771 2624 1825 toto
2684 1756 2922 1825 triduot

468 1846 691 1933 primo
742 1867 940 1912 mane
990 1866 1207 1930 usque
1256 1844 1336 1911 ad
1393 1866 1768 1933 vesperam,
1814 1866 1990 1929 quae
2047 1846 2114 1912 in
2165 1867 2244 1914 eo
2292 1847 2550 1934 scripta
2598 1860 2804 1925 erant,
2838 1858 2926 1912 stn-

465 1934 663 2003 diose
705 1933 996 2001 refutare
1042 1933 1364 2001 conabar.
1414 1933 1513 2001 Ibi
1566 1948 1708 2001 tum
1758 1932 2037 2019 quidem
2093 1948 2274 2003 certe
2339 1935 2631 2002 fratrum
2681 1948 2924 2002 constan-

466 2024 676 2102 tiam,
746 2022 1049 2091 studium
1102 2022 1440 2101 veritatiS‚
1495 2022 1694 2089 facile
1741 2023 2150 2108 obsequium
2224 2037 2290 2092 et
2341 2023 2770 2112 prudentiam
2833 2021 2922 2088 idat

463 2134 676 2200 supra
727 2111 1008 2179 modum
1065 2112 1481 2190 admirabar,
1537 2110 1716 2196 quod
1775 2124 1908 2178 tam
1970 2111 2316 2199 praeclaro
2364 2112 2644 2187 ordine,
2700 2127 2759 2180 et
2808 2124 2924 2178 tanta

462 2223 621 2269 cum
678 2200 1007 2268 modestia
1058 2200 1408 2287 rogabant,
1468 2198 1966 2287 disceptabant,
2026 2201 2360 2286 nobisque
2415 2201 2916 2270 assentiebantur.

463 2303 665 2374 atque
720 2290 923 2357 etiam
978 2301 1110 2356 tam
1173 2288 1537 2377 diligenter
1594 2290 2108 2376 praecavebant,
2157 2311 2239 2356 ne
2293 2289 2456 2369 illis,
2502 2312 2680 2374 quae
2728 2290 2918 2358 fuerant

460 2392 616 2448 ante
671 2379 756 2446 ab
807 2378 974 2467 ipsis
1037 2377 1350 2457 decreta,
1422 2377 1479 2446 si
1541 2378 1911 2464 quicquam
1991 2378 2056 2446 in
2130 2379 2228 2446 eis
2282 2378 2546 2447 veritati
2616 2396 2916 2468 repugnare

461 2468 825 2546 videretur,
869 2466 1220 2535 mordicus
1268 2467 1761 2535 adhaererent:
1815 2468 1981 2553 quin
2020 2467 2221 2535 etiam
2271 2469 2655 2536 contrarias
2701 2471 2918 2536 rationes

461 2557 746 2624 minime
776 2555 1176 2623 omittebant
1211 2555 1405 2623 nobis
1435 2577 1803 2643 opponere,
1837 2556 1950 2625 sed
1984 2556 2207 2642 quoad
2243 2578 2478 2624 eorum
2523 2557 2674 2625 fieri
2713 2565 2914 2646 poterat.

459 2666 533 2712 ea
585 2666 759 2730 quae.
798 2657 990 2712 erant
1022 2644 1106 2711 ab
1160 2644 1326 2733 ipsis
1371 2645 1737 2732 proposita,
1782 2645 2052 2712 munire
2084 2658 2148 2712 et
2196 2644 2561 2714 defendere
2605 2647 2914 2714 tentabant:

457 2747 520 2801 et
567 2747 825 2811 contra,
868 2732 985 2800 ubi
1041 2733 1357 2821 poscebat
1395 2733 1561 2800 ratio
1597 2734 2001 2801 sententiam
2042 2746 2326 2813 mutare,
2368 2748 2432 2802 et
2484 2748 2716 2804 nostro
2756 2751 2918 2802 asseu-

459 2821 583 2888 tire
625 2820 914 2906 judici0‚
952 2843 1066 2889 eos
1101 2823 1499 2906 neutiquam
1535 2822 1818 2889 omnino
1870 2821 2199 2909 pudebat:
2239 2823 2537 2908 denique
2577 2819 2916 2894 conscientia

455 2909 742 2998 integra,
799 2910 1064 2978 sincera
1112 2911 1542 2997 cogitatione,
1595 2922 1659 2978 et
1716 2912 1906 2998 puris
1954 2932 2115 2998 erga
2169 2917 2375 2980 Deum
2427 2935 2508 2980 ac
2552 2909 2916 3002 simplicibus

453 2999 730 3078 animis,
785 3021 862 3066 ea
911 3021 1083 3085 quae
1132 3013 1325 3066 erant
1387 2998 1606 3066 firmis
1648 2999 2031 3068 rationibus
2078 3014 2141 3068 et
2193 3000 2628 3082 testimonii5‚
2680 3026 2718 3070 a
2769 2997 2918 3069 sacris

454 3085 696 3154 litteris
744 3087 1190 3175 depromptis,
1228 3087 1656 3170 confirmata,
1697 3088 2070 3156 admodum
2109 3089 2611 3176 approbabant.
2653 3090 2738 3158 Ad
2771 3101 2918 3180 extre

454 3198 643 3243 mum
699 3176 905 3264 hujus
954 3176 1303 3244 doctrinae
1341 3176 1660 3264 princeps
1708 3189 1770 3244 et
1810 3175 1948 3244 dux
1999 3178 2344 3258 Coracion,
2385 3180 2714 3247 omnibus
2759 3178 2895 3245 fratri

451 3265 583 3334 bus
637 3265 754 3352 qui
793 3266 1075 3333 aderant
1127 3264 1594 3341 audientibus,
1637 3264 1862 3353 palam
1905 3265 2258 3334 consessus
2289 3279 2410 3342 est,
2454 3267 2782 3354 nobisque
2804 3275 2920 3360 atte-

450 3366 690 3434 statuS,
734 3375 952 3440 neque
1002 3377 1071 3421 se
1120 3353 1289 3421 velle
1336 3354 1684 3442 deinceps,
1725 3354 2285 3440 quandoquidem
2322 3354 2733 3425 adversariis
2778 3366 2918 3422 ratio·

450 3443 654 3511 nibus
710 3466 780 3511 se
832 3443 1112 3532 putabat
1166 3443 1331 3511 satis
1386 3441 1661 3510 abunde
1710 3443 2123 3522 convictum,
2166 3443 2261 3510 illi
2313 3443 2622 3532 dogmati
2671 3445 2914 3514 animum

447 3532 795 3611 adhibere,
839 3554 1055 3618 neque
1105 3531 1188 3599 de
1228 3553 1305 3599 eo
1345 3531 1702 3610 disserere,
1753 3549 1970 3617 neque
2021 3532 2433 3600 mentionem
2487 3532 2726 3613 facere,
2758 3543 2914 3612 neque

445 3620 818 3707 aliquando
868 3620 1038 3690 illud
1092 3642 1383 3705 usquam
1442 3619 1706 3687 docere.
1768 3620 1956 3688 Unde
2003 3620 2120 3687 alii
2178 3620 2441 3700 fratre5‚
2497 3624 2619 3708 qui
2668 3621 2912 3690 aderant,

447 3731 569 3798 pro
621 3711 747 3778 ista
781 3709 1272 3798 disceptatione
1325 3710 1388 3775 in
1430 3708 1708 3797 publico
1757 3708 2085 3777 ecclesiae
2133 3723 2474 3779 conventu
2527 3711 2768 3788 habita,
2805 3724 2912 3800 pn?-

443 3820 574 3884 que
609 3799 921 3866 omnium
955 3798 1432 3866 conciliatione
1465 3812 1529 3866 et
1560 3798 1927 3867 concordia
1966 3798 2331 3867 maximam
2370 3798 2690 3869 laetitiam
2723 3796 2908 3866 animis

440 3901 917 3975 perceperunt.
963 3910 997 3952 »
2839 3970 2849 3980 ἢ

524 3979 559 4063 ἓ
613 3982 764 4048 24.
821 3983 1088 4044 Praeter
1137 3974 1473 4062 Epistolas
1532 3975 1832 4062 Dionysii
1885 3997 2097 4062 supra
2153 3991 2735 4054 commetnorataS‚
2781 3969 2902 4040 altae

433 4065 827 4154 complures
890 4066 1039 4150 ejus
1086 4076 1315 4133 extant
1370 4064 1753 4152 Epistolae:
1805 4078 1879 4133 ut
1930 4065 2107 4142 illae,
2147 4086 2324 4150 quae
2373 4080 2535 4135 sunt
2575 4077 2786 4136 contra
2823 4062 2902 4124 Sa·

432 4153 717 4223 bellium
778 4154 859 4223 ad
912 4158 1310 4222 Ammonem
1375 4152 1702 4222 ecclesiae
1757 4154 2180 4222 Bernicensis
2229 4154 2634 4243 Episcopum
2687 4151 2894 4244 missae:

429 4255 494 4310 et
539 4267 617 4311 ea
649 4266 826 4328 quae
874 4244 955 4311 ad
992 4243 1508 4331 Telesphorum,
1549 4255 1612 4311 et
1659 4265 1835 4327 quae
1884 4242 1967 4310 ad
2018 4242 2536 4330 Euphranorem
2586 4243 2724 4310 data
2767 4237 2894 4304 suit-⁶

433 4331 565 4396 alia
622 4333 862 4397 iterum
924 4332 1003 4399 ad
1058 4337 1455 4400 Ammonem
1507 4345 1570 4400 et
1619 4337 1994 4421 Euporum.
2051 4339 2356 4413 Quatuor
2407 4333 2563 4402 item
2622 4329 2800 4398 libros
2835 4318 2892 4418 tle

434 4417 671 4484 eodem
724 4437 1173 4505 argumento,
1233 4443 1473 4509 nempe
1524 4434 1758 4489 contra
1826 4420 2101 4490 Sabellii
2161 4421 2494 4492 haeresim
2552 4420 2885 4507 composuit,
