2993 4837
35 306 162 369 m.
219 306 300 369 ⁴9

242 482 304 544 S.
352 482 743 545 ETnsstNUS
788 486 1009 547 Annas,

58 591 274 649 Versus
305 605 550 651 annum
578 589 695 650 625
734 624 791 634 —
832 592 1205 654 Britannus,

76 725 424 785 Maurarum..
476 759 551 769 -
602 724 667 785 ln
717 724 1007 789 Hibernia
1071 728 1265 790 sancti

35 804 243 864 {riisim
288 804 564 865 abbatis.

74 881 156 943 Ex
198 882 258 946 S.
292 880 559 945 Etltbini
585 885 822 946 Levitae
869 892 926 947 et
960 886 1272 963 Confessu-

39 962 82 1019 ἐκ
143 962 297 1036 Vita,
345 964 588 1024 incerto
650 974 920 1034 auctore,
964 982 1147 1044 quam
1208 968 1268 1027 in

36 1042 167 1101 ¹urio
209 1049 269 1103 et
312 1043 375 1103 in
420 1045 799 1106 Sanctorum
840 1044 1013 1107 Actis
1040 1061 1069 1106 a
1116 1045 1265 1107 Boll.

36 1119 191 1195 ditiS,
237 1122 403 1193 baec,
449 1138 610 1199 quae
655 1132 1023 1201 sequuntur,
1065 1126 1268 1187 decer·

35 1200 234 1261 simus:
254 1223 280 1254 α
302 1200 368 1262 in
391 1201 750 1265 Britanniae
776 1204 1076 1280 partibus*
1097 1214 1271 1268 natus

36 1281 193 1339 ›xtitit
231 1279 565 1354 EthbinuS,
597 1291 761 1358 patre
805 1284 1181 1346 nobilissimo
1208 1293 1269 1346 et

36 1368 204 1422 natre.
235 1360 539 1422 Eruditus
573 1360 922 1425 liberalibus
963 1366 1174 1427 studiis
1208 1367 1268 1425 in

36 1437 175 1524 inmo
228 1441 414 1518 patris
459 1457 655 1518 usque
704 1443 777 1504 ad
837 1444 1121 1520 quintum
1167 1445 1268 1506 de·

36 1534 214 1579 timum
273 1536 512 1583 annum
576 1520 716 1586 fuit.
763 1523 997 1585 Mortuo
1058 1532 1265 1586 autem

36 1606 162 1658 >atre
217 1601 416 1670 Eutio,
484 1609 685 1663 mater
732 1603 888 1669 Eula
950 1604 1021 1665 ad
1076 1606 1265 1665 sancti

35 1674 292 1762 lamsonis
332 1682 596 1758 episcopi
642 1682 914 1745 Dolensis
953 1683 1019 1721 *⁸¹
1059 1686 1268 1745 confu-

35 1764 95 1827 git
131 1760 523 1846 praesidium,
568 1770 631 1821 et
673 1770 742 1824 ut
782 1779 915 1825 eam
958 1780 1126 1825 sacro
1167 1780 1268 1825 ve·

39 1851 222 1922 amine
286 1850 678 1903 consecraret
746 1843 1103 1920 postulavit3
1166 1845 1267 1922 qui

36 1929 130 1988 >jus
168 1917 466 1982 voluntati
504 1923 912 2000 petitionique
952 1939 1267 1984 assensum

36 1996 304 2079 iraebenS,
348 2010 407 2061 et
451 2017 589 2060 eam
638 2001 757 2063 Deo
816 2003 1053 2074 dicavit,
1099 2010 1160 2063 et
1204 2002 1270 2062 fi-

36 2086 153 2160 ¹ium
193 2094 371 2139 suum
413 2079 794 2157 Ethbinum,
839 2098 1073 2144 comam
1117 2085 1273 2161 capi-

35 2158 93 2242 tis
143 2154 372 2232 radens,
418 2158 746 2221 clericavit.
792 2160 1005 2222 Mansit
1065 2170 1269 2224 autem

36 2229 297 2321 bibbinus
315 2253 458 2298 cum
476 2238 654 2300 beato
680 2241 967 2302 Samsone
994 2244 1272 2321 episcopo

36 2312 348 2385 qmbusdam
395 2318 637 2391 diebuS,
677 2320 957 2381 serviens
995 2325 1048 2382 ei
1082 2323 1178 2382 die
1206 2339 1273 2384 ac

38 2399 199 2454 nocte.
224 2393 493 2467 Quadam
526 2405 729 2461 autem
761 2399 859 2461 die
888 2401 1033 2462 dum
1068 2401 1273 2463 beatus

35 2466 250 2534 Samson
308 2479 626 2554 episcopus
666 2480 1013 2542 sacerdotali
1063 2482 1272 2559 sunge-

36 2557 180 2640 retur
237 2555 454 2627 offlei0,
499 2567 558 2618 et
602 2558 936 2621 Baumerus
989 2560 1276 2622 diaconus

36 2625 325 2721 lectionem
358 2637 674 2714 Evangelii
706 2642 1012 2712 recitaret,
1041 2641 1274 2701 audivit

36 2703 306 2773 Ethbinus
336 2718 519 2779 verba
559 2718 819 2779 dicentis
850 2719 1122 2781 Domini:
1160 2719 1282 2793 Qui

36 2802 137 2848 non
155 2797 472 2859 renuntiat
493 2796 773 2860 omnibus
815 2814 967 2876 quae
992 2800 1274 2876 possidet,

38 2879 137 2927 non
170 2877 351 2945 potest
396 2893 561 2938 meus
609 2895 734 2939 esse
781 2877 1117 2957 discipulus
1155 2879 1273 2938 ***.

38 2939 136 3005 Hac
162 2965 296 3013 voce
326 2958 696 3034 compulsus,
747 2968 957 3019 cuncta
1004 2958 1275 3037 reliquit,

36 3024 91 3081 ad
116 3038 375 3114 sanctum
405 3033 793 3098 Similianum
837 3039 1115 3100 abbatem
1149 3055 1276 3116 per-

38 3114 198 3178 venit,
254 3116 800 3194 monachalemque
864 3118 1141 3180 habitum
1207 3119 1279 3180 de

36 3193 201 3275 man-u
242 3191 367 3266 ejus
408 3197 671 3273 suscepit
713 3203 775 3257 et
815 3197 927 3258 sub
978 3197 1124 3274 jugo
1173 3199 1276 3260 Do-

39 3274 171 3324 mini
228 3277 524 3336 cervicem
585 3291 756 3336 suam
818 3275 1155 3352 inclinavit,
1214 3281 1277 3339 in

40 3352 383 3411 monasterio
412 3358 517 3430 qui
553 3354 856 3418 Tauracus
882 3356 1010 3392 ****
1045 3373 1280 3421 nuncu-

39 3419 282 3509 nubatur.
315 3430 380 3492 In
426 3435 638 3494 eodem
680 3445 884 3496 autem
917 3440 1281 3499 monasterio

41 3495 316 3568 habitabat
358 3512 771 3577 winwaloeus
807 3514 971 3553 *****
1011 3519 1282 3580 sacerdos

36 3583 455 3666 etmonacbuS,
487 3610 742 3670 magnae
783 3596 1119 3658 sanctitatis
1163 3598 1279 3670 vir,

42 3669 141 3747 qui
160 3659 391 3729 beatum
424 3673 494 3732 ad
537 3689 600 3733 se
642 3674 1025 3750 conjungens
1055 3677 1279 3746 virum,

42 3735 172 3797 vidit
208 3749 445 3810 eminus
477 3769 621 3814 eum
668 3756 929 3829 superna
974 3758 1170 3830 gratia
1217 3757 1283 3818 il·

43 3807 372 3900 lustratum;
420 3838 486 3892 ut
528 3840 696 3911 pater
731 3834 931 3896 silium
970 3834 1281 3904 diliuebat.

796 324 1276 374 nARTYROLOGw
1286 325 1326 371 u
1381 322 1816 371 ILLUSTRATUH

2351 309 2466 374 93⁴
2483 305 2515 336 ²*

1328 407 1696 467 monasterio
1760 404 2051 467 milliario
2114 421 2260 476 uno,
2332 409 2603 481 visitare,

1324 492 1387 547 et
1431 485 1578 547 inibi
1628 486 1851 547 hostias
1893 490 2018 546 tau!
2058 501 2167 564 pro
2212 487 2372 547 vivis
2422 504 2604 564 quam

1326 580 1431 640 pro
1476 565 1811 637 defunctiS,
1852 566 2020 641 jussu
2064 565 2335 640 Abbatis‚
2365 567 2603 630 offerre.

1328 643 1392 704 ln
1439 645 1617 720 buius
1659 645 1826 705 enim
1875 647 2242 707 visitationis
2290 655 2607 709 consuetu·

1326 724 1469 785 dine
1511 740 1718 787 secum
1762 725 2016 786 sociavit
2044 725 2412 799 Etbbinum,
2438 729 2609 803 juve-

1331 819 1470 864 nem
1511 804 1909 881 praeclarum‚
1939 806 2265 868 diaconum
2297 822 2608 882 magnum,

1332 889 1398 944 ut
1438 884 1716 945 sacerdos
1757 883 1983 959 dignus
2025 884 2276 947 diacono
2317 892 2610 948 sustenta·

1331 968 1502 1024 retur
1529 961 1692 1039 justo
1699 1006 1815 1026 .....
1845 962 2359 1041 Supervenientes
2399 971 2610 1027 autem

1328 1042 1544 1105 Franci
1571 1051 1965 1104 vastaverunt
1990 1043 2186 1119 ipsum
2224 1043 2521 1121 templum
2544 1052 2610 1107 et

1327 1138 1577 1184 omnem
1599 1122 2005 1185 Britanniam.
2029 1123 2199 1184 Tunc
2222 1123 2436 1185 beatus
2460 1124 2605 1184 Eth-

1329 1201 1510 1263 binus
1530 1201 1727 1239 ******
1760 1204 1821 1263 in
1855 1202 2211 1264 Hiberniam
2244 1203 2506 1280 fugienS,
2538 1204 2604 1264 in

1325 1281 1498 1354 silva,
1555 1299 1709 1361 quae
1753 1281 2068 1344 Nectensis
2099 1281 2322 1318 *******
2361 1282 2603 1356 dicitur,

1328 1372 1392 1422 ut
1423 1378 1646 1439 pauper
1690 1364 2058 1440 peregrinus
2097 1362 2416 1438 tugurium
2462 1362 2606 1424 fecit

1325 1449 1386 1503 et
1431 1442 1493 1502 in
1541 1443 1769 1503 bonore
1809 1444 1999 1503 sancti
2043 1441 2268 1504 Silvani
2315 1442 2604 1516 martyris

1326 1520 2071 1595 ecclesiamsabricavit‚in
2101 1538 2216 1601 qua
2247 1522 2508 1595 assidue,
2540 1528 2607 1583 ut

1328 1602 1522 1662 bonus
1549 1618 1787 1674 servm,
1820 1602 2079 1664 Domino
2108 1618 2217 1663 suo
2240 1601 2601 1663 militavit...

1326 1681 1495 1741 Vixit
1556 1691 1762 1743 autem
1810 1683 1872 1741 in
1929 1681 2145 1743 eodem
2210 1680 2337 1743 loco
2381 1681 2607 1759 viginti

1327 1762 1525 1833 annm,
1571 1761 1838 1822 fideliter
1866 1776 2121 1839 operans
2152 1776 2300 1837 opus
2326 1761 2460 1832 Dei,
2506 1761 2607 1823 do-

1330 1855 1479 1901 nans
1521 1842 1846 1901 sanitatem
1909 1840 2388 1902 infirmantibus,
2449 1841 2606 1902 Tan·

1330 1925 1544 1998 taeque
1573 1920 1980 1982 abstinentiae
2009 1919 2122 1982 suit
2143 1921 2369 1982 ibidem
2387 1920 2608 1983 Beatus

1328 1998 1439 2060 iste
1467 2045 1483 2070 ,
1543 2007 1609 2061 ut
1655 2002 1717 2060 in
1759 1999 2087 2062 ebdomada
2134 2017 2254 2062 non
2323 2000 2606 2063 reiicere-

1333 2085 1433 2140 tur
1477 2079 1591 2140 nisi
1638 2079 1850 2151 semel,
1900 2082 1962 2141 in
2006 2079 2212 2157 quinta
2253 2080 2402 2141 feria
2449 2079 2607 2141 scili-

1328 2166 1444 2231 cet,
1490 2166 1552 2221 et
1597 2165 1744 2220 tunc
1787 2175 1940 2235 pane
1974 2160 2097 2220 solo
2152 2169 2214 2222 et
2276 2176 2454 2236 aqua.
2501 2160 2606 2220 Vi-

1333 2255 1483 2300 num
1532 2240 1593 2299 in
1637 2239 1849 2299 eodem
1912 2238 2038 2300 loco
2087 2256 2208 2301 non
2260 2239 2436 2311 bibit,
2486 2240 2601 2299 nisi

1334 2318 1761 2380 tantummodo
1790 2335 1980 2397 quum
2023 2320 2094 2380 ad
2125 2335 2287 2381 sacra
2321 2320 2605 2393 mysteria

1330 2398 1665 2461 accederet.
1691 2396 1890 2474 igitur
1919 2415 2055 2460 cum
2077 2399 2198 2476 jam
2231 2400 2423 2461 ferme
2444 2405 2605 2459 octo-

1333 2481 1502 2554 ginta
1545 2485 1608 2541 et
1655 2479 1843 2539 trium
1900 2486 2059 2539 esset
2104 2495 2436 2551 annorum,
2479 2480 2603 2540 acri

1331 2559 1527 2636 coepit
1569 2559 1771 2620 dolore
1803 2559 2066 2636 fatigari.
2093 2556 2449 2620 Convocatis
2492 2559 2606 2621 sra-

1337 2639 1571 2710 tribuS,
1629 2639 1734 2716 qui
1802 2640 1863 2698 in
1926 2638 2138 2700 cadem
2202 2637 2350 2700 silva
2413 2655 2606 2700 mora·

1336 2719 1584 2789 bantur,
1629 2718 1868 2779 obitum
1931 2735 2115 2780 suum
2172 2717 2471 2797 praedixit
2512 2718 2605 2778 di-

1334 2814 1476 2859 cens
1495 2821 1509 2857 :
1531 2821 1555 2852 «ι
1581 2797 2028 2876 Cunctipotenti
2055 2799 2336 2871 Domine,
2365 2797 2606 2873 fratres,

1338 2894 1440 2937 vos
1463 2878 1845 2953 commende,
1867 2879 1971 2957 qui
2002 2893 2281 2955 praesens
2301 2885 2391 2938 est
2411 2878 2608 2939 servis
2688 2943 2701 2956 ‚

1334 2958 1461 3017 suis
1509 2959 1567 3018 in
1615 2960 1848 3020 cunctis
1880 2958 2335 3019 necessitatibus
2373 2973 2606 3018 eorum.

1336 3037 1429 3098 Me
1489 3044 1695 3104 autem
1760 3038 1831 3098 ad
1894 3054 2178 3114 praesens
2240 3039 2607 3099 moriturum

1336 3132 1587 3194 corpore
1629 3116 1867 3189 scitote,
1901 3118 1972 3179 ad
2010 3117 2327 3180 dexteram
2374 3123 2606 3195 partem

1337 3197 1520 3274 hujus
1582 3195 1785 3257 altaris
1830 3214 1925 3258 me
1970 3200 2210 3273 ponite:
2258 3213 2453 3258 sacras
2504 3198 2608 3258 lio·

1337 3278 1474 3337 stias
1503 3292 1685 3354 super
1717 3278 1913 3352 ipsum
1945 3293 2051 3353 pro
2083 3279 2434 3338 remissione
2481 3292 2608 3353 pec-

1337 3364 1606 3417 catorum
1639 3372 1920 3417 meorum
1948 3357 2179 3418 offerte.
2207 3357 2476 3434 ultaque,
2511 3371 2608 3433 pa·

1337 3435 1589 3496 sificatis
1630 3435 1940 3510 omnibuS‚
1984 3444 2127 3497 ante
2185 3436 2373 3498 altare
2434 3437 2609 3512 spiri-

1340 3522 1471 3580 tum
1517 3514 1802 3588 reddidit,
1835 3517 2285 3592 quartodecimo
2313 3515 2611 3578 Kalendas

1339 3593 1723 3656 Novembris.
1779 3595 2065 3673 Sepultus
2132 3606 2221 3659 est
2278 3604 2482 3658 autem
2547 3597 2613 3658 in

1339 3674 1553 3735 eodem
1600 3673 1746 3745 loce,
1792 3673 1895 3735 ubi
1936 3675 2217 3754 jusserat,
2248 3676 2607 3738 honorifice.

1342 3753 1478 3824 Ubi,
1504 3752 1805 3826 largiente
1831 3754 2113 3826 Domino,
2139 3757 2297 3816 fiunt
2321 3756 2613 3818 miracula

1341 3832 1413 3893 ad
1458 3831 1694 3894 laudem
1728 3841 1788 3893 et
1821 3835 2115 3897 bonorem
2152 3837 2414 3897 nominis
2456 3836 2608 3911 ejus,

44 3886 402 3992 Consuetudo
460 3921 665 3975 autem
729 3928 860 3976 erat
916 3914 1069 3976 beati
1118 3915 1286 3977 Win-
1344 3912 1515 3990 cuius
1559 3913 1752 3973 virtus
1812 3921 1873 3974 et
1919 3922 2177 3992 potestas
2221 3931 2323 3992 per
2370 3915 2610 3976 infinita

46 3973 230 4040 waloei
291 3987 627 4065 ecclesiam,
672 4009 825 4072 quae
890 3994 1000 4055 sita
1066 4002 1193 4056 erat
1255 4012 1287 4057 a
1344 3990 1575 4054 saecula
1619 3992 2048 4054 saeculorum.»

94 4146 116 4172 ⁸
134 4150 308 4200 Scilicet
326 4160 372 4205 in
390 4167 629 4211 Britannia
650 4172 829 4218 Minor-t,
854 4183 975 4215 anno
995 4172 1187 4214 circiter
1200 4177 1289 4215 ΜΟ.

95 4210 245 4299 :Lbet
264 4227 373 4264 urbs
392 4233 464 4271 est
482 4234 753 4275 Britanniam
774 4234 982 4278 Minoris.

194 4280 339 4326 Lucae
360 4298 454 4339 xiv,
474 4296 539 4335 33.

96 4333 195 4366 ‘'¹''
223 4345 409 4393 Pennus
437 4353 690 4407 ignoratur,
711 4371 803 4411 quo
824 4363 875 4401 in
894 4362 997 4402 loco
1016 4363 1186 4402 fuisset
1206 4362 1292 4403 hoc

54 4401 378 4456 monasterium.

197 4502 501 4590 Martyrol.
544 4520 773 4584 illustr.

1400 4173 1539 4198 *****
1557 4173 1622 4210 De
1647 4173 1815 4212 Sancto
1835 4170 2110 4214 winwaloeo
2131 4170 2248 4212 nihil
2269 4174 2326 4213 ad
2349 4182 2435 4212 nos
2455 4181 2615 4220 perve-

1347 4233 1432 4279 nit,
1448 4238 1638 4283 praeter
1658 4245 1713 4274 ca
1731 4245 1848 4283 quae
1869 4236 1918 4274 in
1939 4236 1983 4275 S.
2005 4233 2192 4275 Ethbini
2213 4236 2327 4275 actis
2351 4236 2586 4284 teguntur.

1402 4299 1570 4324 ******
1592 4298 1899 4347 sexagenario
1919 4299 2082 4346 major.

1402 4360 1596 4387 utum*
1635 4362 1760 4399 Haec
1788 4360 1907 4399 silva
1949 4360 2135 4400 videtur
2171 4361 2264 4399 sito
2304 4357 2453 4400 ruisse
2493 4361 2616 4411 apud

1349 4423 1516 4464 urbem
1537 4423 1743 4463 Kssdare.

2355 4519 2465 4580 62*
