2993 4837
527 304 654 367 548
1173 319 1251 363 m:
1300 318 1355 364 s.
1411 316 1723 364 θαι-,60310
1771 316 2237 363 ΤΗΑΗΜΑτυκῦο
2651 296 2812 363 Not.
2851 300 2904 365 Π

436 418 559 484 est,
614 416 689 471 ut
720 403 803 470 ad
849 402 1224 472 orationem
1266 414 1529 470 tantum
1566 403 1766 470 detur
1813 401 2192 481 auxilium,
2244 413 2581 487 quantum
2631 401 2729 469 illi
2769 398 2916 470 affuit

438 495 507 562 in
561 493 734 560 vita:
790 504 865 559 ut
915 513 1138 559 rerum
1193 504 1538 581 gestarum
1591 490 1893 579 dignitas
1944 489 2216 559 laudem
2257 491 2546 557 minime
2592 488 2916 568 antecellm

439 580 553 650 sed
609 581 762 649 talis
810 579 1210 648 ostendatur
1260 580 1736 667 praesentibus
1778 579 1844 647 in
1895 601 1999 658 ea,
2051 600 2228 665 quae
2275 578 2351 647 fit
2403 579 2489 647 de
2532 601 2634 657 e0‚
2677 600 2922 647 comme-

441 670 842 747 moratione,
880 668 1108 755 qualis
1144 670 1211 735 in
1248 668 1419 755 ipsis
1458 669 1869 736 cernebatur
1897 667 2093 736 factis
2141 668 2227 734 iis
2273 667 2394 753 qui
2424 680 2620 736 erant
2666 666 2926 735 illotem-

441 781 626 848 pore.
680 764 891 843 Atque
953 758 1010 824 si
1062 757 1302 825 inutile
1351 756 1630 842 quidem
1682 770 1860 827 esset
1919 756 2316 825 meminisse
2362 778 2600 825 eorum
2663 756 2779 843 qui
2833 755 2923 824 vis·

438 860 580 915 tute
618 859 986 935 praestant,
1040 861 1104 913 et
1138 846 1222 913 iis
1261 847 1376 932 qui
1431 845 1750 928 audiunt,
1789 844 1872 914 ad
1926 844 1990 912 id
2029 845 2211 931 quod
2249 858 2349 913 est
2398 847 2684 933 bonurn,
2739 844 2920 913 nullus

440 936 691 1004 rediret
741 935 1027 1015 sructuS‚
1081 948 1257 1004 esset
1306 934 1591 1002 fortasse
1651 955 2238 1022 supervacaneum
2281 947 2345 1002 et
2401 933 2666 1013 inutile,
2724 932 2926 1001 nullius

438 1023 779 1092 commodi
833 1024 1051 1110 gratia
1091 1023 1410 1091 accedere
1444 1023 1527 1090 ad
1568 1023 2057 1095 laudationem,
2096 1045 2256 1090 curn
2307 1035 2372 1091 et
2424 1023 2570 1111 ipse
2618 1036 2830 1091 narret
2867 1034 2930 1090 te-

412 1106 648 1191 'mere,
703 1126 767 1181 et
814 1113 1061 1181 frustra
1112 1113 1398 1179 auribus
1437 1111 1752 1180 exhibeat
1800 1110 2199 1180 molestiam.
2255 1115 2420 1180 Cum
2472 1125 2725 1191 autem,
2771 1112 2823 1178 si
2857 1132 2924 1187 ea,

439 1224 644 1287 quam
702 1223 823 1289 par
868 1214 968 1269 est
1015 1201 1275 1280 adesse,
1330 1200 1625 1269 adfuerit
1683 1199 2023 1288 elegantia
2067 1213 2132 1268 et
2179 1201 2394 1290 gratia
2446 1201 2798 1277 orationis,
2841 1200 2926 1267 erit

439 1311 807 1360 commune
858 1288 1087 1356 lumen
1138 1311 1371 1357 eorum
1436 1290 1552 1375 qui
1628 1290 1969 1368 audiunt,
2041 1311 2172 1357 non
2231 1311 2426 1359 secus
2477 1302 2680 1376 atque
2743 1289 2838 1357 sax
2875 1288 2924 1354 i·-

438 1380 555 1465 qui
607 1379 676 1446 in
733 1378 903 1445 mari
956 1378 1311 1467 navigant,
1386 1378 1467 1445 ad
1524 1379 1819 1466 seipsam
1894 1376 2201 1465 dirigens
2270 1400 2386 1447 eos
2447 1379 2569 1464 qui
2633 1401 2751 1466 per
2794 1400 2851 1445 m

439 1480 669 1535 errant
732 1467 796 1533 in
851 1467 1189 1545 tenebris,
1245 1467 1557 1535 existimo
1608 1489 1783 1566 opus
1831 1488 1980 1534 esse
2029 1467 2336 1552 utrisque
2385 1467 2658 1553 aequali
2727 1466 2884 1535 stud'

439 1570 504 1625 et
539 1555 727 1623 vobis
761 1555 843 1622 ad
895 1555 1343 1632 audiendum,
1397 1570 1460 1623 et
1503 1556 1668 1623 milu
1721 1555 1804 1623 ad
1858 1556 2255 1623 dicendum.
2297 1554 2570 1624 Clarum
2621 1569 2722 1624 est
2765 1556 2922 1629 enim,

441 1645 509 1711 in
549 1645 697 1732 ejus
732 1644 964 1721 vitam,
1026 1658 1199 1711 recte
1245 1657 1309 1712 et
1346 1667 1422 1711 ex
1466 1646 1712 1712 virtute
1761 1658 2047 1734 gestam,
2105 1643 2272 1713 facis
2314 1644 2533 1729 instar
2594 1667 2709 1732 per
2759 1666 2883 1713 recu

439 1733 783 1801 dationem
840 1744 1104 1800 nostras
1151 1734 1420 1801 animas
1500 1733 2006 1801 illuminantem
2038 1786 2056 1810 ,
2115 1732 2417 1801 futuram
2469 1755 2619 1801 esse
2669 1734 2834 1801 viam

442 1821 537 1899 id,
593 1821 771 1907 quod
819 1822 1071 1888 bonum
1125 1834 1224 1890 est
1270 1834 1334 1889 et
1385 1821 1746 1889 honestum
1788 1836 1852 1890 et
1898 1821 1958 1889 ei
1994 1823 2110 1907 qui
2150 1836 2403 1900 narrat,
2442 1834 2507 1891 et
2555 1822 2655 1889 eis
2695 1823 2806 1908 qui
2848 1842 2928 1887 au-

440 1910 664 1978 diunt.
719 1910 969 1979 Natura
1018 1910 1198 1977 enim
1243 1910 1752 1996 quodammodo
1805 1911 2083 1978 insitum
2122 1923 2222 1978 est
2257 1910 2685 1990 hominibu5‚
2737 1924 2806 1978 ut
2835 1910 2924 1977 siut

440 1999 580 2088 apti
632 2011 696 2066 et
743 1998 1237 2066 accommodati
1288 1998 1371 2065 ad
1450 2021 1652 2067 omne
1700 1998 1879 2085 quod
1923 2011 2025 2067 est
2075 1999 2436 2067 honestum
2497 2013 2561 2067 et
2613 1996 2924 2068 laudabile.

439 2102 502 2156 et
532 2087 595 2154 id
633 2087 980 2175 possidere
1013 2086 1422 2155 desiderent.

528 2180 563 2261 ξ
616 2182 701 2246 2.
756 2180 966 2261 Atque
1014 2198 1248 2244 eorum
1313 2175 1619 2260 quidem,
1673 2197 1848 2261 quae
1900 2190 2061 2245 sunt
2106 2175 2434 2257 dicenda,
2490 2190 2916 2266 argumentum

440 2277 540 2333 est
586 2264 953 2352 ejusmodi,
1008 2264 1187 2348 quod
1232 2264 1511 2349 quidem
1551 2264 1718 2332 mihi
1755 2264 2031 2332 audenti
2064 2265 2412 2352 suscipere
2449 2265 2640 2333 nulla
2675 2287 2747 2332 ex
2793 2276 2920 2351 parte

441 2354 759 2422 imminet
808 2353 1214 2443 periculum,
1262 2352 1402 2422 sive
1451 2375 1522 2420 se
1571 2354 1653 2422 ad
1725 2375 1948 2420 rerum
2021 2366 2365 2444 gestarum
2438 2352 2946 2442 magnitudinem¹

445 2442 762 2510 extollere
814 2443 1107 2530 potuerit
1145 2443 1382 2522 oratio,
1446 2442 1587 2510 sive
1646 2465 1804 2510 non.
1861 2447 1935 2509 In
2000 2458 2289 2528 utroque
2336 2444 2520 2510 enim
2571 2446 2803 2512 borum
2848 2458 2922 2528 par

439 2531 567 2598 erit
616 2531 765 2599 laus
814 2531 873 2598 ei
923 2532 1043 2616 qui
1105 2529 1452 2599 laudatur.
1523 2536 1684 2598 Nam
1741 2532 1794 2600 si
1869 2552 1972 2598 res
2037 2531 2312 2618 quidem
2381 2546 2611 2619 gestas
2674 2541 2918 2598 assecuta

436 2619 641 2687 fuerit
688 2620 925 2698 oratic,
966 2642 1200 2687 earum
1253 2618 1706 2687 admiratione
1756 2641 1955 2686 aures
1991 2620 2272 2687 omnino
2313 2620 2811 2709 obstupescent.
2843 2616 2916 2684 Sin

439 2720 665 2775 autem
702 2730 775 2774 ea
827 2730 863 2774 a
902 2722 1086 2796 tergo
1136 2706 1335 2796 longe
1386 2707 1618 2776 relicta
1668 2707 1894 2786 fuerit,
1943 2709 2039 2775 sic
2070 2730 2341 2794 quoque
2389 2708 2542 2794 ejus
2592 2709 2706 2795 qui
2743 2707 2919 2776 lauda·

440 2809 575 2874 tur,
621 2795 832 2883 gloria
874 2796 1278 2865 illustratur.
1336 2802 1447 2866 Est
1495 2799 1677 2864 enim
1734 2797 2030 2865 maxima
2075 2796 2227 2864 laus
2280 2799 2605 2878 hominis,
2661 2799 2712 2865 si
2760 2811 2922 2863 osten-

440 2906 591 2952 sum
632 2885 834 2952 fuerit
882 2906 1039 2953 eum
1097 2907 1246 2953 esse
1296 2884 1524 2964 talem,
1593 2899 1666 2953 ut
1722 2908 1961 2954 omnes
2011 2886 2320 2953 omnium
2385 2886 2627 2954 laudes
2687 2893 2916 2973 superet.

439 2978 645 3041 Nemo
702 2987 927 3041 autem
982 2997 1059 3041 ex
1110 2974 1193 3040 iis
1242 2975 1360 3058 qui
1426 2987 1586 3042 sunt
1626 2974 1858 3042 divina
1907 2974 2199 3042 instituti
2259 2975 2641 3061 sapientia,
2707 2977 2922 3060 quaerat

438 3082 561 3150 pro
604 3083 789 3129 more
837 3075 1134 3135 externo.
1203 3075 1276 3130 ut
1323 3063 1439 3148 qui
1484 3062 1915 3150 spiritalibus
1980 3063 2365 3132 celebratur
2414 3063 2772 3142 laudibus,
2811 3057 2920 3127 arti-

441 3150 677 3219 ficiosa
727 3151 1555 3222 encomiorumlaudetur
1608 3152 1889 3220 ratione.
1929 3156 2066 3220 Non
2119 3165 2218 3220 est
2267 3151 2448 3221 enim
2494 3154 2691 3220 nobis
2735 3164 2793 3219 et
2819 3148 2924 3217 aliis

440 3239 665 3308 simile
715 3239 797 3306 de
831 3262 932 3318 eo,
986 3240 1163 3326 quod
1206 3240 1459 3308 bonum
1499 3253 1562 3308 et
1600 3241 1959 3309 honestum
1996 3255 2117 3318 est,
2168 3240 2544 3325 judicium.
2585 3247 2800 3327 Neque
2823 3257 2926 3305 eas·

438 3328 593 3397 dem
645 3327 727 3395 de
760 3329 1000 3397 iisdem
1039 3329 1370 3396 invenerit
1404 3328 1657 3415 aliquis
1705 3330 2065 3418 opiniones
2097 3329 2280 3416 apud
2310 3351 2424 3397 eos
2459 3331 2578 3416 qui
2621 3332 2682 3397 in
2724 3322 2926 3397 mundo

440 3418 698 3496 vivunt,
752 3433 815 3485 et
854 3440 967 3486 eos
1016 3417 1131 3502 qui
1189 3418 1525 3485 mundum
1566 3431 2004 3506 superarunt.
2048 3417 2192 3486 lllis
2242 3419 2422 3486 enim
2483 3418 2791 3486 videntur
2829 3434 2922 3482 [ηδ’

442 3529 576 3596 gna
610 3519 673 3574 et
707 3506 939 3595 digna,
1001 3505 1066 3574 in
1105 3529 1280 3592 quae
1330 3506 1635 3574 studium
1689 3506 2099 3579 conferatur,
2164 3506 2442 3575 divitiae
2494 3522 2558 3575 et
2606 3508 2844 3595 gloria,
2879 3511 2920 3596 «ξι

391 3628 401 3638 ·
442 3594 835 3663 mundanae
890 3608 1270 3683 potestate&
1327 3607 1390 3662 et
1439 3594 1733 3672 fabulae,
1771 3618 1946 3682 quae
1997 3596 2254 3683 patriae
2301 3619 2466 3663 suae
2518 3598 2786 3665 tradunt
2827 3611 2918 3658 on·

439 3683 695 3771 ginem,
737 3697 799 3752 et
832 3707 1006 3769 quae
1050 3685 1154 3756 iis,
1209 3685 1323 3769 qni
1364 3685 1665 3771 sapiunt,
1722 3684 2088 3773 fugiendae
2143 3699 2305 3752 sunt
2358 3688 2794 3763 narrationes,
2832 3697 2918 3747 tro·

438 3773 657 3861 phaea
690 3786 752 3840 et
791 3772 1065 3859 proelia,
1105 3785 1169 3840 et
1213 3772 1412 3850 mala,
1454 3795 1630 3858 quae
1663 3796 1738 3841 ex
1783 3773 1982 3840 bellis
2027 3776 2459 3861 proveniunt.
2493 3779 2719 3842 Nostra
2750 3782 2912 3838 autem

436 3861 741 3930 oratione
776 3884 909 3929 una
947 3863 1270 3930 honorata
1306 3876 1402 3930 est
1443 3862 1684 3949 patria,
1723 3862 2110 3950 paradisus,
2165 3884 2338 3946 quae
2383 3862 2511 3931 fuit
2545 3864 2750 3949 prima
2777 3856 2912 3926 sedes

438 3950 799 4018 hominum
853 3951 1147 4038 generis.
1196 3956 1331 4017 Una
1370 3967 1471 4018 est
1505 3952 1766 4024 civitas,
1807 3973 1983 4036 quae
2032 3964 2131 4018 est
2171 3950 2506 4028 coelestis,
2551 3965 2615 4019 et
2651 3972 2758 4038 per
2786 3947 2910 4012 vis-os

439 4051 540 4106 est
587 4051 978 4108 constructa
1035 4039 1317 4129 lapideS,
1357 4039 1558 4124 quuS
1608 4039 1846 4106 artifex
1895 4052 1959 4107 et
2008 4038 2230 4127 opifex
2278 4052 2380 4107 est
2429 4044 2622 4107 Deus.
2693 4042 2808 4104 Una
2842 4037 2904 4096 est

440 4127 711 4213 generis
759 4126 1072 4208 clarita5‚
1127 4151 1300 4215 quae
1353 4151 1437 4194 no
1472 4128 1550 4195 »is
1610 4149 1768 4196 curn
1844 4133 1969 4196 Deo
2032 4127 2390 4195 intercedit
2457 4122 2902 4214 necessitudo&

437 4215 757 4295 affinitaS,
819 4239 994 4302 quae
1056 4239 1185 4285 non
1238 4239 1401 4285 casu
1457 4215 1664 4284 alicui
1716 4217 1961 4295 evenit,
2028 4217 2510 4284 convenienter
2557 4217 2634 4294 ei,
2682 4223 2899 4298 quaem

441 4305 701 4372 mundo
750 4319 873 4383 est,
922 4307 1336 4393 cognationi,
1393 4328 1567 4391 quae
1619 4307 1844 4374 fluens
1903 4327 2020 4394 per
2088 4306 2262 4373 hanc
2312 4328 2514 4374 casus
2563 4313 2898 4384 consequenss

441 4391 629 4470 tiam,
675 4414 878 4480 saepe
910 4393 1122 4462 fertur
1152 4395 1351 4462 ctiam
1393 4394 1474 4461 ad
1517 4395 1904 4484 improbos:
1947 4393 2061 4463 sed
2115 4415 2291 4481 quae
2340 4417 2473 4463 non
2525 4393 2700 4462 aliter
2727 4399 2892 4476 parari
