2993 4837
65 345 223 408 NOV.
281 346 361 408 27
766 364 843 408 na
891 363 947 408 s.
999 361 1231 409 Jacono
1282 361 1607 409 lnrznciso
1657 363 1844 409 naar.
2366 349 2493 412 695

62 446 330 514 invisere
386 468 572 515 suos.
640 445 828 528 Quod
881 448 1005 515 etsi
1070 446 1207 517 illis
1260 467 1586 536 magnum
1639 447 1910 515 afferret
1971 448 2190 515 animi
2245 447 2573 529 dolorem,

62 549 335 603 attamen
377 536 546 603 abiit
593 534 708 602 ille
758 534 843 602 ad
882 556 1067 614 suOS,
1108 534 1514 621 obitumque
1564 556 1767 603 suum
1820 535 1965 621 jam
2017 535 2405 616 imminere,
2443 537 2586 607 illis

60 623 400 779 Eraedixit.
458 628 693 710 Itaque
741 623 1036 692 adventu
1079 646 1204 692 suo
1237 645 1351 692 eos
1388 624 1642 691 mirum
1687 624 1756 691 in
1810 623 2090 693 modum
2143 624 2583 706 exhilaratos,

101 734 171 781 oc
210 713 601 781 tristissimo
637 714 893 780 nuncio
934 734 1065 780 non
1113 711 1548 780 mediocriter
1597 713 2039 800 perturbavit.
2090 717 2166 782 Et
2212 735 2368 782 ecce
2418 714 2585 783 dum

60 801 158 869 ille
190 824 259 869 se
290 815 643 886 tamquam
682 822 1002 870 somnum
1045 814 1400 890 capturus,
1446 801 1511 868 in
1566 800 1814 870 lectulo
1864 801 2155 889 reponit,
2198 801 2374 872 inter
2406 803 2588 890 psal-

58 888 318 958 lendum
372 891 503 958 sub
551 889 775 958 officio
830 890 1085 966 divino,
1131 902 1508 958 extremum
1563 890 1854 958 halitum
1907 889 2108 969 efflat,
2159 889 2586 978 feliciterque

58 979 446 1067 commigrat
484 979 547 1045 in
599 979 825 1048 coelos
871 978 1112 1065 quinto
1161 977 1492 1046 Calendas
1542 978 1931 1047 Decembris
1978 978 2033 1041 *.
2089 984 2296 1047 Tanta
2355 993 2582 1049 autem

58 1066 183 1135 illic
215 1080 358 1134 tum
410 1067 807 1135 suavissimi
856 1066 1087 1136 odoris
1126 1068 1324 1156 copia
1358 1067 1596 1146 extitit,
1637 1067 1779 1135 acsi
1819 1066 2126 1135 universi
2158 1067 2359 1135 flores
2392 1070 2584 1137 verni

59 1156 363 1245 temporis
410 1177 571 1224 eum
615 1155 686 1225 in
720 1155 945 1224 locum
989 1156 1393 1244 comportati
1427 1169 1677 1224 essent.
1717 1156 1957 1225 Obitus
1995 1155 2146 1242 ejus
2175 1155 2359 1223 sama
2397 1157 2586 1226 velox

72 1243 412 1313 nonmodo
467 1245 735 1324 urbem,
791 1244 909 1312 sed
959 1245 1191 1313 orbem
1243 1244 1610 1332 complevit
1639 1246 2065 1313 universum.
2114 1247 2581 1314 occurrerunt

73 1333 337 1419 undque
386 1332 626 1401 fideles
678 1332 1091 1422 populorum
1134 1345 1463 1413 catervae,
1501 1334 1808 1402 certatim
1861 1333 2216 1421 cupientes
2266 1332 2368 1403 vel
2417 1355 2583 1422 ope-

65 1422 409 1507 rimentum
462 1420 759 1490 vehiculi
807 1422 957 1508 ejus
1020 1423 1452 1510 contingere,
1521 1422 1866 1509 ejusmodi
1933 1434 2325 1491 contactum
2394 1423 2584 1492 salu-

65 1512 207 1578 taris
254 1510 584 1598 praesidii
635 1510 782 1578 loco
833 1510 1216 1578 habiturae.

137 1601 169 1685 ἓ
213 1604 355 1671 12.
412 1604 547 1667 Nos
597 1599 807 1687 igitur
844 1612 977 1666 tota
1016 1599 1370 1668 devotione
1419 1620 1830 1686 summoque
1870 1599 2085 1667 animi
2129 1599 2356 1668 studio
2398 1622 2588 1689 roge-

67 1708 201 1755 mus
252 1689 793 1776 omnipotentem
849 1692 1087 1767 Deum,
1145 1701 1219 1755 ut
1272 1687 1652 1755 beatissimi
1705 1687 2045 1777 praesulis
2095 1687 2305 1776 hujus
2365 1703 2590 1777 patro-

66 1775 225 1844 cinio
270 1776 466 1844 fretis
518 1775 717 1844 nobis
774 1774 886 1844 det
934 1778 1201 1844 veniam
1263 1787 1721 1864 peccatorum,
1765 1777 2219 1862 animumque
2267 1790 2588 1847 nostrum

67 1885 97 1929 a
139 1864 503 1933 lethalibus
556 1865 736 1933 vitiis
775 1885 1025 1952 purum
1060 1886 1331 1953 semper
1375 1879 1725 1933 conservet
1762 1866 1840 1942 is,
1876 1865 1987 1933 cui
2043 1887 2365 1952 praesens
2414 1866 2590 1935 cele-

69 1952 324 2021 bramus
366 1952 708 2021 officium:
764 1954 832 2020 in
883 1974 1021 2039 quo
1073 1953 1480 2042 praestando
1535 1953 1699 2021 tales
1751 1976 1872 2022 nos
1919 1953 2367 2022 exhibeamus
2401 1977 2590 2043 prae-

70 2042 255 2110 sentia
286 2063 685 2131 corporum,
724 2054 799 2109 ut
833 2054 1092 2109 mentes
1132 2041 1443 2130 fulgeant
1482 2041 1747 2110 lumine
1779 2042 2155 2109 charitatis:
2195 2047 2462 2110 Praesta
2481 2056 2594 2112 nte

72 2131 324 2199 Domino
378 2144 614 2198 nostro
659 2131 820 2198 lesu
869 2130 1155 2208 Christo,
1201 2131 1321 2216 qui
1369 2153 1529 2198 cum
1566 2145 1923 2199 coaeterno
1971 2136 2163 2199 Patre
2211 2143 2274 2198 et
2328 2132 2591 2220 Spiritu

78 2220 284 2288 Sancto
332 2219 503 2287 vivit
547 2231 612 2287 et
654 2231 891 2306 regnat
928 2219 999 2285 in
1037 2218 1266 2288 secula
1321 2219 1739 2298 seculorum,
1777 2224 2010 2286 Amen.

570 2546 922 2645 PASSlO
991 2545 1071 2646 S.
1140 2545 1490 2646 JACOBl
1565 2545 2063 2648 INTERClSl

74 2795 136 2842 υτ
179 2800 463 2847 naamon
513 2798 577 2844 m
628 2798 1041 2853 annaurioms
1090 2799 1227 2845 uss.
1288 2797 1638 2858 conminus,
1695 2798 1925 2854 omnus
1976 2798 2402 2848 cousssnrtunr
2435 2800 2595 2845 MAR-

183 2901 527 2950 rvaoLooia
598 2902 672 2946 ET
742 2900 1147 2947 convertamur
1219 2900 1595 2947 canrAmNis
1669 2901 1851 2959 Eius,
1927 2877 2110 2957 ouon
2166 2902 2452 2948 naamon
2531 2901 2596 2948 tx

185 3002 559 3061 Nicarn0n0,
616 2985 863 3049 Eccles.
916 2982 1119 3061 Halae„
1176 2982 1288 3049 lib.
1351 2990 1451 3061 14,
1506 3004 1654 3071 cap.
1715 2990 1818 3049 90.

726 3213 978 3266 Passus
1019 3215 1125 3267 est
1166 3224 1345 3268 anno
1388 3213 1521 3265 420
1565 3238 1643 3250 -—
1684 3211 1912 3267 Persa.

140 3393 182 3546 ἓ
228 3396 300 3462 1.
352 3392 657 3461 Jacobus
707 3404 989 3481 martyr,
1032 3391 1562 3482 cognominatus
1613 3390 2010 3470 InterciSUS,
2054 3389 2306 3459 nobilis
2355 3412 2601 3480 genere

75 3499 135 3545 se
214 3480 345 3549 fide
398 3480 719 3554 nobilior,
754 3501 831 3548 ex
882 3481 1158 3581 regione
1208 3486 1568 3548 Persarum
1619 3492 1682 3546 et
1711 3480 1979 3547 civitate
2027 3478 2233 3567 Elape
2264 3479 2604 3548 oriundus

74 3564 209 3636 fuit.
250 3571 370 3638 Hic
402 3592 482 3638 ex
517 3568 1123 3637 christianissimis
1158 3567 1558 3657 parentibus
1588 3581 1777 3636 ortus
1808 3581 1930 3647 est,
1970 3580 2033 3636 et
2083 3589 2358 3637 uxorem
2413 3568 2605 3638 Chri-

76 3656 555 3726 stianissimam
606 3657 893 3737 habuit;
946 3671 1227 3744 eratque
1295 3656 1699 3725 notissimus
1757 3656 1921 3743 Regi
1974 3661 2329 3725 Persarum
2381 3656 2482 3735 *⁴2
2543 3670 2608 3726 et

76 3741 238 3813 inter
283 3748 647 3837 optimates
685 3746 977 3835 primus
1018 3745 1275 3815 Accidit
1310 3756 1538 3814 autem
1585 3757 1660 3812 ut
1699 3766 1738 3811 a
1773 3745 2086 3833 principe
2122 3745 2337 3814 nimio
2377 3767 2610 3815 amore

78 3833 526 3916 seduceretur,
580 3849 646 3903 et
684 3834 770 3903 ad
820 3834 1105 3903 colenda
1155 3833 1339 3902 idola
1382 3834 1790 3901 flecteretur.
1830 3838 1969 3901 Hoc
2020 3845 2247 3901 autem
2299 3848 2516 3903 mater
2547 3847 2614 3903 et

78 3940 236 3990 uxor
282 3924 663 4005 audientes,
702 3924 1018 4013 protinus
1058 3923 1157 3992 sic
1189 3924 1251 3991 ei
1302 3922 1754 4009 scripserunt:
1793 3944 1828 3987 «
1868 3920 2262 3991 Obediendo
2313 3923 2607 4002 mortali,

81 4006 427 4081 deseruisti
459 4034 617 4081 eum
666 4013 784 4099 qui
835 4013 964 4081 vita
998 4025 1131 4092 est;
1190 4010 1524 4101 placendo
1573 4010 1844 4079 suturae
1892 4010 2025 4078 cito
2077 4010 2451 4099 putredini,
2495 4011 2615 4079 de-

84 4100 340 4168 seruisti
392 4101 888 4188 sempiternum
941 4101 1247 4170 odorem.
1292 4099 1647 4167 Veritatem
1703 4099 1772 4165 in
1827 4097 2264 4166 mendacium
2304 4121 2617 4167 commu-

84 4189 248 4269 tasti,
310 4203 374 4257 et
425 4189 690 4258 mortali
746 4189 1229 4278 obtemperans
1261 4243 1275 4269 ,
1330 4189 1640 4255 vivorum
1707 4209 1784 4254 ac
1835 4200 2260 4255 mortuorum
2305 4186 2612 4273 judicem

88 4273 429 4363 reliquisti.
470 4278 742 4346 Noveris
800 4278 1012 4368 igitur
1053 4298 1177 4347 nos
1235 4275 1482 4345 amodo
1532 4298 1571 4343 a
1625 4288 1686 4344 te
1734 4275 2002 4343 futuras
2055 4287 2433 4354 extranea3‚
2489 4295 2614 4343 nec

134 4420 156 4441 ¹·
185 4422 309 4459 Anno
330 4423 520 4463 circiter
541 4425 630 4463 460.

137 4470 160 4496 ⁴
185 4473 468 4523 Indiga-dem
486 4477 608 4516 hunc
632 4475 837 4526 appellat
855 4476 1162 4526 Nicephorum
