2993 4837
74 364 221 430 Nov.
270 365 311 430 3
766 383 838 428 nr:
884 382 939 429 s.
990 380 1311 429 nALAcfflA
1358 382 1458 428 ΕΡ.
1512 378 1860 429 mmmmm
2364 366 2478 430 lOl

76 466 403 535 dileximus
431 487 565 538 nos
600 466 672 534 in
713 467 861 547 vita,
903 467 970 535 in
1014 480 1228 537 morte
1263 488 1397 535 non
1435 466 1939 555 separabimur.
1979 471 2264 547 Fratres,
2304 489 2438 537 non
2480 491 2581 538 re—

70 554 432 643 linquamus
484 555 559 623 in
604 568 830 636 morte,
879 577 1081 642 quem
1137 555 1206 624 in
1251 555 1384 624 vita
1428 554 1770 644 prosecuti
1804 577 2072 624 sumus.
2124 557 2219 625 Ab
2268 557 2578 627 ulteriori

72 646 256 713 Scotia
302 665 530 731 usque
567 644 702 713 huc
747 644 1051 714 cucurrit
1103 643 1215 712 ille
1266 643 1350 712 ad
1390 657 1702 713 mortem.
1758 648 2010 715 Eamus
2042 656 2106 713 et
2142 667 2289 727 noS,
2326 658 2391 715 et
2441 668 2582 716 mo-

68 734 294 802 riamur
336 755 501 802 cum
567 754 668 801 e0.
721 736 1013 822 Oportet,
1068 745 1332 821 oportet
1381 732 1659 814 dicere,
1714 755 1922 820 quam
1973 755 2248 803 cernere
2299 755 2578 804 necesse

70 821 196 889 fuit.
236 821 431 891 Adest
471 821 784 890 omnium
829 834 1224 891 sanctorum
1258 820 1445 890 clara
1486 821 1747 909 ubique
1784 820 2183 892 celebritas:
2229 822 2344 891 sed
2379 824 2580 912 juxta

70 923 315 978 veterem
390 910 799 979 sententiam
841 965 855 990 ,
939 912 1193 979 Musica
1257 912 1326 979 in
1392 914 1578 979 luctu
1648 912 2034 1001 importuna
2108 915 2415 981 narratio
2484 923 2578 982 est

64 1001 260 1085 (Eccli.
309 998 494 1084 nn).
553 999 918 1079 AdsumuS‚
971 999 1293 1069 canimus
1344 998 1443 1069 vel
1498 999 1716 1068 inviti.
1773 998 2023 1068 Flendo
2056 1013 2462 1080 cantamus,
2515 1014 2581 1070 et

63 1086 365 1156 cantando
405 1088 683 1157 flemus.
737 1087 1107 1158 Malachias
1154 1088 1279 1157 etsi
1332 1109 1464 1156 non
1518 1100 1792 1169 cantat,
1855 1109 1988 1158 non
2052 1087 2268 1176 plorat
2319 1104 2570 1158 tamen.

62 1176 206 1256 Quid
251 1177 432 1246 enim
476 1177 714 1266 ploret,
751 1177 869 1263 qui
920 1176 1434 1267 appropinquat
1481 1175 1565 1244 ad
1612 1176 2003 1265 gaudium?
2048 1178 2278 1258 Nobis,
2318 1179 2436 1266 qui
2476 1200 2578 1247 re-

64 1263 436 1351 linquimur,
480 1265 898 1354 relinquitur
935 1265 1167 1334 luctus
1199 1288 1210 1329 ε
1259 1265 1448 1335 solus
1485 1264 1851 1335 Malachias
1879 1265 2125 1334 festum
2161 1265 2343 1335 facit.
2383 1266 2572 1350 Quod

63 1353 213 1421 enim
248 1376 378 1423 non
436 1367 655 1443 potest
703 1375 1010 1442 corpore,
1067 1353 1229 1423 facit
1280 1366 1527 1434 mente,
1582 1355 1760 1423 sicut
1810 1355 2141 1444 scriptum
2192 1368 2339 1424 est:
2384 1359 2577 1446 Coqi-

65 1445 198 1510 tatio
228 1443 515 1512 hominis
543 1444 959 1532 confitebitur
991 1444 1134 1522 tibi,
1176 1453 1238 1511 et
1270 1444 1606 1533 reliquiae
1639 1445 2062 1533 coqitatiom‘s
2110 1443 2285 1512 diem
2331 1448 2577 1533 sescum

60 1541 228 1618 aqent
271 1533 393 1601 tibi
447 1532 587 1620 (Pa.
654 1531 789 1619 75).
847 1530 1210 1601 Deficiente
1262 1530 1360 1600 illi
1408 1531 1715 1621 corporis
1776 1532 2283 1611 instrumento,
2337 1533 2577 1602 silente

59 1639 280 1705 organo
325 1621 495 1700 oriS,
548 1619 778 1689 officio
828 1621 1011 1690 vocis
1058 1632 1415 1699 cessante,
1473 1619 1818 1709 reliquum
1868 1633 1990 1702 est,
2045 1633 2122 1689 ut
2174 1622 2421 1690 mentis
2460 1622 2577 1710 ju-

60 1703 176 1776 bilo
218 1707 635 1779 solemnizet.
690 1709 949 1791 Quidni
1000 1708 1397 1778 solemnizet
1445 1722 1777 1786 sanctus,
1831 1710 1949 1796 qui
2007 1723 2399 1779 sanctorum
2451 1710 2578 1778 du-

24 1798 209 1864 citur
254 1798 333 1865 ad
395 1796 964 1868 solemnitatem?
1013 1797 1298 1866 Exhibet
1360 1797 1520 1877 illis,
1575 1797 1760 1885 quod
1809 1819 1962 1867 mox
2012 1798 2142 1867 sibi
2187 1798 2572 1868 debebitur.

60 1882 259 1955 Adhuc
291 1886 674 1966 modicum,
709 1899 774 1956 et
816 1888 961 1974 ipse
1000 1908 1185 1956 unus
1217 1908 1296 1955 ex
1338 1885 1509 1976 ipsis
1541 1899 1664 1956 est.
1712 1885 1850 1954 Sub
1885 1887 2105 1955 noctis
2137 1887 2570 1976 crepusculo,

24 1993 25 2006 ¹
60 1994 185 2042 cum
207 1976 346 2064 jam
376 1988 764 2062 utcumque
805 1975 940 2044 diei
982 1998 1021 2043 a
1050 1975 1249 2044 nobis
1272 1974 1539 2064 expleta
1573 1974 1934 2043 celebritas
1966 1974 2157 2055 foret,
2201 1976 2573 2046 Malachias

24 2049 29 2158 ζ
65 2064 700 2162 appropinquaverat
742 2087 874 2134 non
904 2062 1337 2153 crepusculo,
1369 2063 1483 2132 sed
1517 2084 1830 2132 aurorae.
1862 2069 1955 2132 An
1998 2085 2128 2133 non
2167 2064 2264 2133 illi
2301 2086 2572 2145 aurora,

24 2173 27 2216 ε
69 2169 291 2221 eutnox
327 2152 730 2243 praecessit,
771 2153 917 2222 dies
950 2165 1176 2221 autem
1213 2175 1250 2221 a
1310 2152 1848 2242 propinquavit?
1896 2156 2133 2238 Itaque
2175 2153 2356 2222 febre
2392 2153 2578 2221 inva-

24 2261 27 2320 ξ
76 2235 356 2320 toeoente,
412 2241 647 2331 coepit
693 2263 771 2310 ex
835 2241 1099 2311 intimis
1160 2262 1237 2309 ar
1288 2263 1413 2310 ens
1463 2263 1583 2330 per
1646 2263 1850 2311 omne
1898 2263 2153 2330 corpus
2214 2261 2577 2329 erumpere

24 2323 27 2412 ζ
73 2325 269 2411 sudor,
321 2343 400 2400 ut
461 2329 980 2420 quodammodo
1032 2329 1372 2399 transiens
1421 2352 1543 2420 per
1592 2330 1819 2421 ignem
1869 2343 1934 2399 et
1980 2351 2232 2417 aquam
2266 2384 2280 2409 ,
2334 2328 2578 2397 educe-

24 2434 27 2503 ἰ,
66 2428 213 2486 retur
242 2420 304 2488 in
350 2416 822 2509 refrigerium.
874 2426 1027 2488 Jam
1078 2417 1485 2519 desperatur
1532 2418 1617 2487 de
1667 2420 1797 2488 vita
1847 2421 2044 2509 ejus:
2087 2418 2232 2509 jam
2285 2418 2579 2506 quisque

24 2510 227 2576 'suum
255 2509 613 2598 judicium
668 2508 1148 2597 reprehendit:
1193 2530 1342 2598 jam
1397 2507 1572 2576 nulli
1612 2507 1953 2588 dubium,
2002 2508 2374 2577 Malachiae
2423 2529 2578 2576 sen-

24 2595 297 2665 tentiam
332 2598 758 2686 praevalere.
793 2602 1174 2666 vocamur:
1228 2596 1591 2667 adsumus.
1645 2602 1722 2666 Et
1771 2596 1885 2666 ille
1933 2595 2171 2667 oculos
2220 2596 2451 2666 levans
2507 2597 2573 2664 in

24 2718 27 2763 ι,
62 2682 553 2756 circumstantes
587 2709 601 2752 ε
658 2710 692 2751 «
724 2685 1069 2755 Desiderio
1101 2684 1511 2765 desideravi,
1553 2685 1798 2772 inquit,
1837 2685 1963 2754 hoc
1999 2687 2253 2775 pascha
2291 2685 2572 2756 mandu-

24 2780 185 2869 lcare
224 2775 400 2863 apud
448 2797 597 2844 vos.
650 2776 916 2845 Gratias
965 2796 1002 2842 a
1054 2797 1093 2844 o
1142 2795 1485 2863 supernae
1536 2775 1792 2863 pietati.
1831 2779 1972 2844 Non
2011 2797 2163 2845 sum
2217 2775 2579 2845 fraudatus

24 2912 27 2919 .
70 2857 441 2933 a-desiderio
481 2885 658 2933 meo.
699 2887 733 2929 »
784 2862 984 2932 Vides
1082 2864 1379 2933 ominem
1436 2884 1752 2932 securum
1809 2862 1875 2930 in
1931 2876 2167 2944 morte,
2212 2877 2275 2933 et
2319 2864 2572 2933 nedum

75 2962 362 3021 mortuum
404 3008 419 3034 ,
473 2952 621 3042 jam
673 2964 935 3021 certum
986 2951 1072 3020 de
1125 2952 1311 3020 vita'?
1358 2956 1488 3023 Nec
1532 2951 1811 3020 mirum.
1868 2951 2116 3022 Videns
2164 2952 2403 3039 adesse
2455 2973 2577 3022 no-

24 3090 27 3139 Ι
72 3045 225 3134 clem,
254 3062 470 3126 quam
504 3052 1032 3127 exspectaverat,
1072 3052 1136 3109 et
1175 3041 1244 3108 in
1288 3041 1437 3128 ipsa
1478 3040 1780 3109 diescere
1815 3040 1971 3120 sibi,
2010 3041 2208 3128 quasi
2257 3041 2341 3110 de
2385 3054 2579 3111 nocte

71 3130 491 3218 triumphans,
553 3128 819 3199 videtur
874 3129 1209 3199 insultare
1259 3130 1597 3209 tenebriS,
1653 3142 1718 3197 et
1824 3128 2286 3199 uodammodo
2335 3129 2573 3220 loqui;

64 3217 241 3284 «sam
278 3240 412 3287 non
454 3217 713 3296 dicam,
760 3217 1064 3286 Forsitan
1106 3219 1421 3288 tenebrae
1458 3217 1790 3287 conculca
1845 3231 1970 3288 unt
2005 3240 2157 3288 me:
2210 3219 2372 3306 quia
2413 3220 2578 3287 haec

24 3322 25 3387 j
64 3320 168 3371 nox
211 3305 640 3376 illuminatio
683 3328 831 3375 mea
866 3307 934 3373 in
978 3305 1245 3376 deliciis
1279 3307 1472 3375 meiS.
1519 3333 1543 3369 n
1600 3311 1676 3375 Et
1709 3306 1961 3377 blande
1996 3328 2120 3375 nos
2169 3305 2571 3376 consolans:

24 3394 393 3487 :«.Habete,
454 3395 731 3481 inquit,
778 3416 1016 3464 curam
1072 3395 1250 3475 mei;
1302 3415 1428 3485 ego
1481 3395 1705 3475 vestri,
1760 3395 1813 3463 si
1868 3394 2161 3471 licuerit,
2220 3416 2350 3464 non
2404 3393 2577 3464 obli-

24 3478 267 3551 ?viscar.
320 3484 583 3553 Licebit
632 3495 885 3553 autem.
940 3483 1209 3552 Credidi
1242 3483 1311 3553 in
1357 3489 1592 3562 Deum,
1646 3495 1710 3552 et
1756 3483 1991 3553 omnia
2041 3483 2393 3572 possibilia
2436 3503 2580 3551 cre-

24 3565 237 3649 gdenti.
286 3572 524 3641 Amavi
578 3577 836 3642 Deum:
889 3571 1111 3641 amavi
1147 3594 1303 3641 vos:
1357 3586 1423 3641 et
1468 3571 1771 3641 charitas
1823 3594 2174 3659 nunquam
2220 3571 2490 3640 excidit.
2541 3593 2578 3638 »

56 3657 115 3723 Et
143 3662 529 3748 suspiciens
580 3661 646 3729 in
707 3660 1025 3730 coelum:
1081 3684 1115 3726 «
1153 3666 1371 3741 DeuS,
1425 3660 1696 3747 inquit,
1751 3682 1943 3730 serva
1999 3682 2115 3729 eos
2166 3661 2232 3729 in
2300 3659 2578 3728 nomine

58 3756 172 3842 tuo.
220 3752 358 3818 Non
396 3746 625 3819 solum
677 3764 902 3818 autem
953 3771 1092 3831 θος,
1147 3749 1263 3819 sed
1298 3762 1363 3818 et
1400 3771 1641 3818 omnes
1682 3749 1802 3834 qui
1845 3770 1964 3837 per
1999 3751 2281 3818 verbum
2319 3770 2399 3817 ac
2451 3747 2578 3815 mi-

54 3838 383 3907 nisterium
440 3860 671 3907 meum
728 3851 841 3907 tuo
877 3860 947 3907 se
987 3840 1459 3929 mancipavere
1502 3838 1798 3907 servitio.
1841 3864 1866 3901 ι
1925 3837 2177 3907 Deinde
2212 3838 2579 3926 imponens

60 3940 278 3995 manus
310 3926 638 4016 singulis,
677 3939 741 3996 et
776 3926 1186 3997 benedicens
1219 3927 1570 4007 omnibus,
1615 3938 1976 4016 pausatum
2020 3926 2114 3994 ire
2152 3926 2373 4014 jubet,
2413 3926 2572 4013 quia

24 4086 25 4089 Ἴ
57 4012 331 4082 nondum
386 4028 663 4084 venerat
702 4016 869 4085 hora
902 4016 1074 4104 ejus.
1130 4020 1344 4097 ImuS,
1383 4015 1692 4084 redimus
1725 4015 1910 4084 circa
1946 4015 2249 4084 medium
2305 4015 2521 4084 noctis
2555 4040 2569 4081 :

58 4117 185 4168 nam
233 4124 307 4170 ea
347 4104 517 4172 hora
568 4103 687 4172 lux
735 4103 964 4177 lucere
1013 4105 1080 4172 in
1125 4104 1426 4173 tenebris
1477 4104 1872 4173 nunciatur.
1914 4102 2250 4192 Impletur
2282 4103 2571 4173 domus:

57 4185 211 4257 adest
257 4192 703 4282 congregatio
755 4205 933 4261 tota:
987 4192 1277 4262 Abbates
1324 4214 1598 4278 quoque
1651 4191 1872 4271 multi,
1922 4193 2044 4278 qui
2075 4207 2572 4262 convenerant.

24 4288 27 4365 ᾗ
62 4274 336 4357 Psalmis,
375 4295 439 4349 et
482 4281 790 4369 hymnis,
827 4292 891 4349 et
923 4280 1211 4351 canticis
1242 4279 1724 4368 spiritualibus
1757 4281 2239 4369 prosequimur
2271 4283 2575 4351 amicum

24 4398 27 4459 ζ
64 4368 536 4451 repatriantem.
562 4374 755 4437 Anno
781 4370 1016 4439 aetatis
1043 4391 1211 4439 suae
1237 4367 1816 4457 quinquagesimo
1842 4382 2109 4456 quarm,
2144 4369 2290 4439 loco
2315 4382 2381 4438 et
2406 4382 2580 4438 tem-

24 4468 27 4519 ι
71 4469 217 4537 pore,
257 4479 392 4544 quo
433 4456 833 4549 praeelegit,
863 4470 926 4526 et
961 4457 1299 4547 praedixit
1337 4454 1707 4526 Malachias
1748 4458 2151 4548 Episcopus,
2190 4471 2256 4527 et
2289 4462 2584 4546 Legatus
2685 4494 2768 4545 s-
