2993 4837
540 282 622 345 74
1196 301 1273 345 nn
1321 299 1374 344 s.
1431 298 1718 345 utranam
1768 300 1865 345 ar.
1922 297 2246 345 utonutnst
2711 279 2862 343 Not.
2902 279 2931 343 3

453 384 676 453 fuerat
728 381 1110 453 annullata.
1164 386 1346 452 Haec
1402 403 1567 473 ergo
1607 403 1678 451 se
1728 383 2081 452 materiam
2152 380 2502 468 quandam
2554 380 2781 450 obtulit
2819 381 2934 470 ejus

453 471 1013 552 munificentiae,
1067 471 1136 540 in
1207 492 1345 559 qua
1405 470 1838 541 liberalitatis
1887 492 2053 540 suae
2103 470 2342 539 laxatis
2403 471 2721 544 habenis,
2770 490 2960 555 quam

454 581 717 630 vacuus
742 560 1102 630 tenacitate
1127 572 1327 640 esset,
1370 581 1504 629 non
1548 560 1878 629 inanibus
1901 559 2156 639 verbiS,
2185 558 2310 629 ¹sed
2348 559 2734 629 executione
2759 557 2938 648 operis

422 648 773 719 ostendit.
828 654 1134 736 Namque
1183 648 1361 719 hanc
1412 670 1587 739 pene
1620 672 1656 718 a
1706 648 2182 720 fundamentis
2218 659 2687 726 restauratam,
2727 647 2790 715 in
2835 665 2939 714 me·

455 738 834 825 lioremque
868 750 1118 808 statum
1169 737 1398 807 denuo
1431 750 1847 818 renovatam,
1895 736 2296 828 posthabita.
2333 737 2638 813 avaritia,
2679 734 2942 805 nobiliter

452 828 605 917 ejus
654 839 904 896 statum
956 829 1366 916 composuit,
1406 826 1744 896 aedificiis
1779 826 2085 896 honestis
2115 825 2520 904 nobilitavit,
2565 837 2629 894 et
2663 823 2944 912 exemptis

457 915 780 1007 praediiS‚
812 936 987 1002 quae
1019 914 1183 984 olim
1234 915 1477 1006 'religio
1508 930 1904 985 sanctorum
1949 915 2252 984 virorum
2309 913 2616 1015 largitate
2665 911 2939 1003 possedit,

454 1004 592 1074 alia
640 1004 724 1074 de
771 1004 1121 1094 episcopio
1153 1027 1278 1076 suo
1327 1004 1831 1094 superaddidit,
1866 1004 2267 1090 incolasque
2318 1003 2446 1072 loct
2497 1003 2708 1081 illius,
2755 1022 2946 1072 mona-

454 1093 624 1163 chos
661 1115 810 1163 esse
863 1093 1100 1162 voluit.
1160 1094 1285 1176 Qui
1339 1115 1423 1162 ne
1487 1093 1751 1163 nullius
1801 1093 1895 1162 rei
1948 1093 2212 1182 inopes,
2276 1092 2697 1183 indigentiae
2750 1109 2950 1158 manus

454 1181 721 1264 darent,
775 1194 978 1269 atque
1025 1204 1063 1251 a
1097 1183 1443 1272 proposito
1491 1194 1729 1252 sancto
1762 1182 2153 1260 deficerent,
2210 1195 2284 1250 ut
2331 1180 2589 1250 dictum
2633 1192 2756 1260 est,
2802 1199 2954 1267 prae-

455 1270 623 1340 vidit
669 1284 734 1340 et
785 1270 1104 1341 nobiliter
1170 1270 1535 1340 ordinavit.
1589 1272 1740 1361 Egit
1802 1292 2144 1357 namque,
2207 1283 2281 1339 ut
2328 1291 2503 1356 quae
2553 1269 2726 1338 vitae
2781 1266 2929 1337 fovea

459 1360 868 1440 necessaria,
926 1359 1114 1429 nulla
1165 1358 1515 1431 deessent:
1574 1360 2100 1451 procuravitque
2130 1372 2209 1429 ut
2252 1359 2412 1446 quia
2464 1358 2730 1427 visibus
2761 1376 2832 1426 eo
2880 1382 2953 1419 »tx

457 1449 841 1519 necessaria
889 1448 1485 1529 subministrabat,
1522 1449 1655 1539 ipsi
1703 1469 1977 1536 quoque
2024 1469 2200 1537 quae
2238 1447 2513 1517 divinae
2559 1446 2781 1516 forent
2805 1451 2954 1535 grah

455 1537 813 1618 voluntati,
868 1548 1292 1627 peragerent,
1345 1550 1411 1607 et
1456 1550 1794 1626 quantum
1848 1537 1977 1606 sibi
2031 1558 2230 1629 posse
2262 1536 2590 1634 divinit0s
2640 1533 2831 1605 confe
2898 1542 2962 1592 ·--’

456 1647 893 1714 nequaquam
946 1626 1031 1695 ab
1079 1647 1153 1694 ea
1206 1626 1654 1697 declinarent.
1707 1626 2034 1696 Adductis
2093 1647 2393 1713 namque
2441 1624 2783 1715 regularis
2828 1623 2955 1720 vis

454 1716 737 1805 optimis
787 1715 1387 1805 praeceptoribuS,
1456 1716 1875 1785 monasticae
1931 1715 2244 1785 ordinem
2295 1715 2471 1784 vitae
2515 1735 2638 1784 eos
2685 1712 2950 1788 edocuit,

453 1817 521 1874 et
560 1805 896 1873 bonorum
948 1825 1232 1894 operum
1297 1805 1640 1874 exercitiis
1686 1826 1962 1892 operam
2014 1804 2221 1885 dare,
2277 1818 2411 1873 tam
2465 1824 2629 1872 voce
2683 1800 2957 1891 propria

454 1915 664 1980 quam
717 1905 780 1962 et
829 1891 1117 1962 lectione
1142 1893 1399 1974 divina,
1433 1895 1673 1964 suasit.
1711 1893 1902 1963 Unde
1934 1892 2188 1963 factum
2226 1903 2350 1974 est,
2391 1904 2468 1962 ut
2498 1891 2659 1980 ejus
2696 1889 2955 1961 studia

458 2003 591 2052 non
647 1981 836 2051 inani
885 1980 1115 2052 labore
1148 1994 1574 2052 cassaretur:
1630 1982 1746 2052 sed
1798 2002 2009 2071 super
2064 1982 2397 2073 optimam
2451 1993 2706 2050 terram
2752 1981 2822 2068 ja
2892 2012 2953 2039 -ι-

456 2070 642 2140 verbi
693 2070 978 2154 semine,
1032 2071 1239 2142 citius
1285 2071 1745 2163 centuplicato
1795 2071 1982 2141 verbi
2032 2069 2304 2158 foenore
2353 2069 2623 2140 fructus
2679 2067 2904 2158 multip

454 2170 750 2229 caretur.
2677 2205 2695 2228 .
2960 2178 2962 2191 ·

543 2252 580 2336 ἓ
625 2251 759 2322 12.
812 2253 1193 2338 Coeperunt
1242 2248 1452 2338 igitur
1499 2248 1949 2336 undiquaque
1998 2247 2064 2315 iu
2116 2246 2412 2317 eundem
2466 2245 2699 2315 locum
2738 2243 2950 2328 reli'.

455 2337 676 2407 sitatis
715 2335 1013 2407 cultores
1052 2337 1444 2417 confluere,
1500 2350 1565 2406 et
1617 2338 1909 2407 maxime
1958 2336 2224 2406 nobiles
2279 2335 2404 2403 viri
2469 2356 2546 2403 ex
2594 2345 2896 2404 montst·

455 2426 672 2497 sancti
726 2427 1101 2506 Lamberti,
1145 2427 1264 2514 qui
1315 2427 1735 2515 Apostolicae
1783 2427 1957 2496 vitae
2015 2425 2355 2497 desiderio
2417 2425 2694 2495 accensi
2757 2432 2924 2493 erant

457 2515 622 2585 illuc
670 2514 1079 2596 convolare,
1134 2515 1420 2584 viriliter
1466 2516 1617 2605 ejus
1663 2515 1929 2585 ordinis
1988 2515 2190 2583 vitam
2246 2534 2515 2583 morum
2583 2527 2961 2598 actuumq··

455 2603 792 2694 probitate
843 2616 1087 2673 tenere.
1144 2604 1269 2687 Qui
1308 2618 1670 2694 postquam
1708 2604 1950 2674 detrita
1989 2616 2263 2673 sanctae
2295 2603 2838 2673 conversationis

454 2713 633 2778 quae
680 2690 843 2760 olim
898 2692 1028 2762 sibi
1094 2693 1365 2763 fuerant
1422 2715 1707 2782 aspera,
1763 2694 2027 2763 Christo
2074 2692 2358 2763 ductore
2420 2703 2801 2779 coeperunt
2855 2688 2923 2759 fi.

456 2780 652 2859 levia,
691 2793 1062 2871 augmenta
1092 2804 1258 2851 suae
1308 2781 1742 2871 perfectionis
1788 2793 1853 2851 et
1899 2782 2278 2851 devotionis
2327 2780 2785 2867 requirentes,
2817 2777 2962 2848 adi

456 2881 618 2938 runt
655 2868 1031 2960 praefatum
1076 2870 1532 2941 venerabilem
1568 2870 1936 2940 antistitem
1975 2869 2448 2949 walcandum,
2484 2869 2586 2939 uti
2628 2867 2962 2940 beatissi

454 2958 736 3027 Huberti
823 2959 1108 3030 raesulis
1140 2981 1296 3029 ossa
1326 2960 1425 3030 eis
1458 2982 1496 3029 a
1541 2958 1687 3030 loco
1734 2958 2130 3049 sepulturae
2162 2958 2582 3048 permitteret
2609 2955 2899 3028 transfer
2931 2988 2952 3053 .'

450 3060 518 3116 et
550 3047 618 3115 in
654 3047 751 3115 cel
788 3069 896 3130 am
940 3070 1105 3117 suae
1156 3048 1598 3118 habitationis
1630 3048 1718 3117 ob
1753 3049 1861 3117 sui
1895 3047 2459 3123 consolationem,
2497 3059 2562 3116 et
2594 3046 2900 3116 confesso

455 3135 725 3206 Domini
759 3137 1162 3227 ampliorem
1216 3138 1569 3219 honorem,
1610 3148 2096 3227 transportare.
2142 3137 2269 3219 Qui
2314 3135 2498 3205 vocis
2543 3157 2788 3205 eorum
2839 3154 2947 3223 pe

456 3225 734 3305 tionem,
773 3237 847 3294 ut
899 3226 1053 3310 pius
1105 3238 1316 3316 pater,
1369 3225 1740 3296 elementer
1777 3225 2063 3307 audivit,
2101 3225 2609 3326 indignumque
2643 3224 2893 3299 locum,
2923 3220 2955 3287 i

448 3335 589 3400 quo
622 3326 853 3383 sancta
899 3315 1207 3386 membra
1240 3314 1587 3400 jacebant,
1629 3326 1814 3384 tanto
1844 3313 2230 3385 confessore
2250 3312 2611 3404 judicavit.
2655 3313 2786 3382 Sed
2826 3312 2941 3401 pia

456 3402 847 3493 petitionem
883 3425 1118 3472 eorum
1150 3403 1418 3493 impleri
1452 3425 1650 3492 posse
1676 3417 1877 3490 atque
1909 3402 2178 3483 debere,
2213 3424 2346 3471 non
2384 3400 2666 3471 abnuit:
2708 3412 2957 3471 attam·-¹

456 3512 538 3561 ne
571 3492 845 3561 incaute
879 3514 956 3561 ac
987 3492 1270 3581 passim,
1321 3491 1613 3562 levitatis
1633 3514 1863 3563 errore
1888 3492 2215 3571 dictante,
2259 3490 2325 3560 id
2361 3489 2602 3559 fecisse
2636 3489 2866 3559 videre
2944 3520 2947 3524 ·

423 3579 666 3650 *ferme
716 3580 935 3650 tribus
983 3581 1187 3649 annis
1235 3602 1472 3650 eorum
1528 3581 1920 3671 petitionem
1970 3580 2261 3656 distulit.
2319 3577 2445 3649 Sed
2487 3600 2647 3648 cum
2700 3579 2792 3648 ab
2840 3572 2961 3665 ips'

453 3668 862 3739 venerandis
918 3668 1082 3738 viris
1147 3690 1610 3760 magnopere,
1667 3683 1741 3741 ut
1791 3670 1856 3739 id
1905 3669 2006 3741 eis
2052 3667 2503 3747 concederet,
2565 3669 2936 3758 exigeretur

455 3757 773 3846 prudenti
804 3757 1094 3828 consilio
1132 3772 1383 3827 cuncta
1423 3780 1781 3849 peragens,
1821 3758 2246 3828 Adebaldum
2285 3756 2741 3826 venerabilem
2783 3755 2961 3823 viru

456 3846 953 3936 metropolitem
1006 3868 1210 3916 suum
1264 3869 1474 3938 super
1523 3847 1650 3918 hac
1701 3869 1770 3917 re
1815 3847 2187 3917 consuluit.
2226 3846 2355 3929 Qui
2398 3858 2464 3915 et
2503 3846 2649 3935 ipse
2703 3844 2773 3912 iu
2827 3856 2926 3912 tan

457 3956 527 4003 re
558 3935 926 4005 consilium
980 3957 1214 4015 suum,
1254 3949 1329 4005 ut
1360 3936 1643 4006 decebat
1677 3958 1993 4007 summae
2045 3934 2458 4005 humilitatis
2507 3934 2757 4013 virum,
2814 3948 2960 4018 repa

457 4037 610 4093 tans
654 4024 1047 4104 minimum,
1107 4038 1330 4095 ratum
1375 4025 1591 4107 duxit,
1640 4040 1716 4096 ut
1754 4047 1890 4095 una
1937 4024 2604 4094 Christianissimum
2662 4034 2864 4108 atque
2892 4036 2958 4085 or

461 4111 832 4182 tliodoxum
873 4114 1255 4204 principem
1293 4114 1713 4184 Ludovicum
1753 4119 2242 4203 Imperatorem
2275 4112 2569 4192 adirent,
2606 4122 2670 4181 et
2696 4124 2965 4206 quaeeot

462 4202 766 4289 pulsaret
806 4201 1091 4271 fratrum
1151 4203 1406 4293 petitio,
1465 4204 1720 4294 pariter
1765 4203 2242 4273 edissererent.
2280 4201 2406 4284 Qui
2457 4212 2524 4270 et
2569 4201 2714 4288 ipse
2763 4198 2960 4289 glorie

455 4312 577 4359 sus
612 4302 816 4377 atque
847 4292 1146 4361 invictus
1180 4298 1553 4382 AugustuS,
1593 4292 2042 4362 considerans
2096 4312 2232 4359 rem
2287 4289 2772 4381 pergrandem,
2809 4298 2965 4373 atqui

455 4400 844 4468 paucorum
896 4381 1073 4451 vires
1126 4380 1606 4470 magnitudine
1654 4382 1762 4451 sui
1817 4378 2438 4457 transcendentem,
2502 4377 2584 4447 ad
2638 4373 2965 4449 conciliutt
