2993 4837
494 330 621 393 382
1260 345 1336 391 nn
1384 346 1438 391 s.
1492 344 1745 391 Annam
1792 343 2097 391 AveLmNo
2622 324 2776 390 Nov.
2818 326 2883 391 tu

305 498 316 510 ,
404 431 538 500 sibi
599 428 1094 498 moderatorem
1136 429 1464 529 elegerat,
1521 428 1901 518 praefatum
1945 449 2206 517 ,nempe
2262 432 2594 497 loannem
2648 427 2889 497 Marino·

404 519 594 588 nium
626 524 788 605 (quo
818 517 995 587 duce
1038 539 1409 607 praecipua
1465 517 1586 587 reli
1642 517 1826 587 iosae
1879 516 2052 586 vitae
2109 530 2469 607 praecepta
2524 515 2893 606 celeripedis
2986 532 2988 539 '

403 608 838 685 discurrens,
901 618 1159 676 ceteros
1212 608 1278 674 in
1321 628 1394 675 se
1447 628 1572 676 eru
1632 606 1768 687 'vit,
1825 627 2204 692 normaque
2253 604 2404 696 ejus
2454 605 2748 695 tyrocinii
2796 605 2897 673 im·
2984 634 2988 659 τ

406 717 718 765 mensum
782 694 1025 764 habuit
1077 707 1597 764 consummatae
1652 694 1922 764 virtutis
1967 694 2416 784 exemplum),
2474 693 2643 763 nihil
2701 693 2897 764 hahuit

401 784 787 853 humilitate
824 784 1281 873 praestantius
1312 837 1328 864 ,
1391 783 1705 871 nihilque
1737 782 2152 852 amabilius:
2205 783 2335 853 hae
2380 783 2565 851 enim
2615 782 2893 851 virtutum

400 873 712 943 omnium
754 873 1036 951 custode
1068 872 1137 941 in
1177 872 1573 942 exercendis
1605 872 1963 942 vilioribus
1997 872 2398 941 ministeriis
2427 872 2519 941 ita
2549 869 2897 941 hominibus
2986 922 2988 927 -

402 966 671 1048 Deoque
718 973 985 1051 gratum
1016 1017 1031 1042 ‚
1076 983 1154 1029 ac
1211 961 1377 1031 satis
1425 983 1792 1051 superque,
1851 962 2044 1050 juxta
2103 959 2483 1031 laudabilia
2520 959 2899 1050 regularium

401 1051 735 1129 instituta,
794 1050 1153 1140 probatum
1197 1072 1270 1119 se
1321 1050 1654 1129 exhibuit,
1708 1063 1782 1119 ut
1824 1049 2068 1135 jussus
2107 1070 2383 1138 operam
2428 1071 2623 1119 suam
2667 1047 2899 1117 cuidam
2986 1098 2988 1103 -

400 1140 543 1208 seni
601 1138 876 1208 infirmo
924 1139 1277 1218 continua,
1333 1139 1419 1207 ob
1471 1139 1687 1208 morbi
1738 1138 2125 1207 violentiam
2160 1192 2175 1220 ‚
2234 1138 2552 1228 phrenesi
2607 1136 2903 1206 laboranti
2986 1188 2988 1193 -

404 1227 824 1316 impendere,
879 1227 1066 1296 illam
1119 1227 1205 1296 ab
1253 1226 1499 1296 officiis
1530 1227 2167 1316 contemptibilibus
2206 1240 2271 1297 et
2308 1248 2635 1296 nauseam
2674 1247 2903 1295 moven-
2986 1246 2988 1283 ε

403 1317 585 1386 tibus
623 1317 907 1384 minime
937 1316 1337 1397 abhorrenS,
1375 1315 1612 1386 sedulo
1652 1337 2062 1401 summoque
2095 1315 2449 1385 charitatis
2482 1316 2725 1384 affectu
2754 1314 2909 1383 exhi-

401 1405 650 1475 buerit.
703 1405 905 1487 Quin,
941 1406 1002 1473 vi
1047 1405 1265 1473 morbi
1300 1426 1582 1493 aegrum
1627 1404 2003 1492 aliquando
2050 1405 2278 1473 aerius
2313 1404 2638 1493 agitante,
2694 1402 2913 1494 pugnis
2985 1418 2988 1459 ὲ

401 1493 849 1583 colaphisque
897 1492 1198 1563 Andreas
1250 1492 1714 1582 plectebatur;
1781 1507 1849 1561 at
1912 1492 2027 1563 ille
2081 1492 2382 1561 furentes
2441 1493 2619 1562 ictus
2664 1488 2907 1560 amabili
2984 1506 2988 1551 Ι

404 1584 946 1673 prosequebatur
978 1581 1299 1671 amplexu
1347 1594 1411 1651 et
1456 1604 1595 1668 quo
1643 1582 1907 1652 saevior
1952 1581 2290 1652 dementis
2331 1581 2543 1664 furor,
2581 1602 2660 1649 eo
2699 1580 2911 1649 arden·
2985 1609 2988 1635 ι

404 1671 539 1741 tius
599 1670 902 1740 Andreae
960 1670 1258 1740 charitas
1306 1671 1706 1752 aestuabat,
1764 1693 1847 1739 ne
1894 1684 2093 1739 antea
2147 1671 2348 1738 etiam
2414 1692 2535 1757 per
2589 1669 2814 1738 bienni
2985 1686 2988 1697 “

406 1771 556 1850 post
581 1760 902 1829 emissam
959 1760 1445 1848 professionem
1487 1772 1711 1829 tantae
1748 1759 2014 1850 pietatis
2054 1758 2357 1831 officium
2400 1758 2689 1838 dimisit,
2736 1777 2907 1846 quam
2985 1778 2988 1813 ¹

400 1870 602 1937 aeger
631 1870 668 1917 e
701 1849 834 1917 vita
867 1848 1280 1919 discesserit.
2986 1866 2988 1903 Ι

490 1941 526 2024 ξ
573 1940 649 2007 ⁵2.
700 1942 971 2007 Peracto
1021 1936 1357 2027 regularis
1398 1936 1823 2027 probationis
1871 1935 2243 2017 curriculo,
2299 1935 2620 2025 gloriosis
2670 1936 2782 2005 Dei
2816 1934 2913 2002 mi-
2986 1948 2988 1991 Ι

402 2025 541 2095 litis
590 2026 1023 2116 praecinctus
1064 2024 1426 2116 insigniis,
1473 2030 1759 2095 Romam
1789 2079 1809 2106 ,
1867 2025 2300 2114 superiorum
2358 2025 2702 2114 permissu
2733 2080 2749 2107 ,
2802 2024 2908 2092 toea

401 2137 594 2184 sacra
647 2128 1092 2184 veneraturus
1156 2115 1486 2194 accessit,
1541 2114 1773 2200 ibique
1826 2119 2197 2203 Martyrum
2253 2114 2569 2202 sepulcra
2620 2112 2911 2182 uberibus

403 2202 726 2292 lacrymis
786 2203 1191 2294 detergens,
1261 2225 1432 2271 nova
1490 2202 1618 2271 sibi
1684 2204 2094 2291 procurabat
2153 2201 2474 2271 incendia
2536 2201 2907 2278 charitatis;

399 2293 568 2361 adeo
618 2306 690 2361 ut
738 2293 1071 2381 pretiosae
1120 2291 1277 2360 illae
1326 2303 1597 2361 nostrae
1634 2290 2067 2361 mortalitatis
2115 2291 2419 2372 exuviae,
2473 2289 2641 2360 dum
2695 2287 2917 2359 fervida

399 2381 703 2451 sentiunt
736 2381 990 2451 amoris
1024 2380 1361 2470 suspiria,
1419 2379 1632 2450 laetae
1672 2378 2125 2450 exultaverint
2166 2379 2234 2449 in
2270 2379 2581 2461 Domine,
2624 2378 2915 2466 vitalique

400 2471 648 2571 spiritu
694 2470 924 2559 frigidi
967 2471 1232 2540 cineres
1285 2468 1780 2559 propemodum
1834 2469 2040 2539 afflati
2094 2467 2160 2537 in
2214 2467 2609 2559 amplexum
2655 2469 2913 2537 sanctis·

401 2560 558 2627 simi
613 2560 736 2628 viri
791 2559 1027 2627 exilire
1084 2557 1499 2628 viderentur.
1554 2563 1981 2648 Quapropter
2030 2558 2174 2647 ipse
2227 2571 2448 2626 tantae
2508 2553 2935 2627 exultationis·

399 2647 685 2736 gloriam
723 2646 950 2716 debita
1001 2669 1298 2737 pensans
1350 2646 1811 2728 meditatione,
1866 2660 2141 2716 sanctae
2170 2645 2658 2716 aemulationis
2692 2647 2776 2715 im
2866 2657 2915 2712 tn

406 2748 777 2836 permotuS‚
819 2736 1137 2825 spiritum
1178 2736 1523 2822 vitamque
1554 2758 1778 2815 suam,
1819 2736 1889 2803 ni
1940 2735 2300 2825 sanguine,
2349 2734 2677 2823 lacrymis
2706 2757 2774 2803 sa
2810 2747 2909 2803 tem

402 2846 469 2892 ιη
501 2823 913 2893 orthodoxae
948 2824 1104 2893 fidei
1140 2825 1548 2912 obsequium
1577 2824 1837 2914 Jugiter
1865 2823 2035 2892 adeo
2073 2822 2551 2912 profundebat,
2596 2838 2673 2892 ut
2707 2825 2927 2892 uberes·

401 2913 600 2982 fletus
644 2934 851 3002 prope
894 2926 1272 3003 martyrum
1323 2914 1588 2982 cineres
1623 2912 2000 2982 defluentes
2034 2911 2305 2981 dulcem
2350 2913 2758 2997 concupitae
2790 2931 2917 3001 pas·

377 3001 617 3069 sionis
664 3000 967 3072 dolorem
1018 3002 1216 3071 avido
1266 3001 1453 3071 cordi
1501 3015 1942 3092 resonarent,
1999 3014 2435 3087 mentemque
2485 2999 2795 3069 fallerent
2835 3019 2917 3068 er·

401 3112 550 3159 rore
581 3091 995 3180 gratissimo.
1051 3091 1301 3161 Diebus
1349 3091 1658 3178 quinque
1698 3105 1911 3179 supra
1957 3089 2238 3178 triginta
2286 3090 2354 3157 in
2395 3089 2571 3159 Urbe
2615 3101 2910 3165 moratus,

398 3179 745 3269 Neapolim
813 3179 1056 3261 rediit,
1117 3180 1238 3250 ubi
1281 3192 1601 3280 tyronum
1656 3178 2121 3269 praefecturae
2170 3176 2478 3247 adscitus
2513 3232 2528 3258 ,
2591 3197 2916 3247 summum

399 3269 769 3357 cujuslibet
819 3268 1182 3358 religiosae,
1227 3289 1320 3336 rei
1369 3268 1627 3337 bonum
1684 3289 1721 3336 e
1769 3270 1949 3336 recta
1992 3279 2307 3356 tyronum
2362 3266 2770 3337 educatione
2812 3264 2921 3333 ori-

399 3359 625 3448 ginem
661 3358 924 3426 trahere
962 3356 1278 3446 prudenti
1309 3356 1598 3426 consilio
1632 3355 2057 3435 existimanS,
2085 3355 2180 3425 ita
2218 3355 2287 3424 in
2317 3354 2382 3423 id
2423 3356 2676 3456 negotii
2710 3351 2921 3424 sedulo

399 3447 739 3522 incubuit,
779 3459 854 3515 ut
891 3445 1001 3534 pia
1041 3457 1435 3515 sanctarum
1473 3444 1799 3514 virtutum
1839 3444 2275 3523 lineamenta,
2311 3465 2485 3530 quae
2516 3466 2587 3511 ln
2622 3443 2918 3533 magistro

396 3534 804 3614 elucebant,
860 3535 927 3603 in
988 3535 1399 3604 novitiorum
1452 3534 1711 3626 animis
1751 3533 2041 3623 perfecte
2088 3532 2406 3614 duxerit,
2459 3553 2716 3619 eosque
2752 3551 2917 3631 prae·

400 3625 630 3694 sertim
701 3624 784 3693 ad
848 3622 1177 3692 orationis
1237 3621 1543 3691 studium
1595 3622 1949 3691 excitavit:
2004 3621 2394 3690 animarum
2460 3621 2646 3690 enim
2712 3621 2914 3689 cibum

396 3713 771 3782 orationem
822 3733 970 3781 esse
1019 3712 1389 3790 asserebat,
1426 3723 1491 3780 et
1539 3710 1938 3811 religiosum
1977 3710 2201 3790 illum,
2236 3710 2359 3796 qui
2405 3709 2493 3779 ab
2544 3701 2915 3803 hujusmodi

396 3801 898 3872 consuetudine
931 3823 1002 3869 se
1051 3801 1346 3880 arcebat,
1387 3821 1524 3868 non
1573 3798 1863 3868 solidam
1916 3798 2031 3868 sed
2085 3798 2393 3867 hebetem
2435 3820 2633 3866 verae
2685 3798 2917 3891 pietatis

396 3891 852 3961 substantiam
896 3890 1168 3959 animae
1224 3909 1388 3958 suae
1441 3889 1804 3977 praebere,
1861 3887 2351 3977 religionisque
2398 3888 2709 3956 convivio
2762 3881 2915 3952 ind1-

394 4002 609 4070 gnum
661 4001 812 4049 esse
870 3978 1178 4068 putabat.
1230 3977 1692 4078 Quamplures
1740 3990 1969 4046 extant
2016 3974 2318 4046 celebres
2384 3972 2782 4065 hujusmodi
2825 3973 2913 4065 inss

395 4069 833 4138 stitutionum
887 4067 1302 4149 memoriae,
1356 4067 1613 4153 quibus
1675 4065 1946 4134 formati
1998 4079 2323 4154 tyrones,
2387 4063 2698 4153 deposita
2752 4077 2910 4151 prat-’1

396 4171 644 4247 gustus
696 4156 1125 4238 titillatione,
1167 4156 1257 4224 ad
1316 4155 1629 4225 salubres
1676 4154 2095 4224 aeternitatis
2133 4174 2327 4223 escas
2366 4175 2565 4223 suam
2616 4156 2912 4222 acuerunt

397 4245 871 4333 cupiditatem.
926 4250 1109 4315 Inter
1157 4245 1282 4314 hos
1339 4244 1657 4315 Nicolaus
1716 4243 2086 4322 ZecchiuS,
2146 4242 2443 4332 insignis
2483 4242 2905 4334 humanarum

397 4332 778 4401 litterarum
830 4334 1066 4403 doctor
1114 4333 1487 4423 legumque
1536 4333 1896 4422 interpres,
1950 4332 2065 4418 qui
2104 4352 2315 4422 prope
2354 4328 2906 4422 sexagenariusin

399 4420 858 4509 praefatorum
897 4421 1307 4491 Clericorum
1349 4421 1793 4511 Regularium
1831 4420 2152 4490 Ordinem
2190 4419 2541 4491 admissus
2574 4474 2590 4500 ‚
2641 4410 2903 4506 deposui
