2993 4837
508 333 633 397 454
1278 350 1355 394 na
1403 349 1459 394 s·
1513 346 1742 395 nmAco
1790 346 2087 395 com-ess.
2620 327 2778 393 NOV.
2823 329 2884 393 t3

417 433 938 503 invictissimam
1000 433 1170 523 gerit
1238 446 1302 501 et
1369 434 1699 512 intuetur,
1760 434 1966 518 cujus
2029 432 2359 500 nimirum
2422 430 2664 500 auxilio
2709 431 2894 499 hostes

419 521 822 600 teterrimOS,
874 543 1176 600 carnem,
1220 522 1558 591 mundum
1609 535 1673 589 et
1719 521 2072 590 diabolum
2128 522 2497 607 superavit.
2543 523 2657 588 Hie
2702 541 2810 587 nos
2840 521 2894 587 in

419 612 715 679 maxima
750 610 971 678 fidelis
1004 610 1237 700 populi
1275 611 1615 697 totiusque
1646 609 1982 679 adstantis
2017 610 2178 679 cleri
2209 609 2609 696 frequentia,
2636 607 2902 678 coelestis

418 699 610 768 illius
652 712 716 768 et
766 699 1258 788 triumphantis
1302 700 1685 769 Jerusalem
1748 698 2042 789 effigiem
2111 699 2486 785 quamdam
2555 698 2742 766 nobis
2781 713 2906 766 ante

417 788 653 857 oculos
707 800 1157 877 proponentes
1210 802 1273 856 et
1319 801 1657 875 quantum
1709 789 1778 856 in
1832 789 1958 857 hac
2022 787 2485 878 lacrymarum
2537 786 2707 855 valle
2758 787 2901 856 licet.

419 878 786 957 intuenteS‚
827 877 1221 946 conscensis
1262 877 1617 967 gradibus,
1664 878 1733 944 in
1777 891 2105 966 suggestu
2138 892 2295 945 ante
2334 876 2545 946 altare
2577 877 2906 944 oravimus

423 987 574 1034 mox
626 966 691 1033 in
743 965 1023 1034 sublimi
1066 967 1440 1054 apostolico
1491 966 1737 1036 throno
1796 967 2214 1047 considente,
2269 965 2510 1034 fratres
2559 980 2814 1033 nostros
2858 968 2906 1031 S.

419 1058 499 1122 R.
546 1058 618 1121 E.
672 1054 1064 1123 Cardinales
1133 1069 1195 1123 et
1236 1057 1607 1144 Episcopos
1665 1077 1905 1124 omnes
1954 1056 2170 1124 sacris
2219 1055 2524 1124 vestibus
2570 1066 2832 1122 ornatos
2868 1067 2916 1119 et

399 1154 713 1232 paratos,
753 1143 951 1213 nobis
989 1144 1445 1213 obedientiam
1484 1144 1568 1212 de
1612 1165 1796 1212 more
1838 1156 2258 1232 praestantes
2306 1143 2726 1231 excepimus.

505 1234 541 1318 ἓ
590 1238 737 1302 16.
792 1238 962 1301 Tum
1026 1232 1318 1302 dilectus
1379 1233 1565 1301 filius
1616 1246 1842 1302 noster
1890 1238 2126 1301 Petrus
2186 1231 2361 1301 tituli
2436 1236 2502 1301 S.
2559 1229 2918 1317 Hieronymi

420 1319 853 1407 Illyricorum
906 1321 1281 1410 presbyter,
1332 1321 1712 1390 Cardinalis
1765 1326 1928 1392 Deza
1967 1323 2334 1409 HispanuS‚
2380 1320 2698 1389 catholici
2749 1319 2917 1406 Regis

420 1409 720 1498 Philippi
771 1411 1113 1496 totiusque
1162 1411 1533 1500 Hispaniae
1577 1411 1874 1491 nomine,
1917 1410 2149 1489 semel,
2190 1411 2437 1478 iterum
2471 1423 2534 1477 et
2571 1410 2763 1477 tertio
2791 1430 2916 1492 sup

424 1496 690 1585 pliciter
735 1512 799 1566 et
848 1498 1343 1570 instantissime
1406 1522 1445 1568 a
1498 1499 1694 1569 nobis
1768 1499 1959 1588 petiit
2028 1513 2103 1567 ut
2169 1498 2438 1567 beatum
2499 1497 2820 1566 Didacum
2867 1497 2912 1561 in

420 1589 823 1656 Sanctorum
879 1609 1239 1656 numerum
1303 1586 1899 1666 adscriberemus;
1975 1609 2233 1674 nosque
2292 1587 2374 1655 ad
2429 1586 2742 1686 singulas
2799 1584 2915 1670 ejus

421 1675 804 1763 petitioneS,
844 1676 1047 1765 Regis
1099 1678 1342 1764 pietate
1392 1692 1457 1745 et
1505 1677 1683 1745 beati
1717 1677 1840 1745 viri
1886 1677 2148 1746 meritis
2194 1675 2630 1754 collaudatis,
2690 1693 2915 1760 semper

418 1775 642 1832 tamen
697 1786 816 1853 per
863 1764 1183 1834 distincta
1234 1766 1613 1846 intervalla,
1672 1777 1935 1835 nostras
1993 1767 2335 1851 totiusque
2393 1763 2557 1832 cleri
2609 1775 2673 1832 et
2720 1761 2910 1852 populi

418 1853 783 1932 orationes,
818 1853 1093 1922 litanias
1130 1866 1192 1922 et
1233 1877 1465 1923 saeros
1514 1854 1813 1943 hymnos
1849 1856 2411 1942 interposuimus.
2451 1858 2761 1929 Demum‚
2789 1871 2908 1920 cum

409 1941 554 2029 [am
610 1942 781 2011 nihil
832 1944 1116 2011 omnino
1154 1966 1232 2012 ex
1284 1944 1412 2024 his,
1469 1965 1646 2030 quae
1693 1966 1730 2011 a
1785 1943 2166 2030 majoribus
2218 1944 2324 2032 pie
2381 1957 2751 2026 sancteque
2794 1949 2911 2007 sunt

468 2051 546 2098 oc
587 2030 670 2099 de
710 2053 955 2121 genere
1007 2033 1340 2111 instituta,
1385 2045 1562 2100 esset
1613 2033 2200 2121 praetermissum,
2258 2032 2469 2099 immo
2525 2033 2752 2119 potius
2807 2049 2910 2093 ma-

419 2131 569 2188 tura
637 2120 1127 2190 deliberatione
1183 2143 1595 2206 summaque
1657 2120 2012 2210 diligentia
2075 2119 2549 2188 abundantius
2619 2116 2906 2188 adhibita,

417 2207 727 2277 invocato
776 2223 1011 2279 sancto
1051 2214 1356 2279 Creatore
1407 2209 1689 2298 Spiritu,
1729 2211 1932 2299 cujus
1962 2208 2252 2278 consilio
2298 2222 2362 2276 et
2409 2209 2745 2296 sapientia
2793 2227 2910 2274 san·

416 2310 522 2366 cta
571 2298 893 2378 Ecclesia,
934 2298 1257 2367 columna
1305 2312 1368 2368 et
1419 2298 1931 2367 firmamentum
1984 2297 2307 2374 veritatis,
2350 2298 2634 2386 regitur,
2673 2298 2910 2383 ejusque

419 2407 671 2455 numen
715 2408 916 2477 saepe
963 2410 1003 2456 a
1038 2389 1235 2458 nobis
1267 2409 1344 2456 ex
1384 2387 1625 2457 intimo
1673 2386 1878 2456 corde
1929 2385 2165 2456 multis
2205 2388 2409 2455 etiam
2455 2386 2782 2476 lacrymis
2818 2384 2911 2451 im·

420 2475 787 2564 ploratum,
831 2499 1153 2566 praesens
1201 2478 1439 2545 adesse
1491 2498 1622 2545 non
1675 2476 2117 2555 dubitantes3
2174 2476 2258 2544 ad
2313 2476 2642 2544 honorem
2688 2485 2910 2544 sanctae

416 2577 479 2632 et
510 2564 909 2635 individuae
943 2566 1313 2645 TrinitatiS‚
1353 2566 1571 2634 Patris
1600 2578 1664 2634 et
1713 2566 1863 2634 Filii
1898 2577 1961 2634 et
2011 2565 2306 2653 Spiritus
2346 2565 2604 2641 Sancti,
2647 2564 2728 2633 ad
2770 2559 2912 2630 exul·

420 2653 738 2722 tationem
789 2676 1128 2742 supernae
1176 2668 1239 2723 et
1274 2654 1768 2743 triumphantis
1816 2654 2195 2723 Jerusalem
2250 2654 2486 2722 matris
2541 2668 2826 2729 nostrae,
2855 2646 2908 2716 ad

416 2741 891 2810 exaltationem
926 2743 1300 2812 catholicae
1335 2743 1518 2822 fidei,
1546 2756 1608 2811 et
1642 2743 2057 2811 christianae
2092 2742 2445 2831 religionis
2472 2755 2908 2831 augmentum.

414 2831 815 2899 auctoritate
862 2830 1166 2917 ejusdem
1240 2837 1524 2902 Sanctae
1586 2832 1980 2912 Trinitatis,
2045 2833 2398 2901 beatorum
2474 2832 2909 2920 Apostolorum

416 2918 589 2988 Petri
639 2932 702 2987 et
749 2920 940 2989 Pauli
991 2942 1069 2989 ac
1123 2935 1374 3001 nostra,
1429 2921 1515 2990 de
1562 2921 2054 2990 venerabilium
2096 2920 2382 2989 fratrum
2449 2933 2830 2988 nostrorum
2867 2919 2908 2981 S.

416 3012 493 3077 R.
535 3012 605 3076 E.
647 3008 1110 3078 cardinalium
1162 3011 1616 3096 omniumque
1653 3010 2226 3089 Patriareharum‚
2265 3008 2908 3097 Archiepiscoporum

412 3111 477 3165 et
525 3098 1016 3188 Episcoporum
1056 3101 1121 3167 in
1167 3105 1470 3168 Romana
1510 3100 1709 3167 Curia
1744 3099 2178 3167 existentium
2216 3097 2509 3167 consilio
2543 3112 2610 3165 et
2647 3096 2909 3165 unaninn

412 3207 779 3266 consensu,
819 3188 1088 3256 boatum
1130 3188 1402 3256 fratrem
1446 3188 1770 3255 Didacum
1824 3187 1908 3255 de
1956 3192 2201 3255 Sancto
2251 3185 2527 3255 Nicolao
2568 3184 2907 3275 proxinciae

414 3276 723 3345 Bethieae
772 3278 1181 3363 Hispanum,
1223 3277 1543 3345 Ordinem
1592 3277 1930 3344 Minorum
1986 3277 2213 3343 Sancti
2257 3276 2599 3343 Francisci
2648 3287 2908 3362 expresse

418 3364 822 3452 professum,
876 3365 1363 3454 sepultumque
1412 3366 1754 3454 Compluti
1815 3365 1880 3432 in
1949 3364 2236 3433 ecclesia
2301 3363 2592 3432 fratrum
2649 3360 2904 3451 ejusdcm

411 3453 710 3534 ordinis,
743 3453 827 3523 de
874 3456 1075 3543 eujus
1125 3454 1285 3523 fidei
1327 3455 1640 3544 puritate,
1689 3452 2089 3539 excellentia
2138 3452 2311 3521 vitae
2358 3466 2422 3519 et
2458 3452 2902 3521 miraculorum

415 3542 480 3609 in
534 3543 669 3611 vita
707 3556 770 3612 et
823 3558 970 3631 post
1021 3557 1303 3612 mortem
1347 3542 1654 3612 claritate
1692 3544 1888 3613 nobis
1975 3542 2324 3611 lenissime
2358 3554 2653 3617 constat,
2692 3542 2755 3607 in
2790 3555 2905 3606 san·

411 3644 675 3701 ctorum
714 3630 1191 3701 consessorum
1236 3654 1607 3701 numerum
1664 3649 1727 3700 et
1773 3644 1923 3701 cata
1955 3652 2161 3721 ogum
2215 3629 2750 3698 adscribendum
2794 3641 2902 3693 esse

411 3719 840 3790 decrevimus
873 3732 936 3790 et
969 3720 1498 3811 adscripsimu5‚
1540 3734 1743 3810 prout
1795 3742 1913 3810 per
1965 3731 2354 3809 praesentes
2406 3717 2825 3787 decernimus
2860 3719 2902 3775 el

360 3850 365 3857 -
411 3808 899 3890 adscribimUS,
940 3831 1238 3895 eumque
1300 3822 1374 3879 ut
1423 3814 1750 3879 Sanctum
1809 3810 1896 3879 ab
1945 3807 2271 3878 omnibus
2307 3807 2899 3902 venerandum-esse

414 3898 849 3984 mandamus
906 3903 1288 3969 statuentes
1338 3909 1413 3967 ut
1471 3899 1558 3967 ab
1614 3898 1990 3967 universali
2044 3895 2347 3965 Ecclesia
2401 3918 2584 3966 anno
2628 3891 2894 3981 quolibet.

410 3986 519 4054 die
553 3987 964 4057 duodecima
999 3988 1418 4067 NovembriS‚
1449 3987 1696 4057 festum
1733 3986 1956 4077 ipsius
1986 3999 2050 4054 et
2084 3984 2392 4053 officium
2431 3985 2633 4055 sicuti
2673 4004 2776 4070 pro
2796 3994 2897 4045 uno

410 4090 646 4146 sancto
706 4077 1101 4146 Confessore
1157 4090 1450 4155 tantum,
1491 4076 1576 4145 ad
1628 4076 1919 4143 formam
1979 4075 2049 4142 in
2112 4074 2411 4143 rubricis
2467 4071 2743 4143 Romani
2783 4072 2896 4135 Bre-

409 4166 604 4233 viarii
642 4166 1160 4254 praescriptam,
1206 4166 1442 4235 devote
1476 4165 1901 4245 celebretur;
1954 4162 2277 4249 quodque
2327 4163 2398 4229 in
2435 4163 2589 4248 ejus
2623 4161 2887 4257 honorem

405 4253 734 4322 ecclesiae
772 4268 836 4323 et
885 4255 1150 4333 altaria,
1210 4256 1280 4322 in
1330 4255 1590 4341 quibus
1640 4259 1771 4321 Deo
1822 4252 2160 4321 sacrificia
2216 4250 2614 4329 offerantur,
2657 4266 2798 4344 erigi
2847 4249 2889 4335 {²⁸

402 4338 682 4408 ‘fundari
736 4344 1020 4428 possint,
1055 4342 1434 4428 eademque
1482 4341 1906 4419 auctoritate,
1947 4340 2274 4409 omnibus
2340 4361 2496 4409 vere
2554 4342 2888 4431 poeni-tenti-

410 4425 542 4494 bus
573 4441 637 4495 et
669 4430 1022 4508 confessis,
1064 4432 1183 4515 qui
1224 4431 1524 4519 singulis
1572 4431 1776 4499 annis
1836 4429 2072 4499 eodem
2124 4429 2233 4497 die
2278 4428 2446 4497 festo
2489 4422 2882 4516 supradictam
