2993 4837
530 321 657 384 306
1066 338 1142 384 ne
1190 338 1244 385 s.
1299 338 1733 386 WtLLIBRORDO
1780 341 1878 386 Ep.
1933 339 2347 388 TRAJECTENSI
2631 372 2634 375 .
2689 322 2839 388 NOV.
2877 326 2906 387 ‘l'
2945 410 2946 421 ἵ

440 421 774 492 matutina
821 421 1188 511 refulgens.
1228 422 1402 491 Vixit
1437 422 1684 492 diebus
1725 424 1898 492 vitae
1932 446 2099 493 suae
2145 424 2213 492 in
2253 425 2494 493 timore
2533 426 2797 501 Domini,
2829 446 2913 492 or-

438 523 773 596 natusque
821 511 1147 579 virtutum
1178 512 1494 600 gemmis,
1526 512 1799 582 servivit
1836 513 2132 582 Creatori
2166 534 2289 582 suo
2325 513 2474 582 sine
2508 513 2786 601 querela.
2819 517 2914 582 De-

434 599 640 685 nique
687 620 846 666 cum
887 599 1032 688 jam
1086 598 1342 667 bonum
1391 613 1733 668 certamen
1785 614 2131 681 certasset,
2187 602 2535 687 fidemque
2594 613 2913 680 servasset,

430 687 707 774 quando
765 686 985 756 visum
1048 699 1150 756 est
1204 688 1548 758 Altissimo
1581 742 1596 768 ,
1650 702 1810 768 ute
1859 691 2199 778 praesenti
2268 690 2502 759 seculo
2559 691 2915 779 emigraret,

430 788 663 845 octavo
714 775 878 844 Idus
924 776 1322 846 Novembris
1366 776 1401 811 ⁴⁸
1449 778 1886 847 sanctissima
1932 773 2166 847 aniina
2214 778 2365 865 ejus
2411 778 2500 848 ab
2549 780 2802 878 Angelis
2841 800 2917 846 re-

430 879 621 954 cepta
662 864 862 933 estin
899 864 1210 933 coelum:
1264 887 1519 955 corpus
1566 879 1791 935 autem
1846 867 2366 938 sanctissimum
2414 890 2454 936 a
2495 866 2802 936 fidelibus
2824 866 2919 936 hu-

436 966 693 1021 matum
742 967 844 1022 est
892 953 957 1020 in
1010 954 1320 1029 ecclesia,
1374 976 1582 1041 quam
1635 954 1783 1044 ipse
1828 968 2304 1025 construxerat
2338 956 2409 1025 in
2452 955 2767 1025 honorem
2799 955 2917 1023 bea-

434 1042 737 1111 tissimae
773 1061 1174 1130 semperque
1222 1043 1522 1133 Virginis
1571 1044 1819 1113 Mariae
1864 1057 1931 1113 et
1978 1044 2154 1113 beati
2206 1045 2502 1135 Remigii
2553 1045 2918 1113 Rhemorum

434 1129 771 1219 Episcopi.
827 1135 903 1198 In
952 1152 1030 1199 ea
1077 1143 1303 1199 autem
1355 1130 1641 1201 ecclesia
1694 1132 1909 1201 multa
1974 1132 2306 1202 divinitus
2362 1133 2697 1203 miracula
2739 1132 2915 1209 fiunt,

434 1219 618 1287 caeci
660 1218 909 1297 vident,
963 1217 1210 1309 leprosi
1254 1219 1699 1301 mundantur,
1738 1220 2096 1378 paralftici
2127 1234 2483 1302 curantur,
2523 1223 2814 1307 variique
2836 1220 2918 1288 ho-

435 1308 724 1462 minumJ
758 1306 1144 1463 langqloreS,
1201 1309 1351 1396 ejus
1403 1310 1722 1397 precibus
1752 1308 1923 1398 depe
1958 1309 2217 1390 luntur,
2267 1324 2657 1399 praestante
2689 1310 2916 1379 Domino

438 1409 665 1465 nostro
735 1417 852 1465 esu
891 1402 933 1465 C
990 1396 1153 1465 risto
1164 1446 1295 1464 .....

1583 1696 1830 1775 VITA

679 1890 756 2020 s.
819 1920 1528 2023 wltmssssossm.
1594 1922 2336 2023 TRAJECTENSlS
2404 1922 2727 2023 EPISC.

562 2164 844 2212 AUCTORE
892 2163 1118 2210 ALBINO
1180 2162 1410 2211 FLACCO
1472 2162 1781 2222 ALCUlNO,
1835 2162 2058 2211 CAROLI
2115 2163 2314 2211 uAGNt
2374 2162 2821 2213 PRAECEPTORR.

960 2341 1144 2398 Obiit
1186 2355 1364 2398 anno
1407 2343 1526 2397 '738
1572 2370 1644 2379 -—
1686 2341 1741 2396 E
1783 2341 2141 2398 Britannia.
2180 2340 2433 2399 insula.

1256 2571 1681 2637 PROLOGUS
1729 2571 2154 2636 AUCTORIS.

522 2727 800 2794 Domino
834 2727 1102 2804 eximio,
1151 2725 1519 2795 venerabili
1552 2739 1754 2812 atque
1804 2724 2138 2796 laudabili
2189 2725 2582 2795 Beornrado
2615 2721 2910 2811 Archiepi·

428 2837 655 2900 scope,
720 2813 1003 2884 humilis
1062 2815 1285 2884 Levita
1332 2814 1663 2884 Alcuinus
1710 2814 2028 2884 salutem.
2087 2813 2332 2884 Delatis
2380 2815 2468 2884 ad
2523 2837 2651 2884 nos
2711 2827 2912 2883 vestrae

427 2902 861 2972 excellentiae
911 2903 1171 2982 litteris,
1203 2904 1271 2972 in
1322 2904 1578 2989 quibus
1609 2917 1904 2974 vestrum
1957 2924 2340 3003 agnoscens
2375 2904 2443 2971 iu
2490 2906 2772 2975 Domino
2812 2914 2910 2997 stu·

427 2992 644 3072 dium,
698 3005 761 3062 et
809 2992 1207 3062 diuturnam
1241 2993 1306 3060 in
1338 2992 1484 3082 lege
1516 2992 1664 3081 ejus
1714 2991 2250 3071 meditationem,
2292 3013 2544 3082 magno
2581 3015 2687 3062 me
2711 2988 2910 3083 gaudio

427 3081 744 3151 affectum
795 3103 942 3151 esse
980 3082 1214 3151 fateor.
1253 3081 1378 3150 Sed
1434 3094 1657 3150 tamen
1708 3080 1909 3170 longe
1955 3083 2286 3169 imparem
2328 3102 2435 3148 me
2485 3081 2816 3170 petitionis
2841 3096 2912 3141 ve·

425 3184 601 3239 strae
649 3171 1097 3250 consideravi,
1140 3184 1213 3239 ut
1267 3182 1371 3239 ote
1422 3168 1612 3238 nullo
1651 3169 2154 3270 praerogativae
2200 3190 2486 3239 munere
2535 3167 2907 3257 eloquentiae

424 3259 746 3328 suffultus
795 3259 878 3328 ad
927 3260 1017 3326 im
1077 3261 1181 3328 len
1240 3281 1381 3339 um,
1435 3258 1617 3346 quod
1653 3258 1997 3345 jussistis:
2036 3280 2115 3327 ac
2158 3258 2289 3326 nisi
2344 3280 2451 3327 me
2496 3259 2787 3328 charitas
2827 3275 2907 3323 ur·

418 3362 622 3438 geret,
674 3371 850 3436 quae
899 3282 1091 3417 nulfa
1139 3369 1387 3438 negare
1422 3346 1614 3427 solet,
1665 3369 1796 3417 non
1847 3345 2173 3416 auderem
2201 3345 2382 3415 ultra
2418 3369 2612 3417 meae
2662 3363 2904 3443 pauper-

417 3439 572 3507 tatis
623 3439 796 3508 vires
856 3439 1200 3527 negotium
1258 3437 1612 3526 attingere.
1650 3442 1900 3505 Tamen
1944 3437 2181 3505 vestris
2216 3435 2671 3518 orationibuS,
2721 3435 2903 3503 divina

420 3525 715 3596 donante
772 3527 1033 3616 gratia,
1089 3538 1154 3595 et
1200 3525 1637 3595 sanctissimo
1707 3537 1894 3614 patre
1955 3524 2393 3594 Willibrordo
2440 3524 2900 3595 intercedente,

416 3617 613 3704 cujus
664 3637 772 3684 me
820 3617 1049 3696 vitam,
1110 3635 1332 3684 mores
1369 3627 1434 3684 et
1483 3612 1818 3682 miracula
1859 3613 2159 3683 scribere
2207 3614 2306 3682 sic
2354 3613 2660 3683 studiose
2719 3630 2895 3699 rogas,

419 3706 552 3774 tuis
585 3704 807 3794 parui,
852 3716 1040 3794 pater
1079 3715 1334 3782 sancte,
1378 3702 1781 3793 praeceptis,
1813 3702 2081 3771 et‘duos
2120 3701 2375 3793 digessi
2405 3702 2695 3773 libellos:
2725 3714 2898 3795 unum

419 3794 728 3881 prosaico
767 3813 1083 3862 sermone
1182 3792 1582 3873 radientem,
1635 3792 1754 3877 qui
1805 3790 2080 3881 publice
2128 3789 2456 3861 fratribus
2504 3791 2572 3859 in
2621 3789 2896 3882 ecclesia.

418 3882 471 3950 si
522 3882 813 3973 dignum
850 3893 1005 3951 tuae
1045 3815 1357 3950 viffeatur
1387 3881 1785 3970 sapientiae,
1842 3879 1973 3968 legi
2011 3880 2366 3969 potuisset;
2421 3879 2705 3950 alterum
2732 3877 2900 3945 Pierio

420 3971 585 4056 pede
631 3984 1045 4051 currentem,
1090 3971 1210 4057 qui
1243 3970 1311 4038 in
1347 3981 1605 4039 secreto
1625 3968 1839 4038 cubili
1891 3970 2067 4038 inter
2106 3968 2555 4039 scholasticos
2606 3981 2746 4037 tuos
2787 3976 2900 4061 tan·

417 4060 769 4129 tummodo
809 4059 1144 4129 ruminari
1194 4057 1569 4129 debuisset.
1625 4063 1918 4144 Uterque
1957 4070 2185 4127 tamen
2239 4068 2515 4147 propter
2559 4065 2894 4144 occupaue-

420 4169 537 4217 nes
585 4147 873 4218 diurnas
923 4148 1194 4219 furtivis
1224 4148 1526 4217 noctium
1572 4146 2202 4218 lucubratiunculis
2246 4146 2545 4216 dictatus
2591 4158 2705 4225 est,
2750 4154 2804 4210 et
2839 4155 2894 4204 eo

474 4344 498 4368 *
530 4345 629 4390 Quo
658 4353 792 4388 anno.
820 4346 1065 4385 incertum.
1094 4364 1134 4373 -·
1162 4346 1203 4384 S.
1233 4344 1463 4385 Leonardi
1494 4347 1671 4391 cultuS,
1698 4345 1757 4384 ob
1789 4343 1994 4394 insignis
2023 4341 2268 4387 miracula.
2285 4346 2536 4394 praecipue
2553 4346 2599 4384 tn
2619 4334 2792 4391 captivis
2808 4332 2890 4372 libe·

422 4396 595 4439 randis.
625 4398 727 4444 ejus
764 4395 1094 4438 intercessione
1121 4401 1322 4447 patrata.
1350 4398 1398 4438 iu
1425 4400 1618 4449 angliae
1648 4409 1846 4448 regnum
1875 4401 2159 4450 propagatus
2188 4402 2274 4448 est,
2307 4399 2464 4447 ibique
2493 4397 2570 4440 diu
2586 4395 2734 4447 viguit.
2754 4388 2889 4430 §.Leo-

422 4450 598 4489 εει-(ωε
619 4453 667 4488 et
687 4449 735 4488 in
755 4449 953 4491 ecclesia.
975 4451 1252 4492 'taurinensi
1274 4450 1461 4493 colitur.
