2993 4837
70 336 239 401 NOV.
298 337 384 399 ⁴6
740 354 816 399 na
864 354 917 399 s.
960 333 1273 400 EDMUNDO'
1306 356 1402 399 Ee.
1457 353 1921 401 canrusnimst
2392 340 2518 402 523

68 452 541 525 structuraque
570 439 1034 527 perspiritum
1068 439 1409 518 inchoata,
1449 451 1785 507 cresceret
1821 439 1887 506 in
1928 439 2248 528 spiritum
2288 452 2601 509 sanctum

66 528 128 595 in
167 529 481 596 Domino.
528 531 604 595 Et
635 539 815 596 certe
846 526 1001 595 talis
1038 526 1150 595 ille
1179 528 1460 596 effectus
1492 539 1617 608 est,
1656 539 1733 596 ut
1768 549 1902 596 non
1940 527 2161 596 solum
2199 529 2393 618 prius
2433 527 2609 597 face·

66 629 179 686 ret.
219 638 433 702 quam
468 616 762 684 doceret:
802 616 916 684 sed
960 616 1163 684 etiam
1216 617 1411 705 prius
1441 616 1715 696 faceret,
1759 638 1967 704 quam
2005 616 2103 685 vel
2140 616 2454 686 facienda
2486 640 2574 685 au

66 704 362 773 divisset.
397 706 632 774 Carnis
680 703 913 774 foedas
963 704 1343 792 voluptates
1375 716 1441 772 et
1473 704 1758 774 delicias
1811 727 1943 773 non
2004 705 2205 775 modo
2253 707 2453 796 fugit,
2489 706 2602 775 sed

65 806 123 862 et
169 816 455 882 prorsus
508 794 793 873 horruit,
831 805 897 862 et
943 793 1385 863 abominatus
1432 807 1565 863 est:
1605 807 1864 863 etcum
1917 794 2247 864 virtutum
2283 796 2598 864 omnium

68 882 253 952 valde
315 882 671 951 studiosus
719 894 927 963 esset,
981 882 1273 950 castitati
1349 894 1574 951 tamen
1650 882 2071 973 singularem
2129 884 2400 952 navavit
2450 904 2602 972 ope-

68 994 230 1052 ram,
269 973 498 1041 sciens
530 970 702 1040 illud
741 971 1151 1060 Sapientiae,
1185 971 1773 1059 incorruptionem
1814 971 2164 1040 hominem
2213 977 2341 1040 Deo
2379 973 2609 1061 proxi-

68 1081 247 1128 mum
296 1060 545 1129 facere:
597 1081 739 1146 quo
784 1059 1038 1128 sactum
1076 1072 1198 1142 est,
1239 1073 1314 1128 ut
1352 1082 1575 1146 usque
1624 1059 1708 1129 ad
1753 1081 2157 1149 supremum
2199 1061 2372 1128 vitae
2421 1060 2603 1129 diem

71 1148 384 1217 inviolata
437 1151 500 1217 in
552 1170 630 1217 eo
682 1150 1134 1238 permanserit
1184 1148 1569 1236 virginitas.
1611 1154 1691 1218 Ut
1740 1162 1970 1217 autem
2028 1171 2196 1217 cura
2243 1150 2393 1235 ejus
2445 1171 2654 1218 con-·

73 1238 433 1306 servandae
472 1239 690 1324 major
737 1238 797 1305 ei
852 1237 1128 1317 inesset,
1169 1236 1255 1305 de
1295 1238 1586 1306 consilio
1634 1238 2000 1327 cujusdam
2054 1237 2453 1316 sacerdotiS,
2500 1261 2608 1307 co-

72 1347 204 1393 ram
246 1327 549 1416 imagine
583 1341 950 1415 perpetuae
994 1327 1313 1416 Virginis,
1361 1327 1841 1396 sanctissimae
1876 1326 2106 1394 Matris
2143 1326 2246 1394 Dei
2277 1327 2613 1394 castitatis

74 1417 489 1504 nuncupavit
535 1428 791 1494 votum,
838 1429 902 1483 et
967 1414 1065 1482 illi
1123 1414 1464 1504 singulari
1515 1428 1579 1483 et
1634 1413 2161 1504 incomparabili
2217 1415 2475 1504 Virgini
2541 1437 2612 1484 se

73 1505 577 1583 commendans,
622 1525 771 1573 eam
825 1504 959 1573 sibi
1009 1526 1333 1592 sponsam
1394 1501 1670 1592 delegit,
1717 1518 1929 1589 utque
1986 1502 2228 1572 foedus
2277 1525 2436 1571 cum
2493 1501 2607 1571 illa

78 1591 306 1659 initum
362 1597 648 1683 pror‘sus
684 1594 961 1660 firmum
1026 1607 1091 1662 et
1140 1592 1383 1661 stabile
1444 1591 1584 1660 fore
1633 1591 2034 1670 declararet,
2083 1614 2256 1661 novo
2304 1592 2605 1680 quodam

76 1680 265 1748 modo
301 1705 453 1751 eam
491 1682 752 1750 annulo
783 1702 909 1749 suo
960 1693 1310 1767 tamquam
1362 1681 1750 1749 arrhabone
1785 1681 1915 1749 sibi
1953 1681 2340 1770 despondit,
2387 1702 2609 1749 annu-

80 1767 208 1836 lum
249 1770 445 1841 illum
481 1793 685 1857 quem
717 1793 792 1838 ea
829 1793 1036 1839 causa
1071 1769 1343 1851 fecerat,
1383 1770 1538 1857 ejus
1575 1770 1897 1859 imaginis
1932 1770 2147 1859 digito
2184 1770 2502 1858 infigenS,
2543 1769 2609 1836 in

82 1878 202 1942 quo
233 1861 434 1928 etiam
474 1861 805 1947 inscripta
837 1872 980 1927 erat
1021 1859 1337 1948 Angelica
1390 1858 1734 1928 salutatio.
1774 1860 1985 1944 Atque
2024 1881 2103 1926 ex
2151 1880 2228 1926 eo
2280 1872 2608 1947 tempore,

85 1958 148 2012 ut
191 1947 331 2035 ipse
377 1951 445 2016 in
500 1971 626 2017 suo
674 1949 863 2016 obitu
914 1947 1271 2016 confessus
1309 1961 1433 2027 est,
1472 1948 1742 2034 quoties
1795 1947 1984 2015 illius
2031 1946 2611 2015 clementissimae

90 2033 364 2124 Virginis
432 2036 824 2125 imploravit
855 2057 1080 2124 opem,
1121 2036 1235 2104 illa
1302 2037 1369 2104 in
1425 2037 1793 2105 tentatione
1850 2036 2132 2114 exitum,
2173 2035 2240 2103 in
2297 2057 2612 2125 persecu-

97 2123 252 2192 tione
282 2126 635 2204 solatium,
675 2127 743 2194 in
777 2125 1144 2194 afflictione
1180 2126 1588 2204 remedium,
1626 2126 1692 2192 in
1727 2123 1961 2193 dolore
1986 2124 2317 2212 gaudium
2348 2125 2405 2192 ei
2439 2124 2613 2193 cele-

100 2210 234 2280 riter
262 2215 674 2304 impetravit.
702 2214 955 2283 Habuit
985 2236 1139 2282 vero
1165 2216 1369 2282 etiam
1401 2215 1467 2282 in
1500 2213 1723 2303 digito
1746 2236 1871 2283 suo
1897 2212 2263 2290 annulum,
2289 2235 2448 2280 cum
2477 2234 2614 2299 quo

103 2314 224 2383 post
267 2316 582 2380 mortem,
627 2316 704 2372 ut
744 2302 964 2371 solent
1013 2303 1392 2390 pontifices,
1459 2301 1775 2391 sepultus
1823 2314 1945 2381 est,
1981 2302 2094 2368 cui
2147 2301 2407 2378 itidem,
2447 2324 2614 2370 cun-

104 2387 206 2485 ctis
243 2392 777 2472 admirantibu3,
818 2392 1137 2482 Angelica
1168 2391 1488 2461 salutatio
1520 2391 1866 2479 insculpta
1908 2391 2059 2469 fuit,
2107 2401 2180 2458 nt
2219 2390 2611 2460 beatissima

102 2478 264 2567 Virgo
299 2483 559 2570 ipsum,
597 2503 801 2550 suum
847 2503 1177 2570 sponsum
1214 2494 1278 2550 et
1311 2481 1562 2551 habere
1591 2494 1656 2550 et
1690 2502 2062 2571 agnoscere
2094 2480 2519 2570 dignaretur.

164 2567 195 2651 §
236 2576 326 2639 6.
382 2570 500 2638 Pia
552 2581 767 2637 mater
805 2569 982 2655 ejus,
1021 2592 1179 2638 cum
1230 2583 1408 2639 esset
1437 2593 1473 2638 e
1506 2571 1638 2639 vita
1671 2571 2062 2649 decessura,
2092 2569 2616 2639 commendarat

93 2653 143 2750 ei
185 2655 454 2727 fratrem
511 2660 663 2743 ejus
711 2659 1110 2737 Robertum,
1168 2671 1234 2727 et
1280 2680 1570 2739 sorores,
1621 2671 1699 2728 ut
1748 2672 2097 2744 tamquam
2155 2660 2372 2747 major
2422 2670 2613 2737 nam,

95 2740 342 2815 illorum
395 2750 633 2816 curam
673 2748 1074 2836 susciperet.
1114 2752 1291 2815 Haec
1337 2755 1441 2815 r'es
1481 2749 1541 2814 ei
1593 2747 2005 2834 aliquandiu
2045 2750 2132 2815 ab
2180 2749 2476 2816 externis
2508 2769 2619 2815 oc-

93 2836 559 2921 cupationibus
611 2858 897 2925 magnas
948 2836 1295 2904 molestias
1344 2836 1595 2905 attulit.
1647 2836 2107 2904 Admonuerat
2155 2857 2313 2905 eum
2374 2850 2612 2916 mater,

94 2933 158 2986 ut
206 2944 512 2993 sororum
569 2924 939 3014 pudicitiae
989 2925 1426 2993 consuleret:
1505 2946 1681 3011 quae
1752 2946 1908 2993 cum
1975 2937 2199 2993 essent
2271 2926 2620 3014 speciosae

95 3007 443 3081 admodum
480 3069 494 3093 ,
552 3012 789 3082 multis
864 3012 1186 3101 periculis
1248 3014 1594 3099 expositae
1657 3012 2113 3081 videbantur:
2191 3035 2616 3099 quamquam

97 3103 401 3170 maternis
434 3114 499 3170 et
532 3102 970 3171 sermonibus
1004 3115 1067 3170 et
1100 3102 1432 3191 exemplis
1472 3102 1943 3182 confirmatae,
1983 3103 2268 3170 caeteris
2309 3102 2620 3170 fortiores

96 3203 288 3256 erant.
328 3196 416 3259 De
468 3192 550 3259 iis
601 3192 667 3259 in
725 3191 1025 3276 quodam
1085 3192 1429 3281 virginum
1489 3192 1902 3259 monasterio
1952 3189 2373 3258 collocandis
2421 3210 2621 3278 agere

97 3274 334 3347 volebat
382 3280 790 3349 Edmundus
825 3303 983 3349 curn
1035 3280 1188 3365 ejus
1228 3280 1624 3348 monasterii
1669 3279 2044 3347 sororibus.
2107 3278 2231 3347 Sed
2294 3279 2449 3345 illae
2502 3299 2618 3346 nc-

98 3363 347 3447 gabant,
389 3369 520 3437 nisi
569 3384 750 3437 certa
786 3374 1142 3437 numerata
1197 3369 1513 3457 pecunia,
1554 3390 1624 3438 se
1656 3368 1811 3437 illas
1847 3369 1912 3436 in
1952 3389 2154 3436 suum
2197 3367 2618 3435 consortium

100 3451 524 3527 admissuras.
568 3458 688 3527 Ille
741 3458 993 3526 veritus
1030 3458 1156 3526 hoc
1206 3457 1289 3526 ad
1346 3458 1564 3527 labem
1607 3458 2066 3526 Simoniacam
2170 3456 2480 3527 ertinerez
2524 3475 2623 3522 re-

101 3543 280 3611 cessit
308 3546 393 3614 ab
422 3548 545 3615 eis:
582 3560 652 3615 et
691 3564 847 3614 cum
886 3546 1073 3616 aliud
1123 3546 1214 3614 nil
1263 3562 1675 3635 suppeteret,
1719 3547 1801 3615 ad
1860 3553 2067 3616 Deum
2156 3542 2617 3633 eprecandum

104 3646 163 3692 se
198 3635 496 3713 contulit,
535 3657 804 3705 sorores
855 3634 1158 3714 hortans,
1198 3648 1271 3703 ut
1321 3635 1499 3704 idem
1555 3636 1744 3724 ipsae
1786 3657 2059 3723 quoque
2093 3634 2417 3702 facerent.
2458 3636 2624 3699 Ora-

106 3725 227 3813 lum
274 3735 370 3791 est
420 3725 653 3813 igitur,
709 3746 833 3793 nec
882 3724 1190 3811 despexit
1240 3724 1632 3793 Altissimus
1686 3725 2055 3793 humilium
2110 3744 2368 3813 preces
2415 3726 2624 3788 Inno-

107 3814 216 3872 tuit
245 3812 419 3879 enim
472 3813 858 3891 Edmundo,
899 3813 964 3879 in
1000 3811 1301 3898 quodam
1343 3834 1645 3901 paupere
1697 3811 2110 3880 monasterio
2159 3808 2620 3880 foeminarum

111 3901 529 3991 monasticam
590 3901 992 3991 religionem
1046 3901 1318 3991 egregie
1375 3902 1640 3980 florere,
1679 3914 1744 3967 et
1783 3900 2167 3969 arctissime
2208 3900 2619 3970 conservari.

110 3977 240 4049 Illic
282 4008 440 4077 ergo
490 3989 898 4058 Edmundus
961 4011 1228 4057 sorores
1285 4011 1445 4057 suas
1502 3988 1749 4077 degere
1820 4002 2213 4079 peroptanS,
2278 4010 2434 4056 cum
2496 3989 2627 4057 loci

116 4068 420 4162 Praefecta
469 4080 606 4147 sive
657 4078 987 4147 Priorissa
1028 4078 1112 4145 de
1160 4099 1233 4144 ea
1289 4099 1357 4144 re
1404 4076 1705 4163 colloqui
1759 4078 1991 4146 voluit.
2044 4078 2166 4147 Sed
2206 4100 2308 4155 ea,
2359 4076 2513 4146 licet
2559 4079 2622 4145 ei

116 4174 360 4243 tgnotus
391 4179 587 4246 esset,
626 4166 818 4235 illius
855 4188 1239 4235 sermonem
1278 4167 1658 4247 antevertit,
1699 4188 1962 4253 suoque
1995 4189 2151 4235 eum
2194 4166 2469 4234 nomine
2509 4187 2545 4234 a
2600 4206 2627 4216 -

119 4245 373 4345 pel-lans,
407 4276 442 4319 «
472 4259 555 4322 De
590 4256 944 4325 sororibus
994 4256 1154 4332 tuiS,
1195 4255 1439 4339 inquit,
1490 4254 1876 4334 Edmunde,
1936 4277 2065 4324 non
2100 4253 2414 4340 estquod
2457 4256 2547 4322 mi
2609 4255 2627 4320 i

118 4350 455 4434 quicquam
507 4344 794 4414 indices.
853 4349 989 4432 Ego
1036 4345 1247 4422 enim,
1307 4344 1595 4412 Domino
1647 4343 2008 4422 revelante,
2048 4343 2192 4429 jam
2249 4341 2414 4419 sci0,
2459 4341 2626 4426 quid

121 4420 281 4495 vebs.
310 4430 374 4498 Si
416 4430 579 4531 illae⁸
606 4432 690 4502 ad
747 4453 873 4500 nos
919 4430 1252 4501 venerint.
1296 4432 1643 4520 repulsam
1680 4431 1866 4521 apud
1911 4452 2032 4498 nos
2083 4430 2624 4515 haudquaquam
2731 4520 2738 4525 .
