2993 4837
557 295 689 356 642
891 347 894 351 r
1154 310 1234 354 m:
1283 311 1337 354 s.
1383 307 1673 355 6116611111
1721 309 2011 355 ulnarum
2059 309 2134 354 111
2183 305 2352 353 auls
2690 287 2834 351 ΜΝ.
2875 289 2940 350 Ξέ

469 393 693 463 credis
726 415 948 462 unum
1004 414 1154 461 esse
1204 397 1416 461 Deum
1470 392 1540 460 in
1576 392 1812 462 coelis.
1853 416 1890 460 »
1926 393 2100 462 Dicit
2129 390 2523 462 Tiburtius:
2567 413 2602 454 ε(
2630 394 2753 458 Non
2794 390 2946 458 intel-

474 483 633 570 lig0‚
672 502 973 568 quonam
1013 502 1222 570 scopo
1271 481 1440 549 haec
1492 481 1664 550 mihi
1717 503 1840 572 pro
1892 483 2069 551 onis
2106 506 2142 547 »

558 577 593 658 ξ
639 573 715 641 ¹2.
774 570 943 639 Dicit
978 574 1043 639 S.
1099 569 1428 639 Caecilia:
1486 591 1523 636 «
1559 575 1639 639 Ut
1675 569 1835 640 intel
1874 571 2021 660 igas
2067 591 2219 639 esse
2265 568 2521 637 formas
2561 581 2866 648 testaceaS,
2902 581 2954 634 et

470 682 789 750 gypseaS,
842 671 907 728 et
941 658 1229 749 ligneas,
1299 672 1364 727 et
1403 680 1675 738 666666,
1729 673 1794 728 et
1829 661 2144 749 cujusvis
2201 657 2482 736 metalli;
2535 671 2598 725 et
2636 679 2761 725 non
2813 655 2950 723 dicas

467 771 582 818 eos
615 770 763 818 esse
809 747 997 828 (1666,
1039 749 1105 815 16
1151 746 1406 835 quibus
1444 748 1680 817 vivunt
1713 769 2028 828 araneae,
2066 761 2130 816 et
2165 747 2479 816 volucres
2527 760 2810 816 stercora
2844 767 2952 834 ege-

474 851 655 916 runt;
708 839 780 906 in
814 858 1110 922 quorum
1163 835 1509 925 capitibus
1543 836 1762 905 solent
1792 836 2148 906 nidificare
2195 837 2524 913 ciconiae,
2562 857 2734 921 quos
2761 834 2952 902 faciunt

469 925 935 1006 condemnati,
980 925 1261 1010 quando
1301 925 1613 994 damnati
1656 939 1930 1015 propter
1965 924 2301 995 maleficia
2352 925 2719 994 mittuntur
2766 923 2824 990 in

470 1014 740 1083 tallum.
781 1019 948 1083 Cum
997 1035 1161 1103 ergo
1219 1014 1492 1082 initium
1567 1015 1911 1102 accipiant
1983 1037 2063 1083 ex
2127 1014 2628 1093 condemnatis,
2682 1033 2867 1100 quom

469 1103 844 1172 existimari
882 1115 1170 1204 possunt
1208 1115 1328 1171 aut
1367 1103 1553 1170 credi
1581 1102 1733 1171 dii?
1765 1108 1947 1171 {nter
1972 1115 2278 1172 mortuos
2304 1103 2488 1170 enim
2529 1115 2593 1170 et
2624 1100 2940 1170 simulacra,

470 1192 664 1261 nulla
696 1206 795 1262 est
830 1191 1236 1260 differentia.
1270 1191 1628 1273 Quomodo
1659 1191 1842 1261 enim
1883 1207 2198 1261 mortuus
2230 1191 2435 1260 babet
2466 1189 2749 1277 quidem
2790 1189 2934 1258 (1618ἒ

470 1280 815 1363 membra;
868 1281 1187 1380 spiritum
1223 1293 1447 1348 autem
1500 1293 1566 1349 et
1614 1301 1844 1351 vocem
1891 1302 2026 1349 non
2082 1293 2299 1369 potest
2361 1280 2639 1359 babere,
2701 1300 2818 1348 666
2855 1297 2938 1348 ffi-

471 1393 662 1438 sum:
701 1370 790 1436 ita
830 1382 1037 1437 etiam
1086 1368 1255 1437 haec
1295 1390 1467 1437 vana
1516 1369 1916 1450 simulacra,
1955 1369 2242 1439 deorum
2274 1369 2557 1456 quidem
2613 1368 2938 1436 1161166116-

469 1459 684 1539 mina,
737 1470 1252 1547 cognoscuntur
1299 1470 1528 1526 autem
1580 1480 1727 1527 esse
1777 1458 2101 1540 infelicia,
2167 1457 2490 1544 malaque
2543 1469 2608 1525 et
2656 1455 2936 1526 terrestria.

470 1551 654 1629 Quae
706 1547 985 1631 quidem
1049 1545 1511 1615 ostenduntur
1555 1570 1704 1616 esse
1754 1548 2069 1616 homines
2135 1548 2421 1626 mortui,
2484 1547 2810 1632 quoniam
2850 1553 2944 1611 sum

468 1636 567 1704 eis
626 1635 830 1704 etiam
898 1635 1231 1715 membra,
1306 1634 1484 1705 sicut
1548 1635 1934 1704 bominum.
2005 1635 2353 1718 Quamdiu
2409 1636 2596 1704 enim
2665 1635 2942 1706 vixerunt.

468 1724 691 1793 oculis
723 1723 1208 1813 adspexerunt,
1238 1737 1302 1791 et
1326 1724 1618 1795 auribus
1650 1723 2088 1805 audiverunt,
2123 1737 2190 1792 et
2222 1723 2518 1813 pedibus
2550 1723 2938 1792 ambularunt

468 1825 534 1881 et
581 1835 696 1882 ore
733 1812 940 1881 locuti
981 1825 1165 1892 sunt,
1218 1825 1284 1881 et
1319 1813 1643 1884 manibus
1675 1812 2149 1903 palpaverunt,
2186 1826 2251 1881 et
2285 1813 2573 1882 naribus
2620 1811 2942 1881 olfecerunt

467 1914 843 1992 coeperunt
902 1914 1126 1970 tamen
1178 1924 1215 1970 a
1260 1913 1500 1982 morte,
1568 1914 1633 1971 et
1696 1902 1765 1969 in
1820 1916 2103 1971 mortem
2174 1914 2522 1971 aeternam
2588 1909 2937 1990 permanent

467 1991 648 2147 guod
692 1990 1144 2060 ostendantur
1193 2011 1550 2076 nunquam
1619 1991 1887 2070 vixisse,
1944 1991 2044 2060 vel
2093 1991 2398 2080 potuisse
2450 1991 2702 2058 vivere.
2754 2012 2785 2054 11
2826 1993 2940 2080 Tuae

520 2080 637 2149 ixit
685 2080 1034 2149 Tiburtius
1087 2100 1243 2148 cum
1294 2081 1486 2148 omni
1556 2080 2123 2170 compunctione:
2169 2103 2206 2145 «
2246 2080 2382 2162 ⁴Qui
2432 2080 2533 2148 sic
2585 2101 2720 2147 non
2775 2075 2938 2146 616111.

467 2183 569 2237 est
604 2169 909 2248 brutum,
962 2180 1026 2236 et.
1080 2188 1215 2237 non
1269 2169 1451 2236 venit
1514 2169 1579 2236 in
1637 2168 2012 2257 judicium.
2068 2170 2525 2251 Quamobrem
2570 2190 2699 2257 ego
2751 2185 2936 2256 quoqtje

471 2257 625 2326 dico
664 2279 822 2326 cum
862 2257 1049 2326 omni
1103 2258 1403 2337 veritate,
1450 2278 1584 2326 non
1632 2279 1781 2327 esse
1813 2257 2028 2326 alium
2088 2257 2500 2336 Deum‚*nisi
2565 2262 2774 2326 >Deum
2821 2254 2940 2321 Cho

469 2347 875 2428 stianorum,
930 2359 995 2413 et
1028 2368 1136 2413 me
1182 2345 1511 2437 deinceps
1539 2367 1696 2414 eum
1741 2345 1968 2414 solum
2029 2346 2249 2415 colere
2279 2358 2344 2415 et
2404 2346 2717 2415 adorare.
2754 2368 2783 2410 11
2819 2346 2938 2409 naa

467 2458 623 2505 cum
663 2436 917 2505 diceret
949 2435 1325 2514 TiburtiuS‚
1373 2449 1606 2505 sancta
1660 2435 1948 2504 Caecilia
1982 2435 2373 2505 deosculata
2423 2448 2527 2505 est
2555 2437 2712 2525 ejus
2749 2444 2938 2523 pectus,

467 2537 533 2593 et
583 2524 792 2593 dixit:
846 2550 869 2587 (ι
910 2529 1161 2593 Revera
1213 2524 1415 2593 hodie
1487 2524 1818 2593 confiteor
1846 2538 1908 2593 te
1955 2546 2103 2593 esse
2157 2524 2358 2614 plane
2423 2544 2659 2594 meum
2712 2524 2938 2618 fratrem.

467 2613 822 2696 Quomodo
869 2614 1053 2681 enim
1098 2613 1211 2680 Dei
1261 2635 1454 2682 amor
1508 2628 1702 2683 tuum
1747 2612 2021 2682 fratrem
2086 2613 2244 2682 fecit
2298 2635 2448 2683 esse
2490 2635 2724 2683 meum
2778 2632 2873 2680 con
2898 2630 2942 2673 11-

466 2725 646 2792 gem;
684 2703 776 2771 ita
809 2703 1011 2770 etiam
1050 2701 1580 2771 simulacrorum
1618 2703 2036 2791 contemptio
2079 2703 2240 2771 {ecit
2287 2716 2349 2770 te
2399 2724 2633 2771 meum
2689 2723 2825 2773 esse
2927 2732 2938 2739 ·

468 2803 663 2859 trem.
716 2791 1173 2872 Quamobrem
1211 2791 1539 2877 quoniam
1591 2812 1663 2859 es
1699 2804 1976 2879 paratus
2026 2790 2301 2860 credere
2358 2791 2428 2857 in
2467 2791 2826 2860 Dominum
2871 2806 2939 2852 na·

467 2891 684 2948 strum
713 2879 945 2948 Jesum
981 2879 1350 2960 Christum,
1382 2879 1550 2949 vade
1582 2879 1715 2948 cito
1735 2900 1891 2948 cum
1931 2893 2049 2950 tuo
2081 2880 2307 2961 fratre,
2348 2891 2424 2949 ut
2458 2881 2683 2969 ipsam
2720 2876 2940 2965 accipias

467 2968 1015 3057 purificationem
1073 2990 1189 3057 per
1229 2981 1543 3038 sanctum
1583 2968 2003 3057 baptismum
2039 2993 2052 3034 :
2113 2990 2230 3057 per
2276 2990 2478 3054 quem
2507 2969 2721 3037 etiam
2761 2968 2941 3054 dignus

466 3056 824 3157 habeberis
871 3057 1220 3158 angelicas
1253 3078 1583 3146 personas
1635 3058 1907 3136 intueri,
1944 3071 2009 3126 et
2055 3058 2366 3127 omnium
2410 3056 2815 3127 delictorum
2854 3069 2941 3121 tut·-

467 3168 618 3215 rum
662 3168 925 3214 veniam
978 3167 1308 3215 mvemre.
1349 3174 1370 3203 n
2933 3226 2938 3233 ῃ

555 3236 591 3321 ξ
639 3237 719 3306 8.
773 3240 962 3304 Tunc
996 3234 1163 3304 dicit
1210 3234 1400 3303 fratri
1439 3257 1565 3303 suo
1601 3234 1989 3303 Tiburtius:
2031 3258 2066 3301 «
2099 3239 2285 3323 Rogo
2336 3248 2419 3316 te,
2467 3234 2702 3315 frater,
2741 3247 2811 3304 ut
2839 3230 2940 3300 mih«

464 3323 680 3405 dicaS,
719 3323 801 3392 ad
856 3345 1057 3411 quem
1106 3345 1213 3391 me
1251 3346 1323 3393 es
1372 3323 1823 3392 deducturus
1865 3347 1899 3389 »
1954 3323 2354 3392 Valerianus
2401 3325 2791 3413 respondit:
2844 3314 2940 3386 «Ad

465 3413 687 3482 virum
728 3412 1129 3502 perfectum,
1178 3413 1455 3481 nomine
1493 3411 1868 3489 Urbanum,
1924 3412 1991 3480 in
2029 3434 2167 3499 quo
2213 3426 2315 3481 est
2360 3414 2628 3513 species
2677 3409 2938 3503 66861111,

465 3514 704 3570 ornata
753 3501 1064 3582 66611166,
1121 3522 1322 3571 verus
1356 3522 1606 3579 sermo,
1656 3512 1720 3569 et
1755 3502 2052 3590 insignis
2103 3500 2551 3591 prudentia.»
2589 3503 2756 3570 Dicit
2806 3499 2940 3567 ein·

462 3590 779 3660 burtius:
828 3616 851 3650 α
891 3595 986 3658 Tu
1022 3590 1215 3659 illum
1254 3590 1427 3659 dicis
1470 3590 1848 3670 Urbanum,
1901 3611 2103 3676 quem
2163 3591 2532 3659 Christiani
2582 3591 2812 3660 dicunt
2851 3603 2942 3653 esse

465 3702 670 3748 suum
710 3683 1013 3769 Papam?
1051 3682 1221 3747 Eum
1257 3679 1464 3747 audio
1501 3678 1606 3747 bis
1650 3678 1795 3766 jam
1829 3678 2042 3748 fuisse
2077 3679 2637 3759 condemnatum,
2674 3693 2735 3747 et
2768 3690 2940 3746 rursus

374 3768 389 3779 “
466 3783 742 3858 propter
787 3791 936 3835 eam
990 3768 1210 3857 ipsam
1271 3769 1648 3847 actionem,
1713 3781 1988 3856 propter
2047 3789 2254 3852 quam
2309 3767 2438 3837 suit
2481 3768 2934 3854 condemnatus.

462 3880 658 3927 suam
714 3857 1112 3948 religionem
1156 3877 1314 3925 6661
1351 3869 1537 3925 metu
1573 3856 1856 3924 latenter
1892 3858 2309 3945 praedicare.
2351 3862 2518 3925 Eum
2557 3858 2609 3926 si
2650 3856 2936 3941 contigerit

464 3947 778 4028 inveniri,
832 3947 1002 4015 citra
1051 3946 1549 4014 dubitationem
1594 3944 1807 4013 ullam
1866 3946 2009 4035 igni
2054 3945 2524 4026 mandabitur,
2564 3959 2626 4013 et
2673 3967 2780 4012 nos
2817 3957 2932 4024 que

459 4058 593 4122 que
627 4058 783 4104 cum
823 4058 901 4104 eo
943 4034 1339 4125 puniemur,
1380 4035 1434 4102 si
1473 4034 1731 4103 inventi
1791 4034 2129 4103 fuerimus
2178 4034 2259 4103 ad
2305 4056 2462 4103 eum
2527 4034 2924 4120 ambutantes:

460 4138 525 4193 et
563 4125 729 4194 dum
774 4124 1197 4193 divinitatem
1236 4124 1660 4209 quaerimus,
1699 4144 1877 4210 quae
1909 4121 2069 4191 latet
2101 4123 2169 4189 in
2227 4124 2459 4203 666116,
2518 4121 2848 4191 incidemus
2875 4130 2922 4174 m

464 4216 662 4295 iram,
710 4235 886 4300 quae
935 4211 1335 4281 accenditur
1377 4212 1443 4279 in
1504 4226 1771 4280 terra.»
1825 4211 1996 4282 Dicit
2048 4211 2107 4279 ei
2157 4216 2220 4280 S.
2278 4211 2599 4281 Caecilia:
2650 4208 2762 4275 «Si
2802 4204 2920 4270 haef

382 4366 387 4379 ,
462 4304 597 4369 vita
637 4316 815 4371 esset
847 4300 1015 4381 sola,
1073 4315 1137 4370 et
1190 4324 1318 4369 non
1365 4313 1541 4369 esset
1579 4300 1735 4381 alia,
1788 4302 1948 4389 jure
1980 4322 2156 4388 quae
2211 4301 2323 4369 hic
2374 4315 2553 4375 sunt,
2608 4300 2918 4391 timerem-²

465 4390 770 4476 perdere.
816 4394 981 4459 Cum
1019 4404 1243 4459 autem
1283 4390 1371 4458 sit
1418 4389 1550 4459 alia
1604 4390 1758 4470 vita,
1798 4408 1973 4477 quae
2027 4404 2128 4460 est
2185 4390 2314 4459 bac
2365 4391 2574 4461 multo
2638 4383 2826 4456 melior
2863 4386 2912 4438 et
