2993 4837
438 302 521 363 68
1090 318 1167 362 ωε
1216 318 1272 363 s.
1328 281 1618 364 auaitum
1667 318 1767 363 ΕΡ.
1821 317 2146 363 monn-:um
2623 298 2787 361 Nox:
2834 300 2865 362 3

351 402 599 471 faceret
625 400 987 470 humilius.
1022 406 1186 471 Cum
1227 401 1440 492 igitur
1468 401 1668 471 solito
1697 400 1979 471 verbum
2019 400 2284 488 DomJni
2316 400 2685 470 seminator
2713 422 2870 490 egre>

349 491 506 590 gius
542 491 608 559 in
646 512 811 580 agro
845 489 1074 559 cordis
1105 490 1389 559 humani
1418 491 1700 578 jaceret,
1735 488 2110 559 intonando
2145 489 2512 558 salubriter
2544 514 2557 554 ε
2598 513 2632 554 «
2659 490 2722 558 si
2754 511 2865 566 me,

350 579 597 665 inquit,
637 579 922 668 superni
963 578 1222 667 judicis
1264 601 1667 668 praeconem
1716 591 1967 649 attenta
2016 577 2246 648 cordis
2299 600 2465 647 aure
2512 577 2864 649 audieritis

346 679 411 735 et
458 689 537 737 ea
571 689 746 754 quae
787 668 1000 745 vobis,
1050 681 1327 737 auctore
1362 673 1517 748 Deo,
1569 689 2008 757 supernaque
2048 667 2266 757 gratia
2318 666 2868 736 administrante.

349 755 605 836 dixero,
641 770 1033 826 sanctorum
1064 779 1350 847 operum
1381 756 1777 826 executione
1804 756 2332 841 compleveritiS,
2369 756 2545 824 nulli
2575 754 2869 830 dubium.

345 846 515 932 quin
553 859 865 914 aeternae
902 846 1158 935 patriae
1208 845 1695 915 haereditatem
1749 858 1926 915 sorte
1973 843 2374 914 felicissima
2419 866 2685 914 mecum
2734 843 2875 912 ade-

350 935 531 1023 pturi
573 935 767 1010 sitis:
806 958 840 1000 »
878 947 1153 1023 repente
1193 934 1471 1004 invidus
1510 934 1622 1003 ille
1653 934 1838 1003 verbi
1875 935 1988 1002 Dei
2027 933 2377 1015 inimicUS,
2415 934 2534 1020 qui
2573 931 2740 1002 illud
2775 947 2877 1002 aut

347 1022 660 1092 funditus
701 1022 1056 1092 volucrum
1102 1046 1288 1093 more
1321 1045 1583 1113 rapere,
1629 1035 1747 1092 aut
1786 1036 1964 1092 certe
2003 1022 2062 1091 ei
2105 1022 2365 1091 zizania
2395 1022 2565 1093 solet
2616 1023 2877 1091 interse-

351 1133 517 1184 rere,
564 1125 899 1197 quantum
939 1111 1066 1182 sibi
1108 1134 1184 1180 ea
1226 1134 1402 1199 quae
1451 1135 1488 1181 a
1542 1134 1733 1182 servo
1783 1113 1895 1180 Dei
1935 1111 2372 1201 gerebantur,
2411 1110 2871 1201 displicerent,

346 1213 624 1269 coactus
672 1214 795 1280 est,
852 1199 1110 1269 invidia
1143 1214 1448 1291 cogente,
1500 1212 1902 1270 monstrare.
1944 1206 2107 1269 Nam
2154 1199 2382 1269 subito
2414 1223 2531 1269 vas
2564 1199 2728 1268 olim
2765 1199 2878 1266 sibi

348 1289 739 1390 appetibile,
797 1289 1154 1359 mulierem
1199 1288 1479 1368 scilicet,
1539 1312 1658 1379 per
1693 1289 2339 1378 praevaricationem
2380 1290 2676 1378 primam
2717 1287 2874 1355 ami-

349 1378 725 1456 cissimam,
774 1377 1150 1468 ingressus,
1186 1379 1455 1469 magnis
1492 1378 1998 1464 inconditisque
2033 1377 2316 1447 vocibus
2347 1378 2569 1467 coepit
2608 1389 2879 1465 perstre·

347 1489 530 1556 pere,
585 1480 650 1535 et
684 1467 1059 1547 silentium,
1105 1488 1240 1553 quo
1285 1467 1564 1536 verbum
1605 1467 1718 1535 Dei
1758 1467 2192 1546 audiebatur,
2239 1466 2344 1534 sui
2384 1465 2880 1554 importunitate

344 1555 671 1624 clamoris
706 1556 1127 1645 perturbare.
1184 1561 1321 1624 Hac
1362 1557 1592 1643 itaque
1627 1555 2102 1625 vociferatione
2152 1555 2411 1636 tetrica,
2451 1555 2562 1622 Vir
2603 1555 2740 1634 Dei,
2775 1577 2881 1622 au·

347 1644 490 1713 dita
537 1658 598 1713 et
632 1645 928 1733 cognita,
974 1644 1056 1712 ad
1095 1667 1167 1713 se
1196 1644 1475 1731 quidem
1520 1646 1902 1713 accurrenti
1944 1647 2165 1734 primo
2196 1644 2471 1733 signum
2513 1644 2752 1713 Crucis
2783 1643 2882 1712 ob·

337 1734 548 1822 jecit:
603 1732 849 1801 deinde
890 1732 1160 1822 alapam
1202 1733 1421 1802 eidem
1469 1733 1836 1822 impressit,
1883 1746 2087 1820 atque
2136 1732 2486 1802 silentium
2539 1733 2878 1821 imposuit.

350 1821 728 1908 Statimque
759 1822 1006 1891 mulier
1034 1823 1099 1890 in
1132 1834 1379 1890 terram
1412 1823 1692 1903 corruit,
1727 1823 1813 1891 ita
1850 1836 1925 1890 ut
1953 1822 2346 1892 crederetur
2370 1821 2735 1890 exanimis.
2772 1819 2877 1888 Sed

347 1933 506 1979 cum
551 1909 815 1980 diutius
850 1911 1131 2000 jaceret,
1191 1911 1276 1979 ab
1316 1932 1430 1980 ore
1481 1912 1633 1997 ejus
1689 1910 2025 1998 quaedam
2085 1910 2313 1980 sanies
2351 1910 2476 1980 diu
2518 1909 2876 1999 profluxit.

346 2013 549 2085 atque
584 2012 735 2087 post
770 1999 932 2068 haec
966 1999 1299 2069 daemone
1330 2000 1635 2068 caruit...
2953 2073 2954 2090 χ

435 2091 471 2175 ξ
519 2093 613 2156 9.
694 2088 911 2178 Igitur
965 2110 1122 2156 cum
1175 2089 1375 2158 sciret
1447 2088 1810 2158 imminere
1872 2102 2191 2178 tempus,
2248 2110 2384 2176 quo
2443 2087 2682 2156 anima
2753 2087 2884 2175 ejus

345 2177 693 2267 ergastulo
750 2177 1058 2268 corporis
1106 2176 1519 2246 absolvenda
1572 2176 1779 2258 foret,
1846 2177 2244 2248 discurrens
2307 2198 2425 2266 per
2495 2175 2880 2245 memoriam

348 2278 766 2344 sanctorum,
805 2271 893 2335 et'
921 2265 1066 2334 loca
1114 2266 1530 2345 orationum,
1570 2288 1688 2356 per
1735 2288 1973 2336 eorum
2010 2265 2569 2336 intercessionem
2617 2264 2882 2334 Domino

346 2354 876 2424 commendabat
924 2375 1118 2424 suam
1174 2353 1683 2425 resolutionem.
1741 2360 1905 2425 Nam
1960 2356 2237 2426 veniens
2290 2369 2446 2424 ante
2495 2353 2878 2443 sepulcrum

348 2444 526 2513 beati
558 2444 899 2513 Lamberti
949 2444 1015 2510 in
1056 2443 1439 2524 basilicam,
1500 2467 1705 2530 quam
1762 2446 1906 2535 ipse
1945 2444 2380 2525 condiderat,
2446 2459 2510 2514 et
2575 2444 2689 2532 pia
2748 2464 2880 2510 ossa
2951 2528 2952 2535 ἵ

346 2533 522 2601 inibi
574 2544 789 2601 terrae
841 2531 1307 2613 mandaverat,
1366 2534 1658 2602 orationi
1710 2533 2099 2603 diutissime
2150 2533 2504 2611 incubuit,
2564 2532 2882 2618 solitoque
2951 2538 2952 2555 l

348 2621 528 2689 fonte
579 2621 1043 2709 lacrymarum
1098 2643 1310 2711 genas
1360 2622 1628 2711 rigavit,
1665 2621 1886 2692 oculis
1923 2621 2250 2710 lacrymis
2347 2620 2625 2699 erfusis,
2672 2641 2881 2690 ararn-

346 2731 482 2796 que
515 2708 949 2789 deosculans,
990 2710 1316 2779 fratribus
1375 2711 1991 2781 circumstantibus
2040 2724 2252 2779 semet
2355 2709 2662 2779 umiliter
2724 2730 2882 2777 com·

347 2797 719 2866 mendavit.
776 2798 1362 2888 progrediensque
1398 2799 1579 2880 inde,
1622 2800 2004 2876 basilicam,
2045 2821 2250 2885 quam
2293 2800 2439 2889 ipse
2470 2799 2602 2867 sub
2647 2798 2883 2866 honore

348 2887 525 2956 beati
553 2887 725 2955 Petri
760 2887 1091 2977 principis
1121 2887 1594 2977 Apostolorum
1636 2889 1920 2957 Domino
1947 2888 2312 2966 dicaverat,
2345 2900 2670 2956 oraturus
2706 2886 2880 2954 adiit.

348 2976 515 3045 Inde
562 2977 764 3045 etiam
816 2990 972 3045 ante
1019 2975 1266 3058 altare,
1321 2976 1502 3062 quod
1563 2977 1630 3045 in
1694 2978 1950 3045 honore
2008 2977 2182 3046 beati
2242 2975 2463 3046 Albini
2530 2976 2598 3044 in
2662 2974 2882 3043 eadem

348 3064 640 3133 basilica·
666 3066 953 3134 Domino
992 3077 1532 3145 consecraverat,
1566 3065 1829 3134 diutius
1861 3066 2163 3134 curvatis
2197 3065 2490 3155 genibus
2521 3064 2881 3132 orationem

349 3153 652 3243 profudit
683 3179 697 3220 ;
755 3175 1042 3242 moxque
1068 3156 1155 3225 ab
1185 3155 1490 3223 oratione
1525 3176 1842 3244 surgenS,
1889 3153 2118 3223 dixit:
2147 3160 2228 3222 In
2266 3156 2591 3223 memoria
2625 3164 2882 3247 aeterna
2949 3150 2950 3165 ¹

346 3245 473 3312 eric
510 3245 764 3333 justuS,
796 3256 923 3312 etc.
977 3248 1110 3327 (Ps.
1147 3244 1325 3332 lll);
1371 3265 1882 3330 conversusque
1921 3243 2007 3311 ad
2065 3243 2415 3333 parietem,
2447 3256 2511 3311 et
2565 3255 2885 3330 protensis

348 3354 470 3418 per
497 3354 658 3401 eum
710 3332 1035 3413 brachiis,
1082 3332 1308 3401 locum
1361 3332 1663 3421 sepulcri
1718 3333 1828 3402 sui
1871 3353 2300 3422 permensuS,
2362 3331 2492 3400 ait:
2540 3355 2574 3395 «
2610 3331 2734 3399 Hic
2783 3327 2885 3395 de-

349 3419 526 3492 fossa
563 3421 778 3489 humo
829 3420 1021 3490 locus
1073 3443 1261 3489 meae
1295 3421 1694 3511 sepulturae
1747 3433 2130 3510 pareturae.
2184 3426 2349 3489 Nam
2405 3419 2584 3488 istud
2648 3435 2886 3506 corpus

349 3510 816 3580 miserrimum
869 3510 1022 3579 istic
1061 3509 1384 3578 collocari
1443 3509 1783 3599 disposui,
1841 3531 2216 3600 precorque
2265 3522 2342 3579 ut
2398 3531 2587 3578 meae
2645 3508 2885 3595 migra-

349 3599 517 3667 tioni
561 3598 799 3669 vestris
850 3598 1171 3688 precibus
1232 3598 1859 3668 adminiculamini.
1918 3604 2131 3669 Instat
2170 3599 2354 3666 enim
2407 3609 2704 3685 tempuS,
2764 3611 2885 3680 quo

349 3685 517 3755 h‘aec
550 3687 883 3776 torpentia
920 3689 1230 3757 membra
1278 3689 1566 3777 spiritus
1606 3688 1969 3774 relinquat,
2017 3686 2374 3776 judicique
2424 3708 2551 3754 suo
2589 3702 2887 3772 praesen·
2947 3692 2948 3705 ¹

350 3775 603 3846 tandus
649 3782 1218 3846 occurrat.»Non
1276 3775 1570 3846 multum
1624 3777 1836 3867 igitur
1886 3776 2213 3865 temporis
2265 3774 2662 3845 interfluxit.
2709 3773 2885 3860 juxta

347 3864 530 3950 quod
586 3864 687 3934 vir
734 3866 845 3933 Dei
906 3888 1115 3956 super
1171 3866 1569 3954 sepulturae
1643 3888 1807 3934 suae
1878 3864 2336 3935 celebratione
2388 3885 2504 3933 ore
2577 3877 2883 3959 praesago

350 3953 977 4024 actitandum‘forte
1025 3955 1484 4043 disposuerat,
1542 3976 1665 4025 nos
1716 3953 2106 4023 fidelissimi
2156 3977 2233 4023 ac
2286 3952 2706 4021 devotissimi
2753 3966 2884 4044 ejus

350 4041 591 4110 famuli
655 4042 970 4112 flebiliter
1007 4043 1268 4113 executi
1320 4066 1610 4113 sumus:
1656 4044 1980 4129 quoniam
2028 4043 2304 4142 triginta
2362 4041 2631 4109 dierum
2684 4049 2882 4126 spatio

348 4129 639 4212 evoluto,
679 4132 927 4221 spiritu
958 4134 1112 4219 ejus
1148 4134 1213 4201 in
1267 4147 1449 4203 astra
1480 4132 1766 4201 feliciter
1800 4132 1885 4200 ab
1920 4131 2194 4220 Angelis
2243 4146 2469 4199 evecto
2517 4129 2571 4207 ¹⁶,
2627 4144 2877 4197 sacrum

348 4240 601 4308 corpus
632 4220 783 4307 ejus
833 4221 914 4289 ad
968 4222 1262 4292 eundern
1322 4221 1812 4291 tumulandum
1852 4220 2253 4290 adveximus
2307 4221 2526 4289 locum
2544 4269 2674 4285 .....

402 4415 428 4440 ²⁸
465 4412 594 4453 Diem
639 4424 911 4463 supremum
952 4413 1063 4456 obiit
1099 4417 1426 4456 sanct³asimus
1468 4416 1673 4455 Antistef-
1715 4415 1953 4453 Hnbortns
1993 4415 2107 4452 loco.
2147 4414 2226 4461 quii
2269 4425 2388 4453 nuuc
2423 4417 2690 4454 'Pet-vuercn
2720 4412 2881 4449 «licitur.
