2993 4837
540 258 623 320 92
1172 274 1245 319 oz
1295 269 1349 319 S.
1405 273 1724 319 namnum
1775 275 1869 318 er.
1927 268 2269 320 uincamus
2705 255 2856 321 Nov,
2893 259 2924 322 3

454 366 528 428 Et
576 358 925 428 accersitis
976 357 1059 425 ad
1106 379 1175 428 se
1228 358 1444 426 tribus
1493 356 1861 449 discipulis
1900 358 2070 438 suis,
2108 358 2356 427 anxius
2412 359 2749 429 aestuabat
2779 362 2928 449 quis·

453 470 612 517 nam
662 446 938 537 dignior
977 445 1059 514 ad
1108 445 1233 515 hoc
1266 468 1464 536 opuS‚
1521 446 1660 516 sive
1691 446 1927 515 utilior
1962 446 2322 517 videretur.
2365 452 2440 516 Et
2487 447 2825 538 diligenter
2847 449 2932 518 in-

452 537 667 607 tuitus
698 534 1049 625 singulos:
1089 558 1123 600 «
1156 540 1276 617 Tu,
1326 534 1572 624 inquit,
1612 557 1651 605 o
1686 534 1914 604 Edane
1946 536 2076 625 (sic
2115 536 2297 604 enim
2344 535 2706 605 vocabatur
2739 536 2928 626 unus).

453 625 727 714 suscipe
757 646 1004 692 ouuS.»
1057 622 1181 692 lllo
1214 636 1604 704 cunctante,
1651 636 1715 692 et
1749 624 1984 694 flente:
2016 648 2050 690 «
2085 629 2175 692 Ne
2225 625 2490 705 timeaS,
2531 625 2645 705 ait,
2699 639 2763 693 tu
2789 626 2931 695 enim

453 713 621 783 mihi
679 736 716 781 a
763 714 1046 782 Domino
1085 711 1486 802 designatus
1533 734 1645 781 es:
1701 713 1863 869 quia
1920 711 2258 782 annulum
2320 736 2642 795 aureum,
2693 734 2819 804 quo
2855 712 2935 783 de·

450 801 888 893 sponsandus
935 823 1031 880 es,
1081 800 1419 888 jamnunc
1471 802 1770 891 praevii
1823 803 1891 870 in
1935 802 2148 891 digito
2199 813 2334 871 tu0.
2374 826 2409 868 »
2452 803 2787 893 Acquievit
2829 802 2933 882 illc,

448 905 514 962 et
567 890 956 979 MalachiaS,
1015 911 1094 960 eo
1127 903 1553 972 consecram,
1613 889 2088 979 proficiscitur.
2154 894 2460 980 Cumque
2522 913 2825 982 egressus
2875 889 2936 960 de

452 981 694 1060 scotia,
725 979 1140 1069 pervenisset
1168 979 1545 1048 Eboracum
1581 979 1635 1058 *,
1678 979 1998 1049 sacerdos
2026 978 2309 1069 quidam
2345 985 2385 1048 S
2437 1003 2640 1050 carus
2683 979 2888 1049 nomin
2947 1011 2950 1064 3

452 1069 741 1138 intuitus
789 1090 944 1136 eum
1009 1069 1305 1169 agnovit.
1373 1073 1502 1136 Nec
1551 1067 1732 1136 enim
1789 1067 2027 1137 faciem
2092 1069 2242 1156 ejus
2312 1069 2370 1136 vi
2427 1082 2570 1138 erat
2618 1081 2802 1139 ante:
2947 1075 2950 1150 i

447 1180 605 1227 cum
649 1157 929 1227 haberet
975 1157 1294 1245 spiritum
1328 1156 1745 1246 prophetiae,
1802 1156 2168 1226 revelatum
2208 1155 2427 1227 fuerat
2473 1159 2531 1226 ei
2560 1155 2950 1246 jampridem*

449 1247 533 1315 de
582 1246 722 1316 illo.
769 1250 843 1314 Et
886 1267 1071 1314 nunc
1100 1246 1577 1314 incunctanter
1607 1245 2219 1314 circumstantibus
2250 1245 2317 1314 di
2375 1247 2463 1314 ito
2503 1269 2664 1315 eum
2709 1245 2942 1314 demon—

450 1346 715 1404 strans:
772 1357 805 1399 «
843 1333 965 1403 Hic
1015 1346 1138 1413 est,
1176 1333 1420 1420 inquit,
1459 1333 1542 1402 de
1574 1355 1711 1421 quo
1757 1333 2086 1403 dixeram:
2125 1334 2286 1421 quia
2369 1357 2405 1404 e
2469 1335 2792 1404 Hibernia
2820 1355 2940 1402 san·

454 1437 606 1494 ctus
657 1423 875 1491 veniet
926 1422 1260 1502 Pontifex,
1328 1423 1443 1509 qui
1505 1423 1626 1491 scit
1684 1423 2127 1512 cogitationes
2177 1422 2565 1492 hominum.
2604 1447 2641 1490 »
2692 1424 2793 1493 Sic
2841 1437 2938 1490 nott

454 1512 673 1602 potuit
724 1511 930 1580 latere
978 1511 1257 1581 lucerna
1291 1513 1421 1580 sub
1450 1511 1701 1591 modio,
1746 1510 2070 1600 prodente
2107 1534 2256 1581 eam
2305 1535 2422 1602 per
2451 1535 2527 1582 os
2576 1513 2807 1602 Sycari
2834 1509 2940 1599 Spi-

451 1602 588 1670 ritu
639 1605 906 1679 Sancto,
959 1599 1078 1686 qui
1132 1598 1316 1668 illam
1369 1600 1795 1669 accenderat.
1835 1605 1992 1670 Nam
2044 1615 2106 1669 et
2158 1599 2371 1671 multa
2423 1615 2684 1671 secreta
2729 1601 2950 1684 deesse

451 1711 577 1759 suo
625 1711 1070 1775 suorumque,
1112 1688 1292 1757 dicta
1324 1702 1484 1758 sunt
1516 1689 1578 1757 ei
1627 1711 1663 1758 a
1716 1695 1988 1777 Sycaro,
2020 1711 2196 1776 quae
2247 1690 2336 1759 ita
2382 1712 2552 1769 esse,
2599 1689 2700 1759 vel
2753 1689 2950 1764 fuissea

450 1777 682 1847 omnia
736 1777 1144 1866 recognovit.
1186 1776 1311 1846 Sed
1361 1790 1424 1846 et
1473 1778 1677 1847 sociis
1720 1777 2091 1847 Malachiae
2143 1778 2708 1867 percontantibus
2747 1778 2824 1846 de
2851 1777 2950 1845 sunl

453 1866 699 1947 reditu,
749 1865 1097 1956 respondit
1145 1871 1441 1955 Sycarus
1503 1866 1979 1936 incunctanter
2031 1866 2259 1956 (quod
2318 1881 2466 1958 post
2513 1867 2608 1935 rei
2681 1849 2950 1971 probavit}

451 1956 811 2042 eventus),
868 1976 1122 2045 paucos
1170 1954 1481 2023 videlicet
1542 1955 1916 2025 admodum
1983 1955 2066 2024 de
2115 1978 2403 2026 numero
2453 1955 2569 2025 illo
2619 1978 2778 2025 cum
2827 1951 2950 2080 Epi-¹

451 2066 657 2134 scopo
694 2044 1051 2113 redituros.
1107 2043 1215 2112 Illi
1249 2044 1482 2113 audito
1533 2044 1684 2125 hoc,
1725 2043 2052 2132 suspicati
2089 2057 2251 2114 sunt
2289 2057 2599 2114 mortem:
2661 2044 2774 2113 sed
2813 2048 2950 2112 nem

447 2132 643 2202 aliter
692 2133 1112 2222 adimplevit.
1152 2138 1310 2201 Nem
1367 2154 1404 2201 e
1455 2133 1723 2202 rediens
1764 2131 1849 2200 ab
1900 2133 2097 2213 Urbe,
2150 2133 2566 2220 quibusdam
2594 2133 2782 2223 apud
2830 2149 2938 2208 nos,

446 2220 863 2310 quibusdam
895 2234 959 2289 et
1007 2221 1072 2288 in
1126 2220 1281 2291 aliis
1355 2222 1496 2292 ocis
1530 2221 1615 2290 ad
1659 2220 2053 2291 discendam
2107 2223 2647 2292 conversationis
2698 2221 2936 2291 formam

450 2310 726 2390 relictiS,
772 2311 967 2399 juxta
1020 2310 1299 2379 verbum
1343 2310 1601 2400 Sycari,
1655 2331 1811 2380 cum
1874 2310 2111 2400 paucis
2159 2310 2534 2381 admodum
2568 2306 2936 2402 repatriavit·

450 2404 625 2469 Haec
678 2399 760 2467 de.
801 2403 1050 2486 Sycaro
1060 2448 1192 2467 .....
2901 2482 2912 2495 ⁰
2947 2413 2948 2418 ¹

534 2492 571 2575 ξ
618 2494 766 2560 lo.
824 2494 897 2555 Et
941 2509 1066 2577 ego
1100 2487 1426 2568 vicissim,
1475 2500 1786 2579 peccator
1828 2489 2004 2569 licet,
2062 2490 2286 2558 inveni
2331 2489 2618 2579 gratiam
2671 2490 2736 2558 in
2767 2484 2938 2557 oculis

446 2578 600 2664 ejus
633 2589 902 2654 extunc,
949 2589 1013 2644 et
1059 2575 1384 2666 deinceps
1431 2599 1652 2664 usque
1683 2577 1764 2645 ad
1819 2579 2079 2648 obitum
2121 2578 2362 2666 ipsius,
2409 2578 2586 2647 sieut
2635 2579 2704 2647 in
2762 2594 2949 2682 promt-l

453 2665 590 2733 mio
632 2664 975 2754 praefatus
1023 2687 1203 2735 sum.
1249 2671 1396 2755 lpse
1444 2668 1647 2734 etiam
1684 2667 2011 2755 dignatus
2059 2666 2391 2736 divertere
2439 2666 2523 2736 ad
2575 2658 2942 2759 claramval-

450 2753 606 2833 lem,
665 2754 826 2823 visis
860 2753 1209 2835 fratribuS,
1248 2765 1708 2844 compunctus
1741 2766 1882 2825 est:
1919 2769 1982 2824 et
2017 2755 2110 2824 illi
2149 2777 2281 2824 non
2323 2757 2755 2825 mediocriter
2798 2751 2942 2822 aedt-

448 2841 630 2911 ficati
691 2842 756 2909 in
810 2843 1192 2942 praesentia
1224 2856 1288 2911 et
1329 2865 1643 2913 sermone
1681 2845 1852 2932 eju's.
1893 2849 1970 2912 Et
2015 2857 2380 2934 acceptans
2415 2844 2672 2923 locum,
2727 2854 2790 2913 et
2829 2858 2938 2935 nos.

449 2942 651 3017 atque
703 2930 963 3000 intimis
1028 2931 1408 3002 visceribus
1447 2932 1805 3021 colligens,
1851 2932 2169 3003 valedixit
2228 2933 2445 3012 nobi5‚
2499 2945 2562 3002 et
2602 2932 2794 3003 abiit.
2849 2934 2942 3010 Qut

449 3019 981 3109 transalpinanS,
1017 3043 1176 3089 cum
1222 3020 1511 3090 venisset
1544 3022 1840 3108 Iporiam
1894 3022 1960 3056 *¹*
2006 3022 2342 3091 civitatem
2382 3021 2641 3101 Italiae,
2693 3015 2944 3108 hospitis

449 3109 558 3177 sui
612 3108 969 3198 parvulum
1009 3108 1255 3189 filium,
1310 3110 1429 3196 qui
1481 3109 1658 3178 male
1693 3109 1952 3180 liabens
2001 3112 2375 3179 moriturus
2428 3123 2593 3190 erat,
2653 3110 2937 3179 continuo

448 3198 736 3266 sanavit.
785 3203 938 3266 Erat
982 3212 1143 3267 tunc
1194 3198 1520 3320 temporis
1573 3198 1638 3266 in
1691 3198 1849 3267 sede
1905 3198 2285 3289 Apostolica
2342 3198 2559 3267 felicis
2615 3194 2940 3268 memoriae

447 3286 888 3356 Innocentius
921 3286 1267 3356 secundus
1358 3286 1617 3375 *Papat
1664 3288 1778 3373 qui
1811 3310 1965 3355 eum
2004 3289 2295 3378 benigne
2330 3287 2654 3387 suscepit,
2687 3288 2942 3377 humane

448 3376 612 3445 satis
663 3375 760 3444 illi
790 3397 1000 3466 super
1050 3374 1156 3444 lon
1212 3397 1250 3443 a
1289 3375 1830 3465 peregrinatione
1871 3398 2297 3467 compassus.
2332 3381 2407 3445 Et
2444 3398 2668 3465 primo
2707 3372 2942 3470 quidem

449 3464 843 3543 MalachiaS,
898 3463 1076 3549 quod
1129 3486 1166 3531 a
1203 3464 1336 3533 tius
1387 3464 1698 3534 infixerat
1730 3465 1984 3543 animo,
2018 3488 2176 3535 cum
2229 3464 2465 3534 multis
2503 3464 2821 3554 lacrymis
2854 3478 2919 3527 tm

497 3552 778 3633 lorabat‚
822 3553 1022 3622 licere
1073 3552 1204 3621 sibi
1258 3552 1521 3633 vivere,
1583 3566 1646 3622 et
1706 3554 1873 3622 mori
1929 3555 1993 3622 in
2058 3553 2473 3629 Claravalle,
2533 3554 2862 3643 permissu
2899 3565 2924 3611 e

491 3642 915 3711 enedictione
950 3641 1205 3709 summi
1252 3640 1617 3711 Pontificis.
1661 3647 1735 3711 Et
1774 3643 1960 3729 petiit
2010 3644 2159 3723 hoc,
2201 3664 2333 3710 non
2370 3640 2626 3711 oblitus
2674 3664 2712 3710 a
2841 3630 2940 3704 uod

448 3744 755 3810 venerat,
810 3729 923 3799 sed
991 3729 1314 3810 affectus,
1378 3752 1514 3817 quo
1564 3745 1859 3812 venerat,
1926 3731 2265 3803 desiderio
2324 3730 2716 3800 claraevall'
2881 3740 2941 3790 0¹¹

504 3912 529 3935 ‘
562 3912 697 3949 Yon-k.

500 3965 550 3989 ··
579 3966 683 4004 Ital.
718 3966 859 4009 turea.
878 3961 1211 4012 antiquissima
1230 3964 1394 4004 Italiae
1415 3966 1545 4006 urbs.
1563 3965 1673 4005 sede
1695 3963 1950 4015 episcopali
1975 3963 2217 4015 insignita.

499 4017 581 4043 *Μ’
601 4018 901 4057 Innocentius
922 4018 980 4062 11,
1000 4019 1252 4063 Romanus,
1272 4028 1297 4057 e
1320 4019 1469 4058 nobili
1490 4019 1770 4067 Pap-renent
1789 4019 1969 4057 familia
1986 4021 2186 4069 genitus,
2207 4020 2327 4067 Pap·
2347 4019 2529 4059 electus
2549 4015 2642 4057 ruit
2656 4025 2770 4057 anno
2787 4004 2939 4052 lim-Ab

446 4070 666 4109 Anncleto
682 4072 740 4114 11,
755 4073 991 4120 antipapa.
1009 4072 1156 4110 Roma
1174 4073 1413 4120 expulsus,
1434 4073 1482 4112 tn
1503 4072 1688 4112 Gallina
1713 4083 1762 4112 se
1785 4071 1976 4121 recepit,
1993 4074 2042 4112 et
2059 4070 2251 4111 Rhamis
2282 4070 2481 4111 concilio
2514 4074 2687 4115 coacto,
2714 4066 2939 4123 Anactetnm

446 4123 739 4162 anathemate
769 4126 1016 4173 percussit.
1047 4127 1080 4163 A
1111 4126 1334 4165 Lotharto
1366 4127 1426 4171 11,
1450 4125 1727 4165 Germaniae
1750 4136 1870 4174 regu,
1889 4126 2061 4165 Romoe
2081 4125 2336 4165 restitutus
2356 4130 2450 4168 ent:
2473 4122 2628 4173 ibique
2647 4123 2891 4164 boum-ium
2906 4114 2939 4169 ἰῇ

444 4178 773 4225 imperatorem
801 4178 1059 4219 coronavit.
1091 4179 1377 4219 Jnnuensem
1406 4180 1692 4227 episcopum,
1720 4180 1800 4229 qut
1829 4179 1917 4219 sub
1944 4177 2280 4218 Mediolanensi
2311 4180 2661 4226 archiepiscopo
2679 4177 2786 4217 erat.
2802 4167 2939 4211 ‚renim

449 4227 629 4279 piacopi
652 4231 842 4279 juribus
860 4231 1210 4280 honoribusque
1238 4231 1507 4282 insignivit:
1537 4229 1742 4281 itemque
1764 4231 1983 4272 Pisanum
2003 4233 2275 4281 episcopum
2293 4233 2340 4271 tn
2360 4233 2557 4272 'rusciae
2577 4228 2936 4276 archiepiscopum·

445 4281 688 4331 totiusque
719 4284 959 4324 Sardiniae
989 4282 1035 4323 in
1065 4287 1312 4333 primatem
1342 4287 1506 4325 erexit.
1543 4284 1734 4334 Romae,
1767 4283 2020 4326 concilium
2039 4286 2300 4325 secundum
2318 4286 2616 4330 Lateranum,
2634 4284 2751 4333 quod
2769 4280 2832 4319 eut
2847 4272 2936 4327 decl·

446 4347 570 4376 mum
603 4338 729 4376 inter
758 4338 1070 4380 oecumenico..
1098 4336 1367 4379 celebravit..
1397 4339 1677 4387 supremum
1716 4340 1840 4379 ‹ttem
1873 4339 1991 4379 obiit
2026 4348 2147 4377 anno
2189 4341 2304 4384 1144.
2323 4341 2371 4380 et
2391 4336 2439 4378 in
2462 4340 2662 4380 eeclesia
2677 4332 2936 4376 Later-num

444 4389 625 4430 conch·
642 4390 937 4438 porphyrica.
956 4390 1175 4438 :eputen-
1198 4395 1284 4431 ent.
