2993 4837
89 318 226 385 NOV.
272 319 309 383 6
886 335 964 381 m:
1013 335 1067 380 s.
1124 333 1450 381 mommo
1501 334 1683 382 cour.
2342 320 2470 385 303

88 419 483 489 domicilium:
516 433 585 488 tu
624 441 779 489 vero
814 440 1057 508 pergas
1092 419 1209 495 ire,
1245 440 1381 505 quo
1409 431 1469 487 te
1507 433 1694 489 vocat
1731 419 2060 489 Dominus
2088 421 2321 490 lesus:
2361 421 2558 508 isque

40 560 43 579 .
86 510 175 579 tibi
202 510 434 595 ubique
466 509 804 598 propitius
844 508 952 576 sit.
995 512 1094 575 Ita
1125 528 1282 576 cum
1337 529 1407 576 se
1449 508 1738 577 invicem
1781 508 2067 577 osculati
2102 522 2351 590 essent,
2405 532 2444 579 a
2484 532 2556 580 se

40 590 317 691 {separati
353 611 547 667 sunt:
602 609 668 666 et
708 595 1094 686 Liphardus
1141 594 1417 684 quidem
1464 596 1836 666 Madunum
1878 598 2106 686 petiit,
2161 599 2282 669 ubi
2319 599 2555 667 etiam-

40 694 43 771 }
82 707 206 755 num
241 687 619 772 requiescit:
675 683 1070 755 Leonardus
1106 706 1259 753 vero
1293 684 1460 753 abiit
1492 686 1562 754 in
1599 686 2054 772 Aquitaniam.
2098 692 2402 774 Cumque
2436 709 2557 777 per

40 775 397 864 ·Biturigum
437 775 471 808 *
532 774 879 865 regionem
932 773 1102 852 iret,
1184 772 1722 861 haudquaquam
1789 775 2027 844 mortis
2078 788 2262 845 metu
2323 797 2395 845 se
2443 799 2555 845 ce-

42 892 43 899 *
84 860 242 931 lavit:
288 863 394 933 sed
436 864 616 933 sicut
652 863 750 931 vir
781 875 1126 941 strenuuS,
1166 863 1381 931 armis
1411 861 1573 931 fidei
1607 863 1939 945 munitus,
1981 864 2320 934 Christum
2363 887 2554 954 prae-

78 950 311 1020 dicabat.
361 952 452 1022 Iis
497 952 682 1021 enim
738 952 802 1019 in
858 950 1024 1020 locis
1067 963 1210 1019 tum
1269 972 1504 1022 recens
1551 949 1927 1021 admodum
1979 966 2123 1023 erat
2170 953 2557 1024 Christiana

40 1122 43 1127 ⁴
79 1038 285 1129 religia,
331 1040 622 1110 necdum
657 1039 908 1109 abolito
944 1060 1226 1127 prorsus
1273 1040 1710 1109 ethnicismO.
1758 1045 1993 1127 Itaque
2026 1042 2128 1110 vir
2161 1042 2297 1122 Dei,
2329 1064 2552 1129 quan-

42 1140 185 1197 ,tum
217 1142 473 1217 poterat,
529 1128 757 1198 verbis
792 1140 858 1197 et
896 1126 1091 1197 sactis
1133 1127 1472 1197 Christum
1510 1129 2000 1211 annunciabat,
2052 1130 2342 1220 pellebat
2390 1131 2554 1199 dae-

74 1236 302 1297 mones;
348 1217 638 1297 surdos,
692 1215 1011 1293 claudos,
1067 1237 1328 1297 caecOS,
1385 1227 1450 1285 et
1500 1216 1848 1286 morbidos
1896 1240 2134 1289 omnes
2182 1218 2266 1288 ad
2319 1220 2548 1308 ipsum

42 1306 731 1387 ¹venientes,.curabat.
785 1305 1064 1375 Interim
1114 1327 1319 1374 suum
1376 1326 1796 1394 prosequens
1838 1307 2001 1386 iter,
2068 1306 2260 1397 galea
2311 1308 2554 1378 salutis

43 1394 302 1464 'etscuto
339 1395 493 1464 fidei
529 1397 934 1473 instructus,
994 1392 1265 1463 tandem
1301 1393 1366 1461 in
1405 1392 1647 1464 silvam
1683 1396 2010 1484 pervenit,
2048 1418 2256 1483 quam
2295 1401 2549 1466 Pavum

79 1495 280 1552 vocant.
329 1489 415 1553 Ea
465 1483 631 1553 feris
669 1483 1055 1560 abundans,
1103 1487 1320 1572 Reges
1369 1481 1627 1552 Galliae
1672 1497 1734 1552 et
1766 1484 2166 1571 Aquitaniae
2209 1485 2555 1575 principes

72 1568 341 1641 invitabat
397 1571 482 1641 ad
544 1572 960 1641 venationes.
1015 1575 1266 1640 Ferunt
1312 1572 1518 1640 etiam
1577 1572 1871 1662 singulis
1919 1575 2122 1644 annis
2171 1573 2549 1644 Galliarum

72 1659 266 1748 Regem
311 1682 386 1730 eo
436 1662 705 1731 venisse
752 1659 969 1728 animi
1017 1661 1282 1749 gratia,
1332 1659 1740 1749 plerumque
1785 1662 1989 1731 etiam
2033 1663 2296 1753 Regina
2342 1663 2554 1732 comi-

72 1756 228 1816 tante.
274 1751 506 1820 Aberat
568 1750 628 1819 is
693 1748 883 1818 locus
944 1770 980 1816 a
1042 1748 1472 1816 Lemovicum
1525 1748 1594 1783 *⁸¹
1655 1751 1827 1819 urbe
1893 1750 2127 1820 decem
2194 1750 2328 1820 fere
2398 1751 2554 1820 mil-

70 1830 323 1909 liaribus.
376 1843 542 1907 Cum
597 1851 825 1906 autem
878 1836 1118 1905 beatus
1151 1837 1546 1906 Leonardus
1581 1859 1701 1927 per
1737 1860 1885 1908 eam
1926 1840 2242 1909 transiret
2275 1840 2546 1916 silvam.

68 1924 262 1995 cheo
302 1939 576 1996 venerat
607 1948 766 1996 cum
818 1926 1101 2015 Regina,
1140 1947 1314 2013 quae
1364 1947 1442 1994 ex
1478 1939 1680 2026 partu
1729 1927 1795 1994 in
1843 1949 2172 2016 magnum
2225 1929 2398 1998 vitae
2446 1929 2554 1997 di-

42 2034 45 2093 g
71 2013 305 2084 scrimen
353 2015 678 2094 adducta,
718 2019 965 2104 Regem
1001 2035 1137 2083 non
1174 2014 1500 2084 mediocri
1534 2015 1749 2084 animi
1797 2014 2029 2084 dolore
2062 2017 2305 2086 affecit.
2352 2017 2551 2086 Adhi-

42 2096 299 2173 *bebatur
319 2105 501 2174 varia
541 2103 967 2172 medicorum
1010 2124 1240 2192 opera,
1281 2104 1400 2172 sed
1438 2102 1606 2172 nihil
1653 2105 2201 2193 promovebatur.
2241 2105 2555 2174 Plorabat

40 2192 241 2287 *fo-runis
289 2193 441 2262 aula
498 2207 569 2262 et
614 2191 876 2262 familia
931 2192 1159 2281 RegiS,
1218 2193 1399 2280 quod
1452 2192 1708 2282 Regina
1763 2203 1895 2261 tam
1953 2195 2196 2261 misere
2256 2193 2471 2263 abiret
2519 2215 2555 2263 e

40 2290 182 2377 ιὲινιῑει.
232 2284 300 2351 Ut
342 2295 577 2352 autem
631 2280 1155 2350 lamentantium
1207 2302 1401 2350 voces
1451 2282 1664 2349 sensit
1710 2280 1952 2350 beatus
1992 2282 2408 2362 LeonarduS‚
2463 2282 2549 2351 ab

65 2364 253 2438 itinere
298 2370 616 2441 nonnihil
666 2369 1056 2451 deflectenS,
1109 2392 1187 2440 eo
1236 2391 1308 2439 se
1340 2369 1651 2452 contulit,
1695 2370 1912 2440 multa
1945 2371 2160 2440 animi
2191 2371 2552 2441 commise-

40 2453 267 2534 {t'ntione
313 2471 709 2551 permotu8‚
771 2459 944 2530 scire
994 2459 1227 2530 volens
1259 2514 1273 2538 ,
1328 2458 1492 2547 quid
1538 2459 1670 2528 sibi
1727 2459 1973 2529 vellent
2013 2460 2344 2550 lugubres
2394 2459 2551 2529 illae

60 2562 212 2618 voces
244 2561 434 2636 atque
464 2549 832 2618 clamores.

124 2635 261 2720 Μ.
309 2644 519 2721 Quem
581 2635 787 2706 simul
837 2647 1040 2722 atque
1087 2635 1463 2725 conspicati
1531 2648 1694 2705 sunt
1758 2637 2008 2719 aulici,
2076 2637 2241 2727 Regi
2297 2637 2402 2672 *⁴⁸*
2451 2638 2554 2705 in-

58 2717 315 2795 dicarunt
346 2726 428 2796 de
460 2747 573 2804 eo,
628 2725 809 2812 quod
859 2724 1140 2812 quidam
1184 2725 1284 2793 vir
1317 2724 1432 2794 Dei
1462 2724 1750 2805 adesset,
1791 2726 1908 2813 qui
1950 2727 2349 2816 Angelicum
2391 2749 2551 2816 prae

57 2825 111 2906 ξε
146 2812 377 2884 vultum
428 2816 613 2884 ferre
661 2813 1024 2882 videretur.
1080 2819 1226 2882 Mox
1262 2812 1345 2882 ad
1396 2835 1554 2882 eum
1608 2813 1935 2884 advolans
1986 2819 2147 2898 Rex,
2200 2830 2263 2885 et
2313 2838 2546 2885 secum

54 2901 438 2975 lnlroducens
469 2905 542 2973 in
578 2901 837 2982 aulam,
884 2903 974 2971 ita
1012 2923 1169 2971 eum
1207 2902 1573 2991 compellat
1605 2928 1619 2970 z
1674 2925 1709 2969 «
1747 2903 1859 2972 Dic
1897 2904 2116 2984 nobis,
2166 2905 2549 2975 venerande

60 2999 225 3072 pater,
265 2994 454 3095 cujas
505 2993 631 3072 sis,
687 2990 871 3060 unde
921 2990 1205 3066 veneris.
1260 3003 1325 3060 et
1375 3014 1541 3061 num
1594 2992 1689 3060 sis
1741 2991 2061 3060 medendi
2104 3006 2247 3062 arte
2289 2994 2549 3064 instru-

62 3085 196 3144 ctus.
221 3103 251 3144 »
282 3087 392 3152 Vir
425 3092 714 3151 sanctus
749 3079 1098 3169 respondit
1129 3104 1143 3145 z
1188 3101 1223 3144 «
1254 3079 1477 3149 Patria
1513 3079 1679 3148 mihi
1719 3079 2002 3148 Francia
2031 3092 2172 3149 est:
2212 3095 2287 3150 ut
2315 3097 2546 3151 autem

60 3158 165 3233 huc
200 3170 617 3248 accederem,
675 3167 1147 3239 lamentabiles
1196 3190 1393 3238 voces
1445 3189 1552 3237 me
1602 3168 2068 3258 impulerunt:
2126 3190 2343 3256 neque
2392 3192 2548 3239 vero

53 3270 166 3321 eam
207 3259 407 3328 calleo
460 3257 878 3328 medicinam
909 3312 923 3336 ,
978 3278 1153 3343 quae
1201 3258 1287 3327 ab
1329 3256 1561 3326 herbis
1611 3257 1774 3347 petit
1825 3256 2170 3325 remedia:
2224 3258 2338 3326 sed
2374 3313 2389 3337 ‚
2446 3259 2550 3327 in-

54 3356 237 3413 vocato
281 3348 527 3418 Christi
569 3346 868 3425 nomine,
907 3345 1090 3414 soleo
1141 3346 1362 3416 varios
1409 3367 1654 3416 curare
1705 3346 2066 3415 morbos.»
2117 3346 2208 3413 Iis
2247 3346 2538 3427 auditiS,

50 3424 288 3504 laetatur
320 3443 481 3516 Rex,
532 3434 1055 3521 sciscitaturque
1104 3456 1180 3503 ex
1224 3436 1366 3503 viro
1407 3435 1547 3514 Dei,
1587 3457 1725 3521 quo
1767 3448 2042 3504 vocetur
2081 3435 2383 3503 nomine.
2422 3439 2549 3503 Re-

48 3522 373 3604 spondente
426 3525 549 3594 illo
608 3545 679 3591 se
735 3523 1159 3592 Leonardum
1202 3522 1364 3604 dici,
1419 3545 1831 3610 servumque
1879 3545 2026 3592 esse
2059 3523 2548 3612 omnipotentis

46 3606 132 3674 Dei
178 3625 233 3681 et
284 3613 462 3683 beati
516 3611 812 3702 Remigii
853 3611 1259 3680 auditorem.
1326 3617 1458 3682 Rex
1500 3612 1793 3680 audiens
1846 3625 1977 3681 tam
2028 3612 2190 3681 boni
2236 3611 2547 3700 magistri

40 3712 165 3766 ¹eum
190 3723 328 3770 esse
360 3699 817 3792 discipulum,
852 3699 1020 3768 nihil
1057 3701 1345 3791 ambigit
1379 3713 1694 3771 sanctum
1727 3714 1791 3770 et
1817 3701 2074 3770 bonum
2109 3701 2328 3769 virum
2365 3722 2536 3780 esse,

42 3783 102 3850 ad
135 3788 402 3877 ejusque
452 3795 528 3859 Se
578 3811 802 3879 genua
851 3789 1287 3870 submittens,
1395 3811 1507 3858 rae
1546 3790 1805 3880 ingenti
1848 3790 2064 3859 animi
2094 3789 2327 3858 dolore
2367 3802 2540 3869 orat,

41 3883 97 3966 ut
118 3878 476 3964 opituletur
514 3878 834 3968 Reginae,
871 3900 950 3946 ex
988 3892 1225 3967 partus
1259 3879 1327 3946 di
1383 3877 1660 3947 icultate
1694 3879 2030 3948 morienti.
2073 3902 2106 3945 «
2138 3879 2311 3947 Affer
2345 3877 2537 3954 mihi,

42 3967 241 4049 lnquit,
301 3969 404 4036 vir
443 3966 915 4042 sanctissime.
956 3968 1301 4056 geminam
1349 3966 1881 4037 consolationem
1936 3968 2235 4056 Reginae
2271 3965 2546 4034 restitu-

42 4061 135 4130 ῑθθ,
169 4069 228 4124 et
261 4058 474 4146 prolis
527 4055 810 4124 feliciter
838 4054 1078 4124 editae.
1130 4083 1152 4116 s>
1195 4061 1362 4124 Tum
1401 4056 1504 4124 vir
1537 4069 1839 4135 sanctus,
1881 4054 2075 4123 solita
2115 4054 2545 4123 humanitate

39 4157 401 4227 commotus,
440 4145 790 4234 lacrymas
822 4142 1072 4225 fundit,
1106 4149 1494 4234 Regemque
1528 4143 1825 4224 elevanS‚
1865 4166 2023 4213 cum
2063 4142 2180 4211 illo
2206 4158 2269 4211 et
2302 4141 2542 4231 paucis

40 4230 403 4305 satellitibus
445 4235 599 4324 ejus
659 4233 862 4301 intrat
912 4233 978 4301 in
1035 4232 1482 4313 cubiculum,
1546 4232 1663 4301 ubi
1712 4232 1972 4323 Regina
2026 4230 2535 4308 decumbebat,

74 4393 91 4412 ⁸
115 4393 289 4436 Bellicet
308 4397 567 4449 Bituriaum
586 4397 816 4440 σπῶσι-κο»,
838 4405 1035 4444 quorum
1057 4397 1310 4436 Avaricum
1329 4394 1560 4446 (Roman)
1582 4396 1696 4436 urbs
1716 4396 1820 4435 erat
1839 4391 2108 4447 praecipua.

77 4446 113 4467 ⁴·
138 4448 340 4500 Limoqeae.
882 4450 959 4476 Μ*
989 4450 1363 4494 Theodebertus,
1382 4451 1654 4490 Auen-astae
1676 4460 1771 4491 rex.
