<?xml version="1.0" encoding="UTF-8"?>
<!DOCTYPE html PUBLIC "-//W3C//DTD XHTML 1.0 Transitional//EN"
    "http://www.w3.org/TR/xhtml1/DTD/xhtml1-transitional.dtd">
<html xmlns="http://www.w3.org/1999/xhtml" xml:lang="en" lang="en">
 <head>
  <title>
</title>
<meta http-equiv="Content-Type" content="text/html;charset=utf-8" />
  <meta name='ocr-system' content='tesseract 3.04.00' />
  <meta name='ocr-capabilities' content='ocr_page ocr_carea ocr_par ocr_line ocrx_word'/>
</head>
<body>
  <div class='ocr_page' id='page_1' title='image "./historiaeseuvit05lippgoog_0378.png"; bbox 0 0 2993 4837; ppageno 0'>
   <div class='ocr_carea' id='block_1_1' title="bbox 526 298 2913 367">
    <p class='ocr_par' dir='ltr' id='par_1_1' title="bbox 526 298 2913 367">
     <span class='ocr_line' id='line_1_1' title="bbox 526 298 2913 367; baseline -0.002 0"><span class='ocrx_word' id='word_1_1' title='bbox 526 302 652 367; x_wconf 75' lang='lat'>342</span> <span class='ocrx_word' id='word_1_2' title='bbox 1117 319 1195 364; x_wconf 73' lang='lat' dir='ltr'>ns</span> <span class='ocrx_word' id='word_1_3' title='bbox 1244 319 1299 366; x_wconf 91' lang='lat' dir='ltr'>s.</span> <span class='ocrx_word' id='word_1_4' title='bbox 1353 318 1702 367; x_wconf 73' lang='lat' dir='ltr'>oonssrarno</span> <span class='ocrx_word' id='word_1_5' title='bbox 1750 321 1850 365; x_wconf 72' lang='lat' dir='ltr'>m».</span> <span class='ocrx_word' id='word_1_6' title='bbox 1902 317 2289 365; x_wconf 72' lang='lat' dir='ltr'>AumANENSI</span> <span class='ocrx_word' id='word_1_7' title='bbox 2686 298 2841 366; x_wconf 76' lang='lat' dir='ltr'><strong>NOV.</strong></span> <span class='ocrx_word' id='word_1_8' title='bbox 2883 304 2913 363; x_wconf 83' lang='lat'>8</span> 
     </span>
    </p>
   </div>
   <div class='ocr_carea' id='block_1_2' title="bbox 420 402 2928 4486">
    <p class='ocr_par' dir='ltr' id='par_1_2' title="bbox 434 402 2928 1733">
     <span class='ocr_line' id='line_1_2' title="bbox 437 402 2916 493; baseline -0.001 -21"><span class='ocrx_word' id='word_1_9' title='bbox 437 404 715 492; x_wconf 89' lang='lat' dir='ltr'>quidem</span> <span class='ocrx_word' id='word_1_10' title='bbox 755 404 946 471; x_wconf 82' lang='lat' dir='ltr'>initio</span> <span class='ocrx_word' id='word_1_11' title='bbox 973 403 1269 491; x_wconf 86' lang='lat' dir='ltr'>graviter</span> <span class='ocrx_word' id='word_1_12' title='bbox 1291 404 1579 493; x_wconf 90' lang='lat' dir='ltr'>accepit,</span> <span class='ocrx_word' id='word_1_13' title='bbox 1613 404 1838 475; x_wconf 92' lang='lat' dir='ltr'>sciens</span> <span class='ocrx_word' id='word_1_14' title='bbox 1868 424 2068 492; x_wconf 84' lang='lat' dir='ltr'>aegre</span> <span class='ocrx_word' id='word_1_15' title='bbox 2103 424 2301 491; x_wconf 89' lang='lat' dir='ltr'>posse</span> <span class='ocrx_word' id='word_1_16' title='bbox 2322 423 2560 471; x_wconf 89' lang='lat' dir='ltr'>eorum</span> <span class='ocrx_word' id='word_1_17' title='bbox 2593 402 2831 471; x_wconf 86' lang='lat' dir='ltr'>animos</span> <span class='ocrx_word' id='word_1_18' title='bbox 2863 403 2916 470; x_wconf 89' lang='lat' dir='ltr'>in</span> 
     </span>
     <span class='ocr_line' id='line_1_3' title="bbox 436 490 2917 581; baseline -0.002 -20"><span class='ocrx_word' id='word_1_19' title='bbox 436 492 805 563; x_wconf 90' lang='lat' dir='ltr'>virtutibus</span> <span class='ocrx_word' id='word_1_20' title='bbox 854 491 1104 561; x_wconf 88' lang='lat' dir='ltr'>habere</span> <span class='ocrx_word' id='word_1_21' title='bbox 1153 514 1584 581; x_wconf 85' lang='lat' dir='ltr'>progressus,</span> <span class='ocrx_word' id='word_1_22' title='bbox 1623 493 1745 580; x_wconf 91' lang='lat' dir='ltr'>qui</span> <span class='ocrx_word' id='word_1_23' title='bbox 1794 493 2000 561; x_wconf 89' lang='lat' dir='ltr'>rebus</span> <span class='ocrx_word' id='word_1_24' title='bbox 2054 491 2427 560; x_wconf 87' lang='lat' dir='ltr'>mundanis</span> <span class='ocrx_word' id='word_1_25' title='bbox 2475 490 2917 560; x_wconf 87' lang='lat' dir='ltr'>distrahantur.</span> 
     </span>
     <span class='ocr_line' id='line_1_4' title="bbox 438 578 2914 668; baseline -0.001 -17"><span class='ocrx_word' id='word_1_26' title='bbox 438 582 564 651; x_wconf 91' lang='lat' dir='ltr'>Sed</span> <span class='ocrx_word' id='word_1_27' title='bbox 598 603 758 649; x_wconf 90' lang='lat' dir='ltr'>cum</span> <span class='ocrx_word' id='word_1_28' title='bbox 798 603 953 650; x_wconf 89' lang='lat' dir='ltr'>vera</span> <span class='ocrx_word' id='word_1_29' title='bbox 992 580 1349 650; x_wconf 79' lang='lat' dir='ltr'>humilitas</span> <span class='ocrx_word' id='word_1_30' title='bbox 1398 602 1756 668; x_wconf 87' lang='lat' dir='ltr'>nunquam</span> <span class='ocrx_word' id='word_1_31' title='bbox 1799 580 2119 650; x_wconf 87' lang='lat' dir='ltr'>destituta</span> <span class='ocrx_word' id='word_1_32' title='bbox 2155 579 2243 648; x_wconf 90' lang='lat' dir='ltr'>sit</span> <span class='ocrx_word' id='word_1_33' title='bbox 2277 580 2526 649; x_wconf 80' lang='lat' dir='ltr'><strong>comite</strong></span> <span class='ocrx_word' id='word_1_34' title='bbox 2554 578 2914 657; x_wconf 78' lang='lat' dir='ltr'>obedientia,</span> 
     </span>
     <span class='ocr_line' id='line_1_5' title="bbox 435 668 2923 757; baseline -0 -19"><span class='ocrx_word' id='word_1_35' title='bbox 435 669 808 738; x_wconf 82' lang='lat' dir='ltr'>admodum</span> <span class='ocrx_word' id='word_1_36' title='bbox 866 683 1244 738; x_wconf 88' lang='lat' dir='ltr'>reverenter</span> <span class='ocrx_word' id='word_1_37' title='bbox 1290 682 1355 738; x_wconf 91' lang='lat' dir='ltr'>et</span> <span class='ocrx_word' id='word_1_38' title='bbox 1401 671 1748 740; x_wconf 81' lang='lat' dir='ltr'>submisse</span> <span class='ocrx_word' id='word_1_39' title='bbox 1794 691 1943 737; x_wconf 90' lang='lat' dir='ltr'>eam</span> <span class='ocrx_word' id='word_1_40' title='bbox 2015 669 2437 757; x_wconf 90' lang='lat' dir='ltr'>provinciam</span> <span class='ocrx_word' id='word_1_41' title='bbox 2505 668 2767 757; x_wconf 89' lang='lat' dir='ltr'>recepit.</span> <span class='ocrx_word' id='word_1_42' title='bbox 2807 672 2923 737; x_wconf 83' lang='lat' dir='ltr'>Sta·</span> 
     </span>
     <span class='ocr_line' id='line_1_6' title="bbox 437 757 2923 845; baseline -0.001 -18"><span class='ocrx_word' id='word_1_43' title='bbox 437 771 657 828; x_wconf 90' lang='lat' dir='ltr'>tuerat</span> <span class='ocrx_word' id='word_1_44' title='bbox 703 761 887 827; x_wconf 89' lang='lat' dir='ltr'>enim</span> <span class='ocrx_word' id='word_1_45' title='bbox 939 758 1123 844; x_wconf 89' lang='lat' dir='ltr'>apud</span> <span class='ocrx_word' id='word_1_46' title='bbox 1176 780 1268 839; x_wconf 90' lang='lat' dir='ltr'>se,</span> <span class='ocrx_word' id='word_1_47' title='bbox 1312 780 1442 828; x_wconf 91' lang='lat' dir='ltr'>non</span> <span class='ocrx_word' id='word_1_48' title='bbox 1495 780 1622 827; x_wconf 90' lang='lat' dir='ltr'>suo</span> <span class='ocrx_word' id='word_1_49' title='bbox 1656 759 1879 827; x_wconf 90' lang='lat' dir='ltr'>vivere</span> <span class='ocrx_word' id='word_1_50' title='bbox 1925 757 2284 839; x_wconf 90' lang='lat' dir='ltr'>arbitratu,</span> <span class='ocrx_word' id='word_1_51' title='bbox 2321 758 2437 826; x_wconf 91' lang='lat' dir='ltr'>sed</span> <span class='ocrx_word' id='word_1_52' title='bbox 2473 757 2693 826; x_wconf 90' lang='lat' dir='ltr'>alieno</span> <span class='ocrx_word' id='word_1_53' title='bbox 2730 779 2923 845; x_wconf 79' lang='lat' dir='ltr'>parere</span> 
     </span>
     <span class='ocr_line' id='line_1_7' title="bbox 439 845 2920 937; baseline -0.001 -21"><span class='ocrx_word' id='word_1_54' title='bbox 439 848 749 937; x_wconf 88' lang='lat' dir='ltr'>imperio.</span> <span class='ocrx_word' id='word_1_55' title='bbox 790 848 1068 916; x_wconf 78' lang='lat' dir='ltr'>Interim</span> <span class='ocrx_word' id='word_1_56' title='bbox 1125 860 1346 915; x_wconf 90' lang='lat' dir='ltr'>tamen</span> <span class='ocrx_word' id='word_1_57' title='bbox 1401 848 1548 918; x_wconf 89' lang='lat' dir='ltr'>suis</span> <span class='ocrx_word' id='word_1_58' title='bbox 1599 847 1860 916; x_wconf 90' lang='lat' dir='ltr'>meritis</span> <span class='ocrx_word' id='word_1_59' title='bbox 1896 846 2180 914; x_wconf 90' lang='lat' dir='ltr'>minime</span> <span class='ocrx_word' id='word_1_60' title='bbox 2222 845 2635 936; x_wconf 87' lang='lat' dir='ltr'>praefidens,</span> <span class='ocrx_word' id='word_1_61' title='bbox 2679 845 2920 915; x_wconf 81' lang='lat' dir='ltr'>fratrum</span> 
     </span>
     <span class='ocr_line' id='line_1_8' title="bbox 436 933 2924 1026; baseline -0.001 -22"><span class='ocrx_word' id='word_1_62' title='bbox 436 957 632 1025; x_wconf 87' lang='lat' dir='ltr'>opem</span> <span class='ocrx_word' id='word_1_63' title='bbox 685 935 926 1006; x_wconf 88' lang='lat' dir='ltr'>sedulo</span> <span class='ocrx_word' id='word_1_64' title='bbox 991 937 1395 1026; x_wconf 84' lang='lat' dir='ltr'>expetebat:</span> <span class='ocrx_word' id='word_1_65' title='bbox 1461 948 1527 1005; x_wconf 93' lang='lat' dir='ltr'>et</span> <span class='ocrx_word' id='word_1_66' title='bbox 1585 948 1728 1004; x_wconf 86' lang='lat' dir='ltr'>tum</span> <span class='ocrx_word' id='word_1_67' title='bbox 1805 935 2039 1017; x_wconf 90' lang='lat' dir='ltr'>sanis,</span> <span class='ocrx_word' id='word_1_68' title='bbox 2115 947 2257 1004; x_wconf 89' lang='lat' dir='ltr'>tum</span> <span class='ocrx_word' id='word_1_69' title='bbox 2327 933 2717 1014; x_wconf 80' lang='lat' dir='ltr'>debilibus,</span> <span class='ocrx_word' id='word_1_70' title='bbox 2763 949 2924 1021; x_wconf 80' lang='lat' dir='ltr'>atque</span> 
     </span>
     <span class='ocr_line' id='line_1_9' title="bbox 434 1024 2924 1114; baseline -0.001 -20"><span class='ocrx_word' id='word_1_71' title='bbox 434 1026 635 1094; x_wconf 90' lang='lat' dir='ltr'>etiam</span> <span class='ocrx_word' id='word_1_72' title='bbox 678 1026 908 1113; x_wconf 90' lang='lat' dir='ltr'>pueris</span> <span class='ocrx_word' id='word_1_73' title='bbox 947 1024 1288 1114; x_wconf 88' lang='lat' dir='ltr'>permulta</span> <span class='ocrx_word' id='word_1_74' title='bbox 1327 1024 1779 1094; x_wconf 88' lang='lat' dir='ltr'>humanitatis</span> <span class='ocrx_word' id='word_1_75' title='bbox 1810 1024 2034 1093; x_wconf 85' lang='lat' dir='ltr'>officia</span> <span class='ocrx_word' id='word_1_76' title='bbox 2073 1024 2481 1113; x_wconf 79' lang='lat' dir='ltr'>praestabat,</span> <span class='ocrx_word' id='word_1_77' title='bbox 2519 1037 2595 1093; x_wconf 90' lang='lat' dir='ltr'>ut</span> <span class='ocrx_word' id='word_1_78' title='bbox 2627 1024 2924 1092; x_wconf 85' lang='lat' dir='ltr'>Christum</span> 
     </span>
     <span class='ocr_line' id='line_1_10' title="bbox 436 1112 2926 1202; baseline -0.001 -20"><span class='ocrx_word' id='word_1_79' title='bbox 436 1114 791 1185; x_wconf 84' lang='lat' dir='ltr'>ardentius</span> <span class='ocrx_word' id='word_1_80' title='bbox 857 1113 1435 1202; x_wconf 81' lang='lat' dir='ltr'>deprecarentur,</span> <span class='ocrx_word' id='word_1_81' title='bbox 1487 1135 1624 1200; x_wconf 93' lang='lat' dir='ltr'>quo</span> <span class='ocrx_word' id='word_1_82' title='bbox 1693 1135 1813 1202; x_wconf 89' lang='lat' dir='ltr'>per</span> <span class='ocrx_word' id='word_1_83' title='bbox 1862 1113 2127 1201; x_wconf 85' lang='lat' dir='ltr'>regium</span> <span class='ocrx_word' id='word_1_84' title='bbox 2181 1113 2506 1182; x_wconf 89' lang='lat' dir='ltr'>incedens</span> <span class='ocrx_word' id='word_1_85' title='bbox 2557 1112 2726 1193; x_wconf 89' lang='lat' dir='ltr'>iter,</span> <span class='ocrx_word' id='word_1_86' title='bbox 2789 1134 2926 1181; x_wconf 76' lang='lat' dir='ltr'>onus</span> 
     </span>
     <span class='ocr_line' id='line_1_11' title="bbox 434 1200 2928 1290; baseline -0 -21"><span class='ocrx_word' id='word_1_87' title='bbox 434 1203 837 1290; x_wconf 88' lang='lat' dir='ltr'>impositum</span> <span class='ocrx_word' id='word_1_88' title='bbox 873 1202 1076 1272; x_wconf 84' lang='lat' dir='ltr'>ferret</span> <span class='ocrx_word' id='word_1_89' title='bbox 1123 1201 1501 1283; x_wconf 87' lang='lat' dir='ltr'>humiliter,</span> <span class='ocrx_word' id='word_1_90' title='bbox 1547 1215 1613 1270; x_wconf 91' lang='lat' dir='ltr'>et</span> <span class='ocrx_word' id='word_1_91' title='bbox 1649 1224 1867 1288; x_wconf 90' lang='lat' dir='ltr'>neque</span> <span class='ocrx_word' id='word_1_92' title='bbox 1912 1200 1994 1270; x_wconf 90' lang='lat' dir='ltr'>ad</span> <span class='ocrx_word' id='word_1_93' title='bbox 2050 1200 2421 1281; x_wconf 85' lang='lat' dir='ltr'>dexteram,</span> <span class='ocrx_word' id='word_1_94' title='bbox 2479 1222 2698 1290; x_wconf 92' lang='lat' dir='ltr'>neque</span> <span class='ocrx_word' id='word_1_95' title='bbox 2745 1200 2821 1269; x_wconf 87' lang='lat' dir='ltr'>ad</span> <span class='ocrx_word' id='word_1_96' title='bbox 2865 1202 2928 1269; x_wconf 85' lang='lat' dir='ltr'>si·</span> 
     </span>
     <span class='ocr_line' id='line_1_12' title="bbox 435 1288 2926 1379; baseline -0.001 -21"><span class='ocrx_word' id='word_1_97' title='bbox 435 1292 720 1360; x_wconf 88' lang='lat' dir='ltr'>nistram</span> <span class='ocrx_word' id='word_1_98' title='bbox 790 1290 1259 1371; x_wconf 88' lang='lat' dir='ltr'>deflectendo,</span> <span class='ocrx_word' id='word_1_99' title='bbox 1317 1290 1403 1359; x_wconf 92' lang='lat' dir='ltr'>ad</span> <span class='ocrx_word' id='word_1_100' title='bbox 1476 1290 1819 1360; x_wconf 85' lang='lat' dir='ltr'>Christum</span> <span class='ocrx_word' id='word_1_101' title='bbox 1895 1289 2280 1379; x_wconf 86' lang='lat' dir='ltr'>pertingere</span> <span class='ocrx_word' id='word_1_102' title='bbox 2346 1304 2741 1359; x_wconf 83' lang='lat' dir='ltr'>mereretur.</span> <span class='ocrx_word' id='word_1_103' title='bbox 2791 1288 2926 1358; x_wconf 79' lang='lat' dir='ltr'>Adeo</span> 
     </span>
     <span class='ocr_line' id='line_1_13' title="bbox 436 1378 2926 1468; baseline -0.001 -21"><span class='ocrx_word' id='word_1_104' title='bbox 436 1392 661 1449; x_wconf 88' lang='lat' dir='ltr'>autem</span> <span class='ocrx_word' id='word_1_105' title='bbox 705 1379 937 1448; x_wconf 91' lang='lat' dir='ltr'>divina</span> <span class='ocrx_word' id='word_1_106' title='bbox 986 1378 1087 1448; x_wconf 91' lang='lat' dir='ltr'>illi</span> <span class='ocrx_word' id='word_1_107' title='bbox 1136 1378 1356 1448; x_wconf 89' lang='lat' dir='ltr'>adfuit</span> <span class='ocrx_word' id='word_1_108' title='bbox 1396 1380 1638 1468; x_wconf 82' lang='lat' dir='ltr'>gratia,</span> <span class='ocrx_word' id='word_1_109' title='bbox 1685 1391 1761 1449; x_wconf 92' lang='lat' dir='ltr'>ut</span> <span class='ocrx_word' id='word_1_110' title='bbox 1819 1379 2214 1449; x_wconf 90' lang='lat' dir='ltr'>monasterii</span> <span class='ocrx_word' id='word_1_111' title='bbox 2274 1401 2402 1458; x_wconf 85' lang='lat' dir='ltr'>reS‚</span> <span class='ocrx_word' id='word_1_112' title='bbox 2449 1378 2537 1447; x_wconf 89' lang='lat' dir='ltr'>ab</span> <span class='ocrx_word' id='word_1_113' title='bbox 2586 1380 2737 1465; x_wconf 87' lang='lat' dir='ltr'>ejus</span> <span class='ocrx_word' id='word_1_114' title='bbox 2782 1390 2926 1447; x_wconf 81' lang='lat' dir='ltr'>ante·</span> 
     </span>
     <span class='ocr_line' id='line_1_14' title="bbox 435 1468 2924 1556; baseline -0.001 -20"><span class='ocrx_word' id='word_1_115' title='bbox 435 1469 824 1538; x_wconf 87' lang='lat' dir='ltr'>cessoribus</span> <span class='ocrx_word' id='word_1_116' title='bbox 873 1468 1183 1546; x_wconf 80' lang='lat' dir='ltr'>afflictas.</span> <span class='ocrx_word' id='word_1_117' title='bbox 1225 1481 1288 1537; x_wconf 93' lang='lat' dir='ltr'>et</span> <span class='ocrx_word' id='word_1_118' title='bbox 1322 1489 1475 1537; x_wconf 89' lang='lat' dir='ltr'>aere</span> <span class='ocrx_word' id='word_1_119' title='bbox 1508 1468 1733 1537; x_wconf 89' lang='lat' dir='ltr'>alieno</span> <span class='ocrx_word' id='word_1_120' title='bbox 1785 1468 2146 1556; x_wconf 80' lang='lat' dir='ltr'>obligataS‚</span> <span class='ocrx_word' id='word_1_121' title='bbox 2197 1468 2616 1536; x_wconf 90' lang='lat' dir='ltr'>monasterio</span> <span class='ocrx_word' id='word_1_122' title='bbox 2670 1468 2924 1537; x_wconf 83' lang='lat' dir='ltr'>restitue-</span> 
     </span>
     <span class='ocr_line' id='line_1_15' title="bbox 434 1555 2926 1645; baseline -0.001 -21"><span class='ocrx_word' id='word_1_123' title='bbox 434 1558 543 1636; x_wconf 85' lang='lat' dir='ltr'>rit,</span> <span class='ocrx_word' id='word_1_124' title='bbox 600 1568 663 1626; x_wconf 93' lang='lat' dir='ltr'>et</span> <span class='ocrx_word' id='word_1_125' title='bbox 710 1556 1037 1626; x_wconf 87' lang='lat' dir='ltr'>fratribus</span> <span class='ocrx_word' id='word_1_126' title='bbox 1087 1556 1229 1625; x_wconf 92' lang='lat' dir='ltr'>illic</span> <span class='ocrx_word' id='word_1_127' title='bbox 1277 1556 1689 1645; x_wconf 86' lang='lat' dir='ltr'>degentibus</span> <span class='ocrx_word' id='word_1_128' title='bbox 1726 1611 1740 1634; x_wconf 91' lang='lat'><strong>‚</strong></span> <span class='ocrx_word' id='word_1_129' title='bbox 1793 1556 2086 1644; x_wconf 91' lang='lat' dir='ltr'>aliisque</span> <span class='ocrx_word' id='word_1_130' title='bbox 2142 1578 2218 1625; x_wconf 91' lang='lat' dir='ltr'>eo</span> <span class='ocrx_word' id='word_1_131' title='bbox 2268 1555 2798 1627; x_wconf 81' lang='lat' dir='ltr'>adventantibus</span> <span class='ocrx_word' id='word_1_132' title='bbox 2854 1576 2926 1623; x_wconf 75' lang='lat' dir='ltr'>res</span> 
     </span>
     <span class='ocr_line' id='line_1_16' title="bbox 435 1644 1711 1733; baseline -0.002 -20"><span class='ocrx_word' id='word_1_133' title='bbox 435 1645 857 1715; x_wconf 87' lang='lat' dir='ltr'>necessarias</span> <span class='ocrx_word' id='word_1_134' title='bbox 905 1644 1180 1714; x_wconf 90' lang='lat' dir='ltr'>abunde</span> <span class='ocrx_word' id='word_1_135' title='bbox 1230 1645 1711 1733; x_wconf 89' lang='lat' dir='ltr'>suppeditarit.</span> 
     </span>
    </p>

    <p class='ocr_par' dir='ltr' id='par_1_3' title="bbox 420 1733 2923 4372">
     <span class='ocr_line' id='line_1_17' title="bbox 521 1733 2923 1823; baseline -0.002 -17"><span class='ocrx_word' id='word_1_136' title='bbox 521 1736 556 1821; x_wconf 68' lang='grc' dir='ltr'>ἓ</span> <span class='ocrx_word' id='word_1_137' title='bbox 602 1739 759 1807; x_wconf 79' lang='lat'>1⁰.</span> <span class='ocrx_word' id='word_1_138' title='bbox 815 1738 980 1802; x_wconf 91' lang='lat' dir='ltr'>Cum</span> <span class='ocrx_word' id='word_1_139' title='bbox 1030 1733 1403 1820; x_wconf 89' lang='lat' dir='ltr'>aliquando</span> <span class='ocrx_word' id='word_1_140' title='bbox 1478 1756 1734 1823; x_wconf 82' lang='lat' dir='ltr'>pagum</span> <span class='ocrx_word' id='word_1_141' title='bbox 1788 1734 2344 1802; x_wconf 86' lang='lat' dir='ltr'>Suessionensem</span> <span class='ocrx_word' id='word_1_142' title='bbox 2379 1788 2393 1813; x_wconf 92' lang='lat'>‚</span> <span class='ocrx_word' id='word_1_143' title='bbox 2463 1734 2529 1801; x_wconf 93' lang='lat' dir='ltr'>in</span> <span class='ocrx_word' id='word_1_144' title='bbox 2580 1756 2720 1820; x_wconf 92' lang='lat' dir='ltr'>quo</span> <span class='ocrx_word' id='word_1_145' title='bbox 2770 1746 2923 1802; x_wconf 75' lang='lat' dir='ltr'>natus</span> 
     </span>
     <span class='ocr_line' id='line_1_18' title="bbox 432 1821 2922 1912; baseline -0.001 -22"><span class='ocrx_word' id='word_1_146' title='bbox 432 1821 673 1903; x_wconf 91' lang='lat' dir='ltr'>fuerat,</span> <span class='ocrx_word' id='word_1_147' title='bbox 712 1823 1129 1902; x_wconf 90' lang='lat' dir='ltr'>circumiret,</span> <span class='ocrx_word' id='word_1_148' title='bbox 1166 1822 1251 1891; x_wconf 91' lang='lat' dir='ltr'>ad</span> <span class='ocrx_word' id='word_1_149' title='bbox 1285 1822 1636 1908; x_wconf 83' lang='lat' dir='ltr'>quoddam</span> <span class='ocrx_word' id='word_1_150' title='bbox 1675 1822 2172 1891; x_wconf 88' lang='lat' dir='ltr'>monachorum</span> <span class='ocrx_word' id='word_1_151' title='bbox 2207 1821 2619 1892; x_wconf 87' lang='lat' dir='ltr'>coenobium</span> <span class='ocrx_word' id='word_1_152' title='bbox 2670 1821 2922 1912; x_wconf 87' lang='lat' dir='ltr'>pervenit</span> 
     </span>
     <span class='ocr_line' id='line_1_19' title="bbox 431 1909 2922 2000; baseline -0.002 -20"><span class='ocrx_word' id='word_1_153' title='bbox 431 1933 509 1980; x_wconf 92' lang='lat' dir='ltr'>eo</span> <span class='ocrx_word' id='word_1_154' title='bbox 558 1911 668 1980; x_wconf 91' lang='lat' dir='ltr'>die</span> <span class='ocrx_word' id='word_1_155' title='bbox 703 1966 718 1992; x_wconf 90' lang='lat'>,</span> <span class='ocrx_word' id='word_1_156' title='bbox 770 1933 907 1998; x_wconf 92' lang='lat' dir='ltr'>quo</span> <span class='ocrx_word' id='word_1_157' title='bbox 956 1924 1347 1980; x_wconf 87' lang='lat' dir='ltr'>sanctorum</span> <span class='ocrx_word' id='word_1_158' title='bbox 1404 1925 1783 2000; x_wconf 77' lang='lat' dir='ltr'>martyrum</span> <span class='ocrx_word' id='word_1_159' title='bbox 1855 1910 2148 2000; x_wconf 84' lang='lat' dir='ltr'>Crispini</span> <span class='ocrx_word' id='word_1_160' title='bbox 2216 1923 2280 1980; x_wconf 92' lang='lat' dir='ltr'>et</span> <span class='ocrx_word' id='word_1_161' title='bbox 2339 1911 2754 2000; x_wconf 90' lang='lat' dir='ltr'>Crispiniani</span> <span class='ocrx_word' id='word_1_162' title='bbox 2820 1909 2922 1979; x_wconf 77' lang='lat' dir='ltr'>illic</span> 
     </span>
     <span class='ocr_line' id='line_1_20' title="bbox 431 1998 2922 2089; baseline -0.002 -20"><span class='ocrx_word' id='word_1_163' title='bbox 431 2000 961 2085; x_wconf 86' lang='lat' dir='ltr'>quiescentium,</span> <span class='ocrx_word' id='word_1_164' title='bbox 998 2000 1400 2070; x_wconf 89' lang='lat' dir='ltr'>solemnitas</span> <span class='ocrx_word' id='word_1_165' title='bbox 1452 2021 1701 2087; x_wconf 85' lang='lat' dir='ltr'>magno</span> <span class='ocrx_word' id='word_1_166' title='bbox 1750 1998 2224 2069; x_wconf 87' lang='lat' dir='ltr'>concurrentis</span> <span class='ocrx_word' id='word_1_167' title='bbox 2276 1998 2494 2089; x_wconf 91' lang='lat' dir='ltr'>plebis</span> <span class='ocrx_word' id='word_1_168' title='bbox 2538 2000 2764 2070; x_wconf 89' lang='lat' dir='ltr'>studio</span> <span class='ocrx_word' id='word_1_169' title='bbox 2794 1998 2922 2069; x_wconf 81' lang='lat' dir='ltr'>cele-</span> 
     </span>
     <span class='ocr_line' id='line_1_21' title="bbox 431 2087 2918 2177; baseline -0.002 -20"><span class='ocrx_word' id='word_1_170' title='bbox 431 2088 792 2158; x_wconf 89' lang='lat' dir='ltr'>brabatur:</span> <span class='ocrx_word' id='word_1_171' title='bbox 848 2110 1141 2174; x_wconf 90' lang='lat' dir='ltr'>quorum</span> <span class='ocrx_word' id='word_1_172' title='bbox 1185 2087 1463 2174; x_wconf 89' lang='lat' dir='ltr'>quidem</span> <span class='ocrx_word' id='word_1_173' title='bbox 1520 2101 1900 2177; x_wconf 88' lang='lat' dir='ltr'>martyrum</span> <span class='ocrx_word' id='word_1_174' title='bbox 1939 2088 2052 2156; x_wconf 90' lang='lat' dir='ltr'>ille</span> <span class='ocrx_word' id='word_1_175' title='bbox 2106 2089 2433 2177; x_wconf 91' lang='lat' dir='ltr'>perpetim</span> <span class='ocrx_word' id='word_1_176' title='bbox 2492 2110 2754 2159; x_wconf 83' lang='lat' dir='ltr'>mernor</span> <span class='ocrx_word' id='word_1_177' title='bbox 2795 2100 2918 2156; x_wconf 84' lang='lat' dir='ltr'>erat.</span> 
     </span>
     <span class='ocr_line' id='line_1_22' title="bbox 430 2176 2920 2268; baseline -0 -23"><span class='ocrx_word' id='word_1_178' title='bbox 430 2177 830 2268; x_wconf 82' lang='lat' dir='ltr'>Adjungens</span> <span class='ocrx_word' id='word_1_179' title='bbox 868 2178 1075 2267; x_wconf 83' lang='lat' dir='ltr'>igitur</span> <span class='ocrx_word' id='word_1_180' title='bbox 1110 2199 1179 2247; x_wconf 91' lang='lat' dir='ltr'>se</span> <span class='ocrx_word' id='word_1_181' title='bbox 1216 2178 1709 2245; x_wconf 82' lang='lat' dir='ltr'>monachorum</span> <span class='ocrx_word' id='word_1_182' title='bbox 1762 2176 2311 2263; x_wconf 83' lang='lat' dir='ltr'>clericorumque</span> <span class='ocrx_word' id='word_1_183' title='bbox 2361 2176 2798 2266; x_wconf 86' lang='lat' dir='ltr'>psallentium</span> <span class='ocrx_word' id='word_1_184' title='bbox 2828 2176 2920 2244; x_wconf 80' lang='lat' dir='ltr'>fre·</span> 
     </span>
     <span class='ocr_line' id='line_1_23' title="bbox 429 2265 2916 2356; baseline 0.001 -28"><span class='ocrx_word' id='word_1_185' title='bbox 429 2267 771 2352; x_wconf 83' lang='lat' dir='ltr'>quentiae,</span> <span class='ocrx_word' id='word_1_186' title='bbox 817 2267 1034 2335; x_wconf 91' lang='lat' dir='ltr'>animi</span> <span class='ocrx_word' id='word_1_187' title='bbox 1070 2266 1179 2335; x_wconf 90' lang='lat' dir='ltr'>sui</span> <span class='ocrx_word' id='word_1_188' title='bbox 1229 2265 1565 2335; x_wconf 88' lang='lat' dir='ltr'>sinceram</span> <span class='ocrx_word' id='word_1_189' title='bbox 1605 2266 1918 2355; x_wconf 87' lang='lat' dir='ltr'>pietatem</span> <span class='ocrx_word' id='word_1_190' title='bbox 1963 2288 2042 2334; x_wconf 86' lang='lat' dir='ltr'>ac</span> <span class='ocrx_word' id='word_1_191' title='bbox 2076 2265 2501 2334; x_wconf 87' lang='lat' dir='ltr'>devotionem</span> <span class='ocrx_word' id='word_1_192' title='bbox 2549 2266 2617 2334; x_wconf 91' lang='lat' dir='ltr'>in</span> <span class='ocrx_word' id='word_1_193' title='bbox 2659 2265 2916 2356; x_wconf 71' lang='lat' dir='ltr'>psalmis</span> 
     </span>
     <span class='ocr_line' id='line_1_24' title="bbox 433 2352 2922 2446; baseline -0.001 -23"><span class='ocrx_word' id='word_1_194' title='bbox 433 2355 714 2444; x_wconf 62' lang='lat' dir='ltr'>hymnis</span> <span class='ocrx_word' id='word_1_195' title='bbox 759 2369 821 2425; x_wconf 89' lang='lat' dir='ltr'>et</span> <span class='ocrx_word' id='word_1_196' title='bbox 855 2355 1141 2425; x_wconf 88' lang='lat' dir='ltr'>canticis</span> <span class='ocrx_word' id='word_1_197' title='bbox 1183 2353 1665 2445; x_wconf 85' lang='lat' dir='ltr'>spiritualibus</span> <span class='ocrx_word' id='word_1_198' title='bbox 1705 2376 1914 2423; x_wconf 90' lang='lat' dir='ltr'>suave</span> <span class='ocrx_word' id='word_1_199' title='bbox 1962 2354 2272 2426; x_wconf 88' lang='lat' dir='ltr'>sonantis</span> <span class='ocrx_word' id='word_1_200' title='bbox 2312 2354 2658 2425; x_wconf 89' lang='lat' dir='ltr'>Ecclesiae</span> <span class='ocrx_word' id='word_1_201' title='bbox 2706 2352 2922 2446; x_wconf 85' lang='lat' dir='ltr'>perspi·</span> 
     </span>
     <span class='ocr_line' id='line_1_25' title="bbox 430 2443 2920 2534; baseline -0 -23"><span class='ocrx_word' id='word_1_202' title='bbox 430 2466 556 2513; x_wconf 92' lang='lat' dir='ltr'>cue</span> <span class='ocrx_word' id='word_1_203' title='bbox 604 2444 997 2514; x_wconf 86' lang='lat' dir='ltr'>declaravit.</span> <span class='ocrx_word' id='word_1_204' title='bbox 1052 2449 1207 2513; x_wconf 88' lang='lat' dir='ltr'>Erat</span> <span class='ocrx_word' id='word_1_205' title='bbox 1246 2443 1428 2512; x_wconf 90' lang='lat' dir='ltr'>enim</span> <span class='ocrx_word' id='word_1_206' title='bbox 1484 2465 1617 2511; x_wconf 88' lang='lat' dir='ltr'>non</span> <span class='ocrx_word' id='word_1_207' title='bbox 1666 2443 1936 2534; x_wconf 84' lang='lat' dir='ltr'>legendi</span> <span class='ocrx_word' id='word_1_208' title='bbox 1987 2444 2365 2523; x_wconf 83' lang='lat' dir='ltr'>dumtaxat,</span> <span class='ocrx_word' id='word_1_209' title='bbox 2419 2444 2535 2512; x_wconf 90' lang='lat' dir='ltr'>sed</span> <span class='ocrx_word' id='word_1_210' title='bbox 2596 2445 2794 2513; x_wconf 89' lang='lat' dir='ltr'>etiam</span> <span class='ocrx_word' id='word_1_211' title='bbox 2843 2464 2920 2510; x_wconf 84' lang='lat' dir='ltr'>ca·</span> 
     </span>
     <span class='ocr_line' id='line_1_26' title="bbox 431 2531 2918 2623; baseline -0.001 -23"><span class='ocrx_word' id='word_1_212' title='bbox 431 2532 639 2601; x_wconf 89' lang='lat' dir='ltr'>nendi</span> <span class='ocrx_word' id='word_1_213' title='bbox 666 2534 981 2623; x_wconf 89' lang='lat' dir='ltr'>apprime</span> <span class='ocrx_word' id='word_1_214' title='bbox 1010 2533 1291 2622; x_wconf 81' lang='lat' dir='ltr'>perituS‚</span> <span class='ocrx_word' id='word_1_215' title='bbox 1328 2545 1603 2617; x_wconf 90' lang='lat' dir='ltr'>tamque</span> <span class='ocrx_word' id='word_1_216' title='bbox 1628 2532 1928 2601; x_wconf 87' lang='lat' dir='ltr'>suaviter</span> <span class='ocrx_word' id='word_1_217' title='bbox 1955 2531 2199 2601; x_wconf 86' lang='lat' dir='ltr'>Christi</span> <span class='ocrx_word' id='word_1_218' title='bbox 2229 2532 2676 2622; x_wconf 86' lang='lat' dir='ltr'>depromebat</span> <span class='ocrx_word' id='word_1_219' title='bbox 2705 2531 2918 2606; x_wconf 74' lang='lat' dir='ltr'>laudes,</span> 
     </span>
     <span class='ocr_line' id='line_1_27' title="bbox 430 2617 2918 2710; baseline -0.001 -21"><span class='ocrx_word' id='word_1_220' title='bbox 430 2635 505 2689; x_wconf 91' lang='lat' dir='ltr'>ut</span> <span class='ocrx_word' id='word_1_221' title='bbox 551 2623 669 2707; x_wconf 87' lang='lat' dir='ltr'>qui</span> <span class='ocrx_word' id='word_1_222' title='bbox 718 2644 871 2689; x_wconf 91' lang='lat' dir='ltr'>eum</span> <span class='ocrx_word' id='word_1_223' title='bbox 936 2621 1299 2701; x_wconf 83' lang='lat' dir='ltr'>audirent,</span> <span class='ocrx_word' id='word_1_224' title='bbox 1356 2621 1699 2710; x_wconf 81' lang='lat' dir='ltr'>lacrymas</span> <span class='ocrx_word' id='word_1_225' title='bbox 1765 2620 2152 2690; x_wconf 88' lang='lat' dir='ltr'>funderent.</span> <span class='ocrx_word' id='word_1_226' title='bbox 2205 2625 2410 2690; x_wconf 90' lang='lat' dir='ltr'>Porro</span> <span class='ocrx_word' id='word_1_227' title='bbox 2480 2635 2714 2691; x_wconf 91' lang='lat' dir='ltr'>autem</span> <span class='ocrx_word' id='word_1_228' title='bbox 2763 2617 2918 2710; x_wconf 85' lang='lat' dir='ltr'>paulo</span> 
     </span>
     <span class='ocr_line' id='line_1_28' title="bbox 429 2708 2912 2795; baseline -0.001 -19"><span class='ocrx_word' id='word_1_229' title='bbox 429 2723 628 2789; x_wconf 88' lang='lat' dir='ltr'>ante,</span> <span class='ocrx_word' id='word_1_230' title='bbox 682 2733 888 2795; x_wconf 89' lang='lat' dir='ltr'>quam</span> <span class='ocrx_word' id='word_1_231' title='bbox 942 2711 1301 2778; x_wconf 87' lang='lat' dir='ltr'>Missarum</span> <span class='ocrx_word' id='word_1_232' title='bbox 1370 2708 1703 2778; x_wconf 88' lang='lat' dir='ltr'>solemnia</span> <span class='ocrx_word' id='word_1_233' title='bbox 1777 2709 2336 2789; x_wconf 86' lang='lat' dir='ltr'>celebrarentur,</span> <span class='ocrx_word' id='word_1_234' title='bbox 2401 2711 2470 2777; x_wconf 90' lang='lat' dir='ltr'>in</span> <span class='ocrx_word' id='word_1_235' title='bbox 2524 2710 2912 2780; x_wconf 81' lang='lat' dir='ltr'>refectorium</span> 
     </span>
     <span class='ocr_line' id='line_1_29' title="bbox 433 2797 2920 2888; baseline -0 -25"><span class='ocrx_word' id='word_1_236' title='bbox 433 2798 806 2876; x_wconf 72' lang='lat' dir='ltr'>inoressus,</span> <span class='ocrx_word' id='word_1_237' title='bbox 847 2820 1011 2867; x_wconf 85' lang='lat' dir='ltr'>casu</span> <span class='ocrx_word' id='word_1_238' title='bbox 1062 2798 1203 2867; x_wconf 89' lang='lat' dir='ltr'>illic</span> <span class='ocrx_word' id='word_1_239' title='bbox 1259 2797 1509 2867; x_wconf 87' lang='lat' dir='ltr'>multos</span> <span class='ocrx_word' id='word_1_240' title='bbox 1557 2797 1839 2866; x_wconf 84' lang='lat' dir='ltr'>offendit</span> <span class='ocrx_word' id='word_1_241' title='bbox 1899 2799 2316 2877; x_wconf 84' lang='lat' dir='ltr'>monachos,</span> <span class='ocrx_word' id='word_1_242' title='bbox 2377 2798 2648 2888; x_wconf 88' lang='lat' dir='ltr'>poculis</span> <span class='ocrx_word' id='word_1_243' title='bbox 2692 2813 2753 2868; x_wconf 88' lang='lat' dir='ltr'>et</span> <span class='ocrx_word' id='word_1_244' title='bbox 2807 2818 2920 2866; x_wconf 82' lang='lat' dir='ltr'>car·</span> 
     </span>
     <span class='ocr_line' id='line_1_30' title="bbox 434 2853 2916 2978; baseline 0.001 -25"><span class='ocrx_word' id='word_1_245' title='bbox 434 2853 639 2954; x_wconf 57' lang='lat' dir='ltr'>nibus</span> <span class='ocrx_word' id='word_1_246' title='bbox 689 2886 1040 2956; x_wconf 89' lang='lat' dir='ltr'>vescendis</span> <span class='ocrx_word' id='word_1_247' title='bbox 1092 2908 1366 2974; x_wconf 88' lang='lat' dir='ltr'>operam</span> <span class='ocrx_word' id='word_1_248' title='bbox 1433 2887 1719 2956; x_wconf 87' lang='lat' dir='ltr'>dantes:</span> <span class='ocrx_word' id='word_1_249' title='bbox 1787 2887 1906 2973; x_wconf 88' lang='lat' dir='ltr'>qui</span> <span class='ocrx_word' id='word_1_250' title='bbox 1965 2888 2082 2956; x_wconf 91' lang='lat' dir='ltr'>ubi</span> <span class='ocrx_word' id='word_1_251' title='bbox 2142 2909 2297 2956; x_wconf 90' lang='lat' dir='ltr'>eum</span> <span class='ocrx_word' id='word_1_252' title='bbox 2351 2889 2732 2978; x_wconf 88' lang='lat' dir='ltr'>conspicati</span> <span class='ocrx_word' id='word_1_253' title='bbox 2777 2899 2916 2956; x_wconf 74' lang='lat' dir='ltr'>sunt.</span> 
     </span>
     <span class='ocr_line' id='line_1_31' title="bbox 431 2974 2916 3064; baseline 0.002 -23"><span class='ocrx_word' id='word_1_254' title='bbox 431 2974 744 3044; x_wconf 85' lang='lat' dir='ltr'>nonnihil</span> <span class='ocrx_word' id='word_1_255' title='bbox 798 2975 1238 3044; x_wconf 87' lang='lat' dir='ltr'>verecundari</span> <span class='ocrx_word' id='word_1_256' title='bbox 1290 2997 1617 3064; x_wconf 83' lang='lat' dir='ltr'>coepere:</span> <span class='ocrx_word' id='word_1_257' title='bbox 1689 2974 1802 3046; x_wconf 89' lang='lat' dir='ltr'>sed</span> <span class='ocrx_word' id='word_1_258' title='bbox 1879 2976 2057 3062; x_wconf 90' lang='lat' dir='ltr'>quod</span> <span class='ocrx_word' id='word_1_259' title='bbox 2135 2976 2233 3044; x_wconf 90' lang='lat' dir='ltr'>eis</span> <span class='ocrx_word' id='word_1_260' title='bbox 2302 2991 2478 3047; x_wconf 85' lang='lat' dir='ltr'>esset</span> <span class='ocrx_word' id='word_1_261' title='bbox 2532 2978 2916 3046; x_wconf 75' lang='lat' dir='ltr'>carissimus,</span> 
     </span>
     <span class='ocr_line' id='line_1_32' title="bbox 428 3063 2916 3153; baseline -0.002 -22"><span class='ocrx_word' id='word_1_262' title='bbox 428 3063 692 3133; x_wconf 88' lang='lat' dir='ltr'>deterso</span> <span class='ocrx_word' id='word_1_263' title='bbox 744 3065 1037 3147; x_wconf 89' lang='lat' dir='ltr'>rubore,</span> <span class='ocrx_word' id='word_1_264' title='bbox 1102 3065 1391 3132; x_wconf 90' lang='lat' dir='ltr'>invitant</span> <span class='ocrx_word' id='word_1_265' title='bbox 1437 3085 1594 3132; x_wconf 90' lang='lat' dir='ltr'>eum</span> <span class='ocrx_word' id='word_1_266' title='bbox 1630 3118 1644 3144; x_wconf 94' lang='lat'>,</span> <span class='ocrx_word' id='word_1_267' title='bbox 1711 3067 1793 3133; x_wconf 82' lang='lat' dir='ltr'>&#39;ut</span> <span class='ocrx_word' id='word_1_268' title='bbox 1840 3087 1998 3133; x_wconf 88' lang='lat' dir='ltr'>cum</span> <span class='ocrx_word' id='word_1_269' title='bbox 2052 3065 2223 3153; x_wconf 89' lang='lat' dir='ltr'>ipsis</span> <span class='ocrx_word' id='word_1_270' title='bbox 2281 3065 2621 3134; x_wconf 87' lang='lat' dir='ltr'>comedat.</span> <span class='ocrx_word' id='word_1_271' title='bbox 2676 3073 2750 3134; x_wconf 76' lang='lat' dir='ltr'>At</span> <span class='ocrx_word' id='word_1_272' title='bbox 2795 3063 2916 3131; x_wconf 77' lang='lat' dir='ltr'>ille:</span> 
     </span>
     <span class='ocr_line' id='line_1_33' title="bbox 429 3152 2919 3241; baseline -0.002 -23"><span class='ocrx_word' id='word_1_273' title='bbox 429 3175 463 3218; x_wconf 90' lang='lat'>«</span> <span class='ocrx_word' id='word_1_274' title='bbox 518 3152 752 3233; x_wconf 89' lang='lat' dir='ltr'>Nolite,</span> <span class='ocrx_word' id='word_1_275' title='bbox 809 3154 1053 3239; x_wconf 87' lang='lat' dir='ltr'>inquit,</span> <span class='ocrx_word' id='word_1_276' title='bbox 1108 3153 1350 3222; x_wconf 84' lang='lat' dir='ltr'>fratres</span> <span class='ocrx_word' id='word_1_277' title='bbox 1393 3152 1618 3221; x_wconf 83' lang='lat' dir='ltr'>isthuc</span> <span class='ocrx_word' id='word_1_278' title='bbox 1653 3175 1690 3220; x_wconf 90' lang='lat' dir='ltr'>a</span> <span class='ocrx_word' id='word_1_279' title='bbox 1745 3175 1852 3221; x_wconf 90' lang='lat' dir='ltr'>me</span> <span class='ocrx_word' id='word_1_280' title='bbox 1905 3166 2163 3241; x_wconf 89' lang='lat' dir='ltr'>petere;</span> <span class='ocrx_word' id='word_1_281' title='bbox 2205 3175 2239 3218; x_wconf 89' lang='lat'>»</span> <span class='ocrx_word' id='word_1_282' title='bbox 2292 3175 2586 3240; x_wconf 79' lang='lat' dir='ltr'>moxque</span> <span class='ocrx_word' id='word_1_283' title='bbox 2638 3176 2766 3223; x_wconf 87' lang='lat' dir='ltr'>non</span> <span class='ocrx_word' id='word_1_284' title='bbox 2811 3153 2919 3220; x_wconf 77' lang='lat' dir='ltr'>sine</span> 
     </span>
     <span class='ocr_line' id='line_1_34' title="bbox 429 3241 2918 3330; baseline -0.002 -22"><span class='ocrx_word' id='word_1_285' title='bbox 429 3264 679 3327; x_wconf 67' lang='lat' dir='ltr'>magna</span> <span class='ocrx_word' id='word_1_286' title='bbox 727 3242 1180 3311; x_wconf 84' lang='lat' dir='ltr'>admiratione</span> <span class='ocrx_word' id='word_1_287' title='bbox 1239 3241 1645 3330; x_wconf 82' lang='lat' dir='ltr'>subjungit:</span> <span class='ocrx_word' id='word_1_288' title='bbox 1702 3264 1738 3306; x_wconf 87' lang='lat'>«</span> <span class='ocrx_word' id='word_1_289' title='bbox 1800 3245 2197 3328; x_wconf 84' lang='lat' dir='ltr'>Aequumne</span> <span class='ocrx_word' id='word_1_290' title='bbox 2259 3255 2383 3322; x_wconf 88' lang='lat' dir='ltr'>est,</span> <span class='ocrx_word' id='word_1_291' title='bbox 2422 3243 2662 3311; x_wconf 88' lang='lat' dir='ltr'>cibum</span> <span class='ocrx_word' id='word_1_292' title='bbox 2717 3241 2918 3310; x_wconf 79' lang='lat' dir='ltr'>ventris</span> 
     </span>
     <span class='ocr_line' id='line_1_35' title="bbox 429 3326 2898 3419; baseline -0.001 -22"><span class='ocrx_word' id='word_1_293' title='bbox 429 3330 775 3400; x_wconf 88' lang='lat' dir='ltr'>refectioni</span> <span class='ocrx_word' id='word_1_294' title='bbox 821 3331 1065 3400; x_wconf 91' lang='lat' dir='ltr'>mentis</span> <span class='ocrx_word' id='word_1_295' title='bbox 1099 3329 1479 3398; x_wconf 75' lang='lat' dir='ltr'>anteferre?</span> <span class='ocrx_word' id='word_1_296' title='bbox 1519 3329 1835 3398; x_wconf 88' lang='lat' dir='ltr'>Nondum</span> <span class='ocrx_word' id='word_1_297' title='bbox 1872 3329 2205 3419; x_wconf 91' lang='lat' dir='ltr'>completa</span> <span class='ocrx_word' id='word_1_298' title='bbox 2241 3343 2343 3399; x_wconf 89' lang='lat' dir='ltr'>est</span> <span class='ocrx_word' id='word_1_299' title='bbox 2377 3331 2741 3400; x_wconf 89' lang='lat' dir='ltr'>Missarum</span> <span class='ocrx_word' id='word_1_300' title='bbox 2790 3326 2898 3397; x_wconf 78' lang='lat' dir='ltr'>cele</span> 
     </span>
     <span class='ocr_line' id='line_1_36' title="bbox 426 3417 2914 3510; baseline -0.001 -23"><span class='ocrx_word' id='word_1_301' title='bbox 426 3419 661 3498; x_wconf 87' lang='lat' dir='ltr'>britas‚</span> <span class='ocrx_word' id='word_1_302' title='bbox 692 3434 756 3489; x_wconf 90' lang='lat' dir='ltr'>et</span> <span class='ocrx_word' id='word_1_303' title='bbox 782 3421 937 3506; x_wconf 61' lang='lat' dir='ltr'>jam</span> <span class='ocrx_word' id='word_1_304' title='bbox 974 3432 1273 3487; x_wconf 88' lang='lat' dir='ltr'>ventrem</span> <span class='ocrx_word' id='word_1_305' title='bbox 1311 3417 1536 3507; x_wconf 89' lang='lat' dir='ltr'>epulis</span> <span class='ocrx_word' id='word_1_306' title='bbox 1573 3418 1894 3487; x_wconf 88' lang='lat' dir='ltr'>infarcire</span> <span class='ocrx_word' id='word_1_307' title='bbox 1920 3420 2161 3506; x_wconf 70' lang='lat' dir='ltr'>juvat?</span> <span class='ocrx_word' id='word_1_308' title='bbox 2195 3423 2505 3501; x_wconf 78' lang='lat' dir='ltr'>OremuS,</span> <span class='ocrx_word' id='word_1_309' title='bbox 2559 3420 2914 3510; x_wconf 67' lang='lat' dir='ltr'>psallamus.</span> 
     </span>
     <span class='ocr_line' id='line_1_37' title="bbox 424 3506 2914 3595; baseline -0.003 -19"><span class='ocrx_word' id='word_1_310' title='bbox 424 3507 689 3578; x_wconf 85' lang='lat' dir='ltr'>debitas</span> <span class='ocrx_word' id='word_1_311' title='bbox 752 3509 1014 3577; x_wconf 83' lang='lat' dir='ltr'>Christo</span> <span class='ocrx_word' id='word_1_312' title='bbox 1062 3521 1126 3577; x_wconf 89' lang='lat' dir='ltr'>et</span> <span class='ocrx_word' id='word_1_313' title='bbox 1185 3507 1450 3576; x_wconf 87' lang='lat' dir='ltr'>Sanctis</span> <span class='ocrx_word' id='word_1_314' title='bbox 1499 3507 1648 3594; x_wconf 81' lang='lat' dir='ltr'>ejus</span> <span class='ocrx_word' id='word_1_315' title='bbox 1715 3506 1954 3577; x_wconf 87' lang='lat' dir='ltr'>laudes</span> <span class='ocrx_word' id='word_1_316' title='bbox 2009 3507 2480 3595; x_wconf 89' lang='lat' dir='ltr'>persolvamus</span> <span class='ocrx_word' id='word_1_317' title='bbox 2517 3563 2532 3588; x_wconf 85' lang='lat'>‚</span> <span class='ocrx_word' id='word_1_318' title='bbox 2588 3510 2914 3578; x_wconf 76' lang='lat' dir='ltr'>esurientes</span> 
     </span>
     <span class='ocr_line' id='line_1_38' title="bbox 424 3593 2914 3686; baseline -0.001 -23"><span class='ocrx_word' id='word_1_319' title='bbox 424 3598 693 3667; x_wconf 88' lang='lat' dir='ltr'>animas</span> <span class='ocrx_word' id='word_1_320' title='bbox 744 3597 925 3665; x_wconf 81' lang='lat' dir='ltr'>verbi</span> <span class='ocrx_word' id='word_1_321' title='bbox 980 3597 1088 3664; x_wconf 84' lang='lat' dir='ltr'>Dei</span> <span class='ocrx_word' id='word_1_322' title='bbox 1140 3596 1342 3684; x_wconf 87' lang='lat' dir='ltr'>adipe</span> <span class='ocrx_word' id='word_1_323' title='bbox 1404 3593 1850 3686; x_wconf 79' lang='lat' dir='ltr'>saginemus,</span> <span class='ocrx_word' id='word_1_324' title='bbox 1908 3596 2277 3685; x_wconf 87' lang='lat' dir='ltr'>impleatur</span> <span class='ocrx_word' id='word_1_325' title='bbox 2329 3595 2394 3664; x_wconf 87' lang='lat' dir='ltr'>in</span> <span class='ocrx_word' id='word_1_326' title='bbox 2449 3597 2653 3665; x_wconf 84' lang='lat' dir='ltr'>bonis</span> <span class='ocrx_word' id='word_1_327' title='bbox 2700 3593 2914 3666; x_wconf 78' lang='lat' dir='ltr'>deside·</span> 
     </span>
     <span class='ocr_line' id='line_1_39' title="bbox 426 3685 2909 3774; baseline -0.001 -23"><span class='ocrx_word' id='word_1_328' title='bbox 426 3686 601 3754; x_wconf 88' lang='lat' dir='ltr'>rium</span> <span class='ocrx_word' id='word_1_329' title='bbox 644 3699 977 3764; x_wconf 86' lang='lat' dir='ltr'>nostrum,</span> <span class='ocrx_word' id='word_1_330' title='bbox 1022 3685 1322 3774; x_wconf 88' lang='lat' dir='ltr'>primum</span> <span class='ocrx_word' id='word_1_331' title='bbox 1374 3706 1793 3770; x_wconf 88' lang='lat' dir='ltr'>quaeramus</span> <span class='ocrx_word' id='word_1_332' title='bbox 1827 3707 2114 3773; x_wconf 83' lang='lat' dir='ltr'>regnum</span> <span class='ocrx_word' id='word_1_333' title='bbox 2166 3686 2276 3754; x_wconf 85' lang='lat' dir='ltr'>Dei</span> <span class='ocrx_word' id='word_1_334' title='bbox 2310 3699 2374 3753; x_wconf 91' lang='lat' dir='ltr'>et</span> <span class='ocrx_word' id='word_1_335' title='bbox 2404 3685 2744 3772; x_wconf 78' lang='lat' dir='ltr'>justitiam</span> <span class='ocrx_word' id='word_1_336' title='bbox 2774 3686 2909 3770; x_wconf 82' lang='lat' dir='ltr'>ejus.</span> 
     </span>
     <span class='ocr_line' id='line_1_40' title="bbox 424 3772 2913 3863; baseline -0.003 -20"><span class='ocrx_word' id='word_1_337' title='bbox 424 3775 792 3843; x_wconf 83' lang='lat' dir='ltr'>reddamus</span> <span class='ocrx_word' id='word_1_338' title='bbox 840 3796 1016 3860; x_wconf 89' lang='lat' dir='ltr'>quae</span> <span class='ocrx_word' id='word_1_339' title='bbox 1063 3788 1226 3841; x_wconf 90' lang='lat' dir='ltr'>sunt</span> <span class='ocrx_word' id='word_1_340' title='bbox 1275 3773 1411 3851; x_wconf 89' lang='lat' dir='ltr'>Dei,</span> <span class='ocrx_word' id='word_1_341' title='bbox 1459 3777 1611 3851; x_wconf 89' lang='lat' dir='ltr'>Deo,</span> <span class='ocrx_word' id='word_1_342' title='bbox 1675 3786 1903 3861; x_wconf 87' lang='lat' dir='ltr'>postea</span> <span class='ocrx_word' id='word_1_343' title='bbox 1953 3773 2033 3841; x_wconf 88' lang='lat' dir='ltr'>ad</span> <span class='ocrx_word' id='word_1_344' title='bbox 2092 3772 2457 3842; x_wconf 80' lang='lat' dir='ltr'>reficienda</span> <span class='ocrx_word' id='word_1_345' title='bbox 2513 3796 2793 3863; x_wconf 89' lang='lat' dir='ltr'>corpora</span> <span class='ocrx_word' id='word_1_346' title='bbox 2832 3792 2913 3838; x_wconf 86' lang='lat' dir='ltr'>ac-</span> 
     </span>
     <span class='ocr_line' id='line_1_41' title="bbox 421 3855 2912 3949; baseline -0.003 -18"><span class='ocrx_word' id='word_1_347' title='bbox 421 3864 775 3932; x_wconf 87' lang='lat' dir='ltr'>cedamus.</span> <span class='ocrx_word' id='word_1_348' title='bbox 817 3886 851 3929; x_wconf 89' lang='lat'>»</span> <span class='ocrx_word' id='word_1_349' title='bbox 888 3863 1008 3931; x_wconf 82' lang='lat' dir='ltr'>His</span> <span class='ocrx_word' id='word_1_350' title='bbox 1062 3861 1156 3929; x_wconf 90' lang='lat' dir='ltr'>illi</span> <span class='ocrx_word' id='word_1_351' title='bbox 1198 3881 1356 3940; x_wconf 89' lang='lat' dir='ltr'>non,</span> <span class='ocrx_word' id='word_1_352' title='bbox 1412 3862 1512 3929; x_wconf 89' lang='lat' dir='ltr'>uti</span> <span class='ocrx_word' id='word_1_353' title='bbox 1565 3883 1686 3949; x_wconf 88' lang='lat' dir='ltr'>par</span> <span class='ocrx_word' id='word_1_354' title='bbox 1732 3874 1899 3941; x_wconf 89' lang='lat' dir='ltr'>erat,</span> <span class='ocrx_word' id='word_1_355' title='bbox 1941 3862 2310 3941; x_wconf 88' lang='lat' dir='ltr'>emendati,</span> <span class='ocrx_word' id='word_1_356' title='bbox 2343 3862 2456 3931; x_wconf 84' lang='lat' dir='ltr'>sed</span> <span class='ocrx_word' id='word_1_357' title='bbox 2494 3864 2743 3932; x_wconf 79' lang='lat' dir='ltr'>animis</span> <span class='ocrx_word' id='word_1_358' title='bbox 2768 3855 2912 3929; x_wconf 81' lang='lat' dir='ltr'>exul-</span> 
     </span>
     <span class='ocr_line' id='line_1_42' title="bbox 422 3949 2905 4039; baseline -0.002 -20"><span class='ocrx_word' id='word_1_359' title='bbox 422 3954 652 4032; x_wconf 88' lang='lat' dir='ltr'>cerati,</span> <span class='ocrx_word' id='word_1_360' title='bbox 686 3965 748 4020; x_wconf 92' lang='lat' dir='ltr'>et</span> <span class='ocrx_word' id='word_1_361' title='bbox 779 3967 922 4020; x_wconf 88' lang='lat' dir='ltr'>atra</span> <span class='ocrx_word' id='word_1_362' title='bbox 959 3951 1092 4021; x_wconf 87' lang='lat' dir='ltr'>bile</span> <span class='ocrx_word' id='word_1_363' title='bbox 1128 3949 1404 4039; x_wconf 90' lang='lat' dir='ltr'>perciti:</span> <span class='ocrx_word' id='word_1_364' title='bbox 1448 3974 1483 4014; x_wconf 67' lang='grc' dir='ltr'>(ι</span> <span class='ocrx_word' id='word_1_365' title='bbox 1521 3950 1706 4030; x_wconf 90' lang='lat' dir='ltr'>Veni,</span> <span class='ocrx_word' id='word_1_366' title='bbox 1753 3951 1930 4029; x_wconf 88' lang='lat' dir='ltr'>veni,</span> <span class='ocrx_word' id='word_1_367' title='bbox 1975 3951 2321 4037; x_wconf 89' lang='lat' dir='ltr'>inquiunt,</span> <span class='ocrx_word' id='word_1_368' title='bbox 2371 3953 2596 4039; x_wconf 87' lang='lat' dir='ltr'>paries</span> <span class='ocrx_word' id='word_1_369' title='bbox 2631 3951 2905 4020; x_wconf 78' lang='lat' dir='ltr'>dealbate.</span> 
     </span>
     <span class='ocr_line' id='line_1_43' title="bbox 425 4035 2906 4130; baseline -0.005 -21"><span class='ocrx_word' id='word_1_370' title='bbox 425 4041 881 4130; x_wconf 82' lang='lat' dir='ltr'>pinguissimo</span> <span class='ocrx_word' id='word_1_371' title='bbox 948 4039 1101 4109; x_wconf 89' lang='lat' dir='ltr'>cibo</span> <span class='ocrx_word' id='word_1_372' title='bbox 1177 4060 1355 4127; x_wconf 85' lang='lat' dir='ltr'>unge</span> <span class='ocrx_word' id='word_1_373' title='bbox 1405 4040 1771 4118; x_wconf 76' lang='lat' dir='ltr'>arteriam,</span> <span class='ocrx_word' id='word_1_374' title='bbox 1835 4051 1911 4108; x_wconf 91' lang='lat' dir='ltr'>ut</span> <span class='ocrx_word' id='word_1_375' title='bbox 1979 4038 2239 4109; x_wconf 85' lang='lat' dir='ltr'>clarius</span> <span class='ocrx_word' id='word_1_376' title='bbox 2299 4062 2421 4108; x_wconf 78' lang='lat' dir='ltr'>vox</span> <span class='ocrx_word' id='word_1_377' title='bbox 2475 4053 2586 4109; x_wconf 88' lang='lat' dir='ltr'>tua</span> <span class='ocrx_word' id='word_1_378' title='bbox 2634 4035 2906 4130; x_wconf 80' lang='lat' dir='ltr'>percutiat</span> 
     </span>
     <span class='ocr_line' id='line_1_44' title="bbox 420 4126 2902 4219; baseline -0.003 -20"><span class='ocrx_word' id='word_1_379' title='bbox 420 4151 499 4198; x_wconf 88' lang='lat' dir='ltr'>ac</span> <span class='ocrx_word' id='word_1_380' title='bbox 544 4143 845 4219; x_wconf 88' lang='lat' dir='ltr'>penetret</span> <span class='ocrx_word' id='word_1_381' title='bbox 892 4151 1092 4197; x_wconf 87' lang='lat' dir='ltr'>aures</span> <span class='ocrx_word' id='word_1_382' title='bbox 1142 4140 1442 4208; x_wconf 89' lang='lat' dir='ltr'>nostras;</span> <span class='ocrx_word' id='word_1_383' title='bbox 1485 4150 1521 4192; x_wconf 90' lang='lat'>»</span> <span class='ocrx_word' id='word_1_384' title='bbox 1559 4127 1911 4214; x_wconf 87' lang='lat' dir='ltr'>multaque</span> <span class='ocrx_word' id='word_1_385' title='bbox 1945 4127 2081 4196; x_wconf 89' lang='lat' dir='ltr'>alia</span> <span class='ocrx_word' id='word_1_386' title='bbox 2123 4130 2188 4196; x_wconf 90' lang='lat' dir='ltr'>in</span> <span class='ocrx_word' id='word_1_387' title='bbox 2228 4129 2690 4198; x_wconf 88' lang='lat' dir='ltr'>venerandum</span> <span class='ocrx_word' id='word_1_388' title='bbox 2733 4126 2902 4194; x_wconf 75' lang='lat' dir='ltr'>virum</span> 
     </span>
     <span class='ocr_line' id='line_1_45' title="bbox 424 4212 2900 4372; baseline -0.003 -86"><span class='ocrx_word' id='word_1_389' title='bbox 424 4220 673 4372; x_wconf 66' lang='lat' dir='ltr'>Erobra</span> <span class='ocrx_word' id='word_1_390' title='bbox 721 4217 1165 4304; x_wconf 89' lang='lat' dir='ltr'>conviciaque</span> <span class='ocrx_word' id='word_1_391' title='bbox 1218 4217 1591 4305; x_wconf 88' lang='lat' dir='ltr'>jactarunt.</span> <span class='ocrx_word' id='word_1_392' title='bbox 1647 4220 1746 4286; x_wconf 81' lang='lat' dir='ltr'>Ita</span> <span class='ocrx_word' id='word_1_393' title='bbox 1796 4216 2015 4285; x_wconf 89' lang='lat' dir='ltr'>solent</span> <span class='ocrx_word' id='word_1_394' title='bbox 2068 4216 2226 4285; x_wconf 89' lang='lat' dir='ltr'>mali</span> <span class='ocrx_word' id='word_1_395' title='bbox 2280 4220 2483 4286; x_wconf 90' lang='lat' dir='ltr'>etiam</span> <span class='ocrx_word' id='word_1_396' title='bbox 2557 4229 2722 4286; x_wconf 88' lang='lat' dir='ltr'>recte</span> <span class='ocrx_word' id='word_1_397' title='bbox 2775 4212 2900 4281; x_wconf 78' lang='lat' dir='ltr'>sacia</span> 
     </span>
    </p>

    <p class='ocr_par' dir='ltr' id='par_1_4' title="bbox 424 4303 2898 4486">
     <span class='ocr_line' id='line_1_46' title="bbox 473 4303 2898 4392; baseline -0.002 -21"><span class='ocrx_word' id='word_1_398' title='bbox 473 4327 759 4372; x_wconf 91' lang='lat' dir='ltr'>onorum</span> <span class='ocrx_word' id='word_1_399' title='bbox 813 4306 1086 4375; x_wconf 87' lang='lat' dir='ltr'>sinistre</span> <span class='ocrx_word' id='word_1_400' title='bbox 1130 4305 1582 4392; x_wconf 86' lang='lat' dir='ltr'>interpretari.</span> <span class='ocrx_word' id='word_1_401' title='bbox 1621 4309 1826 4374; x_wconf 88' lang='lat' dir='ltr'>Porro</span> <span class='ocrx_word' id='word_1_402' title='bbox 1877 4303 2294 4373; x_wconf 81' lang='lat' dir='ltr'>Godefridus-</span> <span class='ocrx_word' id='word_1_403' title='bbox 2337 4306 2509 4374; x_wconf 78' lang='lat' dir='ltr'>nillil</span> <span class='ocrx_word' id='word_1_404' title='bbox 2564 4307 2666 4375; x_wconf 88' lang='lat' dir='ltr'>his</span> <span class='ocrx_word' id='word_1_405' title='bbox 2705 4314 2898 4372; x_wconf 77' lang='lat' dir='ltr'>motus.</span> 
     </span>
     <span class='ocr_line' id='line_1_47' title="bbox 424 4390 2895 4486; baseline -0.001 -27"><span class='ocrx_word' id='word_1_406' title='bbox 424 4391 543 4460; x_wconf 90' lang='lat' dir='ltr'>sed</span> <span class='ocrx_word' id='word_1_407' title='bbox 594 4393 900 4480; x_wconf 82' lang='lat' dir='ltr'>cogitans</span> <span class='ocrx_word' id='word_1_408' title='bbox 937 4393 1106 4461; x_wconf 91' lang='lat' dir='ltr'>illud</span> <span class='ocrx_word' id='word_1_409' title='bbox 1161 4393 1537 4482; x_wconf 86' lang='lat' dir='ltr'>Sapientis:</span> <span class='ocrx_word' id='word_1_410' title='bbox 1583 4393 1716 4472; x_wconf 72' lang='lat' dir='ltr'>Qui</span> <span class='ocrx_word' id='word_1_411' title='bbox 1760 4394 1983 4462; x_wconf 77' lang='lat' dir='ltr'>crudit</span> <span class='ocrx_word' id='word_1_412' title='bbox 2031 4394 2414 4473; x_wconf 76' lang='lat' dir='ltr'>derisorem,</span> <span class='ocrx_word' id='word_1_413' title='bbox 2461 4397 2598 4486; x_wconf 77' lang='lat' dir='ltr'>ipse</span> <span class='ocrx_word' id='word_1_414' title='bbox 2636 4390 2895 4482; x_wconf 78' lang='lat' dir='ltr'>injuriam</span> 
     </span>
    </p>
   </div>
   <div class='ocr_carea' id='block_1_3' title="bbox 2956 242 2964 1174">
    <p class='ocr_par' dir='ltr' id='par_1_5' title="bbox 2956 242 2964 1174">
     <span class='ocr_line' id='line_1_48' title="bbox 2956 242 2964 1174; baseline 0 0"><span class='ocrx_word' id='word_1_415' title='bbox 2956 242 2964 1174; x_wconf 95' lang='lat' dir='ltr'> </span> 
     </span>
    </p>
   </div>
   <div class='ocr_carea' id='block_1_4' title="bbox 2956 4034 2964 4692">
    <p class='ocr_par' dir='ltr' id='par_1_6' title="bbox 2956 4034 2964 4692">
     <span class='ocr_line' id='line_1_49' title="bbox 2956 4034 2964 4692; baseline 0 0"><span class='ocrx_word' id='word_1_416' title='bbox 2956 4034 2964 4692; x_wconf 95' lang='lat' dir='ltr'> </span> 
     </span>
    </p>
   </div>
  </div>
 </body>
</html>
