2993 4837
482 320 607 383 370
1644 290 1649 295 ”
2643 316 2869 383 Nov.9

1153 524 1273 624 DE
1339 523 1721 624 SANCTO
1801 522 2172 624 URSlNO

666 757 925 824 PRIMO
977 757 1362 825 EPISCOPO
1411 759 1929 824 BITURICENSI
1980 759 2080 823 ΕΤ
2131 757 2647 825 CONFESSORE

562 985 635 1030 Ex
685 984 995 1032 onnoomo
1041 984 1418 1042 τυκοΝΕΝει,
1466 968 1559 1032 De
1606 966 1836 1033 Gloria
1888 966 2371 1051 consessorum,
2433 967 2594 1053 Cap.
2649 972 2745 1031 80.

1227 1181 1364 1236 Sec.
1407 1181 1442 1235 1
1482 1209 1560 1219 —
1601 1180 1807 1235 Forte
1847 1181 2092 1236 Italus.

486 1380 519 1463 ξ
566 1383 640 1450 1.
699 1377 997 1468 Bituriga
1033 1377 1064 1411 ’⁵
1098 1377 1264 1446 urbs
1318 1376 1618 1466 primum
1669 1399 1708 1446 a
1756 1390 1992 1447 sancto
2030 1377 2296 1458 Ursino,
2335 1378 2459 1464 qui
2493 1401 2532 1448 a
2567 1377 2891 1469 discipulis
2986 1438 2988 1467 ‚

399 1465 864 1555 Apostolorum
930 1465 1307 1555 Episcopus
1376 1466 1759 1547 ordinatuS,
1814 1466 1882 1535 in
1935 1466 2191 1536 Gallias
2251 1467 2639 1538 destinatus
2685 1482 2777 1538 est
2812 1467 2887 1543 ⁴⁴.
2985 1536 2988 1543 .

400 1554 676 1623 verbum
729 1554 971 1623 salutis
1027 1554 1320 1643 accepit,
1385 1567 1586 1641 atque
1636 1554 2008 1625 Ecclesiam
2059 1555 2561 1644 Biturigensem
2624 1558 2887 1647 primum
2986 1624 2988 1645 ς

398 1643 712 1719 instituit,
749 1642 1075 1729 rexitque:
1129 1642 1248 1729 qui
1302 1643 1611 1734 migrans
1642 1666 1683 1712 a
1730 1643 1986 1725 seculo,
2022 1644 2089 1712 in
2140 1645 2722 1732 campofflinter
2766 1644 2891 1713 reli·

396 1754 531 1819 qua
562 1730 878 1820 sepulcra
913 1730 1323 1821 populorum
1376 1732 1770 1821 sepulturae
1804 1732 2065 1801 locatus
2110 1747 2235 1803 est.
2274 1739 2415 1803 Non
2458 1735 2645 1803 enim
2702 1733 2889 1804 adhuc

399 1820 697 1910 populus
747 1819 859 1888 ille
900 1819 1320 1909 intelligebat
1353 1821 1738 1891 sacerdotes
1790 1821 2056 1890 Domini
2109 1823 2440 1904 venerari,
2476 1824 2717 1910 eisque
2748 1843 2893 1891 reve·

401 1909 683 1978 rentiam
727 1907 1024 1978 debitam
1062 1909 1403 1978 exhibere.
1443 1909 1632 1979 Unde
1680 1909 1933 1979 sactum
1970 1922 2093 1990 est,
2125 1925 2223 1989 ut,
2266 1911 2691 1983 increscente
2723 1927 2887 1989 terra,

401 1997 701 2087 plantata
746 1997 918 2066 desu
969 2019 1044 2066 er
1093 1998 1284 2067 vinea
1315 2054 1330 2080 ‚
1376 2020 1650 2067 omnem
1706 1998 2105 2067 memoriam
2166 1999 2252 2069 de
2305 2000 2525 2089 primo
2578 2002 2767 2071 urbis
2810 2021 2889 2067 sa·
2986 2082 2988 2089 Ι

396 2086 665 2156 cerdote
713 2108 923 2156 conve
958 2085 1143 2166 leret,
1189 2100 1253 2156 et
1292 2109 1510 2174 usque
1544 2087 1628 2155 ad
1667 2100 1939 2176 tempus
1973 2086 2170 2168 illud,
2202 2111 2338 2176 quo
2378 2090 2765 2160 Probianus
2782 2087 2887 2124 *Ψ

396 2176 769 2333 {spiscopus
816 2174 965 2265 ejus
1014 2174 1208 2244 urbis
1271 2189 1372 2246 est
1418 2176 1835 2266 subrogatus
1871 2230 1886 2256 ‚
1945 2175 2178 2247 nullus
2244 2177 2329 2247 de
2376 2200 2454 2248 eo
2513 2200 2740 2248 sermo
2799 2177 2891 2246 ha·
2986 2262 2988 2265 Ι

445 2277 693 2333 eretur.

482 2355 517 2441 ξ
555 2357 641 2424 2.
689 2352 838 2421 Fuit
884 2364 1111 2421 autem
1153 2351 1435 2440 quidam
1479 2356 1826 2443 Augustus
1859 2353 2158 2436 nomine,
2195 2353 2283 2425 de
2312 2353 2518 2424 domo
2555 2354 2892 2427 Desiderati
2986 2408 2988 2411 .

396 2440 743 2529 quondam
786 2442 1025 2530 Episco
1083 2441 1142 2509 i:
1186 2442 1387 2528 cujus
1424 2463 1671 2512 manus
1718 2466 1797 2513 ac
1842 2443 2045 2532 pedes
2088 2444 2176 2513 ita
2209 2445 2541 2514 contracti
2592 2461 2801 2526 erant,
2840 2457 2893 2512 ut
2986 2509 2988 2514 .

398 2553 529 2600 non
581 2529 777 2599 aliter
811 2530 941 2601 nisi
1055 2552 1090 2598 e
1138 2529 1478 2620 geniculis
1543 2543 1744 2617 atque
1811 2531 2065 2601 cubitis
2114 2546 2639 2617 sustentaretur,
2693 2535 2750 2604 si
2786 2556 2892 2621 quo
2986 2593 2988 2596 .

400 2640 843 2708 processurus
892 2617 1087 2687 vellet
1136 2618 1471 2688 incedere.
1529 2624 1639 2700 Is,
1696 2619 2075 2708 inspirante
2123 2625 2287 2701 Deo,
2334 2622 2419 2691 de
2467 2622 2893 2712 eleemosynis

395 2707 817 2787 devotorum,
856 2706 1040 2796 apud
1079 2707 1266 2778 Brias
1305 2709 1530 2777 vicum
1572 2709 1639 2776 in
1677 2709 1933 2779 honore
1967 2710 2183 2778 sancti
2218 2732 2298 2780 ac
2334 2711 2717 2782 beatissimi
2756 2717 2895 2781 Mar·

399 2796 520 2863 tini
570 2794 936 2876 antistitis,
991 2797 1364 2866 oratorium
1415 2796 1844 2868 aedificavit:
1899 2798 2101 2888 cujus
2148 2820 2307 2868 cum
2360 2800 2429 2868 in
2484 2803 2715 2880 insum
2767 2799 2894 2870 reli·

395 2884 595 2970 quias
661 2882 1059 2965 detulisset,
1124 2885 1350 2954 statim
1425 2884 1703 2955 directis
1776 2887 2113 2957 membris¹
2173 2910 2389 2958 sanus
2447 2889 2732 2962 effectus
2794 2901 2890 2958 est.

397 2972 650 3055 Deinde
696 2972 997 3042 collectis
1046 2995 1276 3044 secum
1331 2975 1572 3064 paucis
1635 2976 2015 3056 monachiS‚
2055 2978 2187 3046 sub
2238 2977 2476 3067 regula
2530 2975 2894 3049 monasterii

395 3061 671 3152 degenS,
710 3083 981 3219 semper
1009 3062 1298 3131 orationi
1351 3063 1653 3132 vacabat.
1696 3064 1885 3133 Unde
1931 3064 2185 3134 factum
2220 3079 2343 3146 est,
2389 3079 2466 3136 ut
2514 3067 2585 3137 in
2617 3063 2894 3154 sequenti

394 3151 768 3220 accersitus
813 3172 850 3219 a
934 3151 1291 3241 Episcop0‚
1329 3151 1552 3221 Abbas
1590 3152 2027 3223 ordinaretur
2059 3154 2125 3222 in
2162 3154 2449 3224 basilica
2479 3157 2699 3226 sancti
2732 3162 2895 3244 Sym·

397 3240 735 3330 phoriani,
770 3262 974 3326 quam
1030 3253 1444 3310 memoratus
1483 3241 1778 3332 pontifex
1812 3241 2258 3312 fabricaverat
2286 3256 2443 3313 ante
2475 3258 2890 3336 conspectum

396 3330 574 3399 muri
626 3328 937 3419 Biturigi.
994 3332 1124 3397 Nec
1174 3341 1397 3398 tamen
1454 3331 1852 3408 monachos,
1906 3353 2079 3418 quos
2123 3332 2315 3421 prius
2363 3344 2890 3424 congregaverat,

395 3419 813 3505 relinquen5‚
853 3417 968 3488 sed
1012 3417 1378 3487 instituens
1409 3418 1508 3488 eis
1538 3420 2032 3507 Praepositum,
2078 3420 2224 3521 ipse
2271 3434 2601 3509 utrasque
2639 3419 2892 3492 cellulas

395 3507 845 3598 gubernabat.
901 3505 1204 3593 Denique
1250 3529 1407 3576 cum
1459 3508 1643 3598 apud
1699 3508 1875 3578 hanc
1925 3508 2283 3578 basiltcam
2344 3524 2744 3588 moraretur,
2791 3531 2894 3596 ap·

445 3598 626 3668 aruit
670 3597 732 3666 ei
791 3608 1073 3666 sanctus
1138 3596 1448 3676 Ursinus,
1491 3618 1619 3687 per*
1661 3598 1882 3668 visum
1934 3598 2175 3679 noctiS,
2220 3597 2511 3670 dicens:
2566 3623 2603 3667 ‹<
2655 3597 2891 3668 Deiossa

445 3710 631 3767 umo,
660 3686 930 3773 require
962 3685 1451 3775 corpusculum
1490 3707 1746 3754 meum.
1783 3691 1919 3776 Ego
1950 3687 2133 3755 enim
2176 3709 2328 3756 sum
2369 3690 2680 3767 Ursinus,
2713 3686 2889 3775 hujus

393 3775 587 3845 urbis
621 3776 889 3864 primus
937 3775 1338 3864 Episcopus
1379 3775 1575 3857 »Qui
1628 3775 1763 3843 ait:
1822 3799 1857 3842 «
1909 3780 2055 3858 Quo
2107 3775 2241 3857 ibo,
2278 3790 2396 3845 aut
2442 3777 2565 3847 ubi
2599 3794 2883 3866 quaeram

395 3864 788 3953 sepulcrum
842 3875 1062 3942 tuum,
1102 3885 1260 3933 cum
1306 3863 1615 3953 ignorem
1670 3864 1895 3933 locum
1951 3864 2072 3934 ubi
2126 3865 2220 3934 sis
2274 3865 2580 3954 positus?
2612 3890 2644 3931 »
2682 3869 2750 3933 At
2791 3859 2884 3929 ille

391 3952 914 4041 apprehendens
962 3951 1110 4038 ejus
1152 3974 1460 4032 manum,
1501 3951 1694 4022 fluxit
1724 3952 1809 4021 ad
1844 3952 2095 4034 locum,
2134 3966 2199 4023 et
2245 3954 2369 4022 ait:
2409 3977 2446 4020 «
2491 3955 2626 4024 Sub
2672 3954 2880 4022 harum

392 4042 632 4111 vitium
685 4039 1034 4110 radicibus
1081 4063 1333 4129 corpus
1385 4063 1612 4110 meum
1668 4041 1979 4113 habetur.
2023 4066 2057 4107 »

447 4224 472 4249 *¹
503 4219 622 4263 Gau.
654 4223 863 4272 Rom-928.

446 4277 499 4302 *¹¹*
529 4277 573 4315 Β.
605 4276 763 4315 Ursini
782 4277 1054 4316 missionem
1074 4276 1194 4316 varst
1213 4275 1356 4316 variis
1377 4277 1668 4326 temporibus
1694 4278 1951 4327 assignant.

422 4378 432 4387 .
446 4328 530 4355 *⁴*
561 4330 703 4386 Extra
728 4330 882 4374 urbes,
904 4331 954 4368 in
974 4330 1149 4377 campis
1174 4331 1222 4370 et
1242 4332 1380 4378 agris,
1402 4327 1660 4380 sepeliendi
1684 4333 1972 4372 consuetudo
1994 4333 2329 4381 antiquissima
2351 4335 2439 4380 est.
2457 4343 2572 4383 quse
2592 4332 2732 4381 legum
2749 4326 2875 4364 tuem·

393 4381 534 4421 ritate
556 4391 742 4429 saeptus
761 4382 945 4422 firmata
962 4385 1008 4422 et
1029 4385 1252 4423 renovata
1272 4381 1361 4422 fuit
1381 4381 1527 4423 etiam
1552 4385 1608 4423 ab
1630 4386 1996 4433 Imperator-ibus
2020 4385 2316 4427 Christianis.

449 4434 560 4461 *W*
596 4434 644 4472 Is
664 4435 879 4475 laudatur
902 4447 928 4475 a
947 4437 1205 4476 Fortunato
1226 4435 1272 4476 in
1293 4435 1397 4477 Vita
1418 4439 1461 4478 S.
1481 4436 1701 4478 Germani
1722 4436 1868 4479 Paris.
