2993 4837
986 212 1019 253 Φ

547 278 676 343 586
996 295 1075 341 ma
1123 295 1178 343 s.
1232 294 1600 354 susanam,
1654 294 1837 343 natus
1885 294 2251 344 annuamus
2298 295 2464 343 rma
2650 278 2789 343 NOV.
2829 281 2888 345 19

458 380 985 459 incrementum,
1022 378 1413 448 accessione
1448 378 1895 468 profectuque
1927 380 2256 450 virtutum
2292 379 2721 460 accumulans,
2751 380 2806 449 id
2841 383 2892 450 ia

460 466 705 557 primis
742 465 1136 549 faciendum
1180 467 1313 536 sibi
1365 466 1846 551 destinaverat,
1899 481 1976 538 ut
2019 469 2349 538 omnibus
2399 469 2466 538 in
2524 468 2701 538 rebus
2739 474 2895 539 Deum

460 578 622 657 prae
658 555 878 625 oculis
934 555 1233 636 haberet,
1283 555 1480 625 illum
1527 557 1978 646 inspectorem
2036 557 2266 626 cordis
2316 558 2592 627 humani
2622 558 2890 648 cogitaret,

458 643 654 714 1llum
700 645 976 734 penitus
1026 656 1449 734 praesentem
1507 645 1689 715 haud
1732 646 2032 736 segniter
2077 646 2487 727 observaret,
2540 646 2707 716 illius
2744 650 2898 717 caasa

362 752 367 755 ·
455 733 748 802 vestium
796 732 1110 803 decorem
1144 788 1160 814 ,
1213 735 1444 804 carnis
1494 733 1834 804 lenocinia
1866 789 1881 816 ,
1940 735 2183 804 mundi
2234 736 2589 805 vanitatem
2634 735 2902 824 abjiceret,

458 821 908 911 proculcaret,
957 834 1441 892 contemneret.
1499 823 1764 893 Votivas
1809 824 2117 910 quotidie
2165 845 2400 913 preces
2450 829 2573 893 Deo
2615 823 2902 896 fundebat:

453 932 631 998 quas
669 910 971 980 interdiu
1019 912 1074 981 si
1126 911 1451 1000 quopiam
1510 911 1839 1001 impedita
1890 913 2159 1003 negotio
2207 913 2707 992 intermisisset,
2755 925 2902 981 noctu

454 998 901 1089 persolvebat.
932 1004 1256 1069 Sanctum
1283 1000 1613 1070 Joannem
1643 1000 2064 1090 Apostolum,
2095 1017 2362 1091 praeter
2391 1015 2677 1072 caeteros
2705 1022 2897 1077 carum,
2929 1036 2930 1043 κ

459 1088 592 1160 sibi
630 1089 898 1177 patroni
933 1088 1078 1158 loco
1112 1088 1476 1190 delegerat,
1508 1090 1768 1159 imitata
1800 1090 2116 1179 pietatem
2145 1091 2698 1171 Christianorum,
2722 1090 2898 1177 quibus

458 1178 861 1269 singulatim
900 1177 1152 1268 eligere
1189 1176 1489 1265 aliquem
1524 1199 1562 1247 e
1607 1189 1806 1248 coetu
1842 1178 2270 1268 Apostolico,
2317 1200 2525 1267 quem
2578 1178 2892 1248 familiarius

458 1266 784 1336 clientum
836 1288 1024 1335 more
1057 1266 1305 1347 colant,
1340 1267 1769 1337 consuetudo
1801 1282 1922 1337 est.
1977 1272 2068 1337 Ne
2105 1282 2328 1337 tamen
2370 1267 2713 1337 electionis
2737 1280 2890 1336 evena

454 1356 564 1445 (ut
611 1354 890 1443 assolet)
940 1355 1219 1436 incert0,
1274 1356 1436 1443 quia
1487 1369 1666 1426 sorte
1705 1357 2074 1447 agebatur,
2130 1356 2344 1425 aliurn
2395 1378 2597 1444 quam
2653 1363 2884 1425 Joanm

458 1444 973 1513 nancisceretur
1000 1498 1015 1526 ,
1078 1446 1453 1533 praemissa
1502 1444 1585 1513 ad
1642 1449 1849 1514 Deum
1902 1465 2103 1535 prece
2134 1445 2379 1526 effecit,
2423 1458 2503 1515 ut
2546 1466 2744 1531 quem
2781 1463 2875 1515 su·

461 1553 738 1622 mopere
772 1532 1057 1613 volebat,
1112 1532 1347 1613 semel,
1407 1533 1793 1621 iterumque
1839 1555 1920 1602 ac
1954 1534 2149 1604 tertio
2187 1535 2564 1604 sortiretur.
2622 1528 2872 1619 cujum·

455 1642 741 1710 compos
788 1621 1070 1701 effecta,
1138 1621 1308 1690 adeo
1370 1621 1606 1691 dilexit
1663 1622 2011 1709 coluitque
2058 1623 2383 1713 adeptum
2418 1675 2438 1703 ,
2507 1635 2584 1692 ut
2628 1623 2712 1692 ob
2766 1620 2878 1711 ism

462 1731 712 1779 nornen
768 1710 1172 1779 meritumve
1220 1710 1648 1798 rogantibus,
1690 1711 1859 1779 nihil
1900 1710 2078 1780 dene
2127 1710 2387 1781 andum
2438 1723 2726 1802 putaret.
2762 1715 2888 1779 Bm

459 1798 608 1867 dies
660 1819 781 1888 pro
832 1798 1092 1898 ingenii
1160 1798 1440 1869 modulo
1508 1800 1822 1889 religiose
1867 1734 2245 1870 admogum
2297 1804 2705 1902 peragebat,
2761 1800 2887 1867 iutt

455 1887 669 1977 (quod
722 1909 802 1956 ea
839 1886 969 1956 fuit
1022 1900 1236 1957 aetate
1280 1887 1580 1976 mirum)
1628 1909 1897 1977 semper
1941 1888 2203 1976 aliquid
2256 1889 2387 1958 stbi
2427 1889 2513 1959 de
2549 1902 2780 1958 ornatu
2811 1904 2892 1953 aar

460 1975 735 2065 pusculi
765 1976 1195 2064 decerperet:
1250 1977 1475 2045 sciens
1528 1981 1656 2045 Deo
1698 1989 1990 2046 mentem
2032 1978 2277 2067 magis,
2315 1998 2526 2065 quam
2566 1991 2792 2046 vestem
2815 1973 2890 2063 plt-

457 2086 655 2145 cere,
708 2066 1300 2153 acceptioremque
1345 2066 1661 2133 animum
1710 2087 1899 2146 esse,
1955 2066 2076 2134 reli
2134 2066 2310 2135 ionis
2358 2066 2590 2135 studio
2637 2064 2890 2135 deditum.

456 2175 666 2241 quam
719 2175 993 2243 corpus,
1049 2154 1475 2243 margaritis,
1535 2175 1866 2243 purpura,
1923 2154 2082 2244 lapil
2120 2157 2210 2235 is,
2256 2152 2565 2242 auroque
2616 2170 2680 2225 et
2711 2160 2889 2245 argent!

459 2241 1000 2333 praefulgidum.
1056 2242 1342 2311 Proinde
1397 2242 1946 2312 chirothecarum
1997 2265 2203 2313 usum
2271 2245 2608 2334 tantisper
2664 2245 2892 2333 intermit-

460 2331 690 2416 tebat,
758 2331 924 2401 dum
986 2351 1091 2399 res
1139 2331 1374 2400 divina
1421 2331 1925 2420 compleretur,
1984 2332 2218 2402 volens
2277 2331 2503 2402 officio
2553 2344 2892 2426 quantumvis

461 2442 671 2511 parvo
736 2421 1220 2491 consuetudini
1283 2443 1447 2490 suae
1513 2421 1775 2508 aliquid
1824 2420 2180 2491 detrahere
2213 2476 2229 2501 ,
2299 2438 2378 2492 et»
2428 2421 2744 2492 voluntati
2780 2409 2928 2486 aliud,

460 2507 804 2588 suadenti,
863 2531 984 2598 pro
1019 2514 1150 2579 Deo
1188 2510 1609 2579 contrarium
1647 2511 1978 2600 ingerere.
2038 2510 2326 2580 Puellari
2371 2511 2532 2580 lusu
2571 2506 2894 2603 praepeditae

460 2599 519 2668 si
557 2597 836 2685 quando
883 2597 1155 2667 fortuna
1205 2598 1440 2668 laetior
1485 2598 1906 2686 adspirabat‚
1961 2599 2372 2670 cessandum
2421 2600 2557 2669 sibi
2603 2619 2789 2682 ocyus
2815 2611 2894 2680 aje-

460 2687 619 2767 bat,
674 2686 1232 2773 quandoquidem
1290 2687 1737 2775 prosperioris
1785 2710 1994 2757 aurae
2046 2688 2559 2758 demulceretur
2610 2682 2892 2782 afflatu3lt

459 2776 749 2848 choreis.
803 2797 976 2862 quas
1028 2777 1235 2844 vitare
1283 2798 1416 2845 non
1472 2789 1752 2864 poterat,
1808 2775 2016 2846 semel
2068 2776 2547 2847 tantummodo
2594 2778 2894 2846 circumis&

459 2877 797 2944 contenta,
851 2866 1016 2933 satis
1049 2886 1196 2934 esse
1228 2863 1543 2934 dicebat:
1600 2885 1737 2934 uno
1787 2886 1859 2935 se
1907 2886 2076 2955 gyro
2114 2866 2355 2935 [nundi
2388 2864 2783 2935 amatoribus
2806 2876 2894 2946 ges·

460 2953 633 3021 sisse
668 2974 951 3033 morem,
989 2952 1287 3040 reliquos
1317 2953 1403 3023 ob
1435 2952 1682 3022 Christi
1731 2974 2035 3023 amorem
2067 2955 2644 3024 intermissuram.
2678 2958 2762 3022 Ita
2790 2963 2894 3033 quo·

464 3039 722 3110 tidiano
757 3041 966 3111 ferme
998 3043 1334 3122 exercitio,
1369 3057 1433 3111 et
1462 3041 1805 3111 affectioni
1839 3042 2169 3112 aliorsum
2207 3064 2584 3132 propensae
2611 3032 2890 3136 renitendo.

455 3140 523 3200 et
552 3128 1012 3200 dissolutioris
1047 3130 1218 3200 vitae
1251 3130 1633 3200 laxamenta
1683 3129 2121 3211 declinando,
2165 3130 2252 3201 ad
2291 3133 2552 3222 maiora
2582 3131 2893 3199 christianae

464 3219 732 3309 pietatis
764 3218 990 3287 officia
1026 3231 1239 3289 semet
1272 3219 1696 3309 subrigebat.
2619 3264 2630 3272 ·
2806 3300 2815 3310 ‚

548 3310 584 3395 ξ
628 3312 717 3379 8.
774 3308 1211 3377 Educabatur
1250 3330 1391 3378 una
1419 3330 1578 3377 cum
1613 3308 1954 3379 Elisabeth
1987 3313 2229 3398 AgneS,
2284 3330 2478 3378 soror
2508 3304 2742 3398 sponsi,
2772 3312 2892 3383 vtrg⁰

457 3395 832 3466 admodum
880 3396 1136 3484 pulcra.
1193 3402 1379 3480 Quae
1429 3396 1606 3466 duae
1654 3397 1820 3465 dum
1871 3396 1954 3465 ad
2001 3397 2359 3467 ecclesiam
2410 3397 2701 3467 eundum
2741 3396 2886 3458 esset,

458 3486 607 3577 pari
642 3486 928 3555 vestium
972 3498 1218 3555 ornatu
1256 3485 1636 3565 decoratae,
1686 3485 1971 3574 parique
2017 3505 2431 3556 coronarum
2460 3540 2476 3565 ,
2528 3480 2780 3576 gemmis
2816 3491 2889 3539 au·

461 3595 671 3661 roque
722 3572 1158 3664 fulgentium,
1217 3576 1587 3644 instructae
1622 3576 2026 3664 gestamine,
2065 3576 2390 3664 Sophiam
2443 3571 2664 3665 sponsi
2693 3575 2888 3654 matrem

462 3663 730 3733 modico
778 3662 1133 3731 intervallo
1181 3663 1289 3753 (ut
1332 3663 1670 3732 nobilium
1716 3684 1863 3731 mos
1917 3662 2049 3752 est)
2093 3659 2599 3733 antecedebant.
2647 3663 2887 3745 IngresSJS

458 3752 818 3840 templum,
873 3773 1193 3820 coronam
1238 3752 1582 3822 Elisabeth
1631 3751 1989 3821 confestim
2041 3751 2447 3842 deponebat,
2502 3764 2684 3837 atque
2706 3733 2888 3812 tamdiu

461 3840 834 3931 inglorium
870 3842 1191 3909 verticem
1242 3838 1598 3909 ostendere
1639 3824 2134 3930 perseverabat,
2188 3841 2415 3928 quoad
2469 3842 2596 3909 ritu
2630 3838 2881 3912 sacrorum

459 3928 824 4019 completO,
862 3927 1145 3999 domum
1193 3928 1414 3998 redire
1470 3929 1900 4001 monebatur.
1953 3929 2145 4012 Quod
2206 3951 2364 3998 cum
2431 3912 2882 4020 Sophiae&elau

461 4031 713 4088 temere
743 4017 1023 4098 factum,
1066 4018 1502 4087 vehementer
1534 4017 1951 4108 displiceret,
2011 4020 2434 4107 percontanti
2464 4016 2800 4108 causatum
2824 4014 2881 4065 Ν·

463 4107 741 4197 spondit
772 4106 1157 4176 Elisabeth:
1194 4129 1230 4172 «
1269 4106 1454 4175 Absit
1482 4127 1522 4175 a
1558 4128 1664 4176 me
1699 4118 1885 4176 tanta
1927 4105 2162 4198 procul
2200 4108 2534 4196 impietas,
2564 4115 2632 4172 ut
2652 4091 2880 4173 ib1capu¹

466 4217 693 4265 meum
730 4195 972 4264 turrito
1020 4195 1199 4264 fastu
1251 4196 1586 4280 micantis¹
1616 4216 1909 4265 coronae
1957 4196 2330 4284 superbiat,
2366 4195 2485 4265 ubi
2518 4198 2696 4278 caput
2731 4176 2878 4264 Sfllfflf

468 4284 629 4350 toris
663 4283 792 4350 mei
830 4284 1051 4372 spinis
1085 4296 1485 4352 coronatum
1522 4286 1764 4354 acerbe
1797 4285 2312 4374 compungitur.
2340 4307 2377 4350 »
2400 4289 2490 4353 Ita
2516 4283 2639 4368 jam
2675 4287 2793 4361 tunc
2813 4257 2874 4325 dl·

471 4371 623 4437 vina
658 4370 957 4439 charitas
1001 4373 1067 4439 in
1104 4384 1291 4441 casta
1329 4372 1656 4462 puellaris
1705 4374 1921 4442 animi
1966 4372 2385 4464 praecordia,
2421 4359 2873 4442 animadversmne
2921 4383 2922 4470 {
