2993 4837
513 333 642 396 438
1331 348 1408 393 ns
1457 348 1513 393 s.
1566 346 1844 394 marino
1897 347 2057 429 rffirA
2658 329 2826 395 Not.
2868 330 2924 392 {3

426 434 627 504 sicuti
664 430 998 520 praefecto
1039 431 1371 518 jussistis,
1423 454 1579 499 cum
1638 453 1745 499 me
1792 430 1890 498 illi
1933 430 2308 505 traderetis.
2355 453 2490 501 non
2542 433 2929 503 communico

428 522 766 591 Ecclesiae
815 520 1628 609 Constantinopolitanae.
1686 525 1853 589 Ecce
1902 520 2011 587 hic
2062 542 2241 601 sum,
2296 521 2690 589 examinate
2742 541 2851 599 me,
2886 530 2929 587 et

428 623 689 710 tentate·
725 622 789 679 et
838 609 1194 677 invenietis
1242 610 1705 698 experimento
1757 609 2046 698 gratiam
2105 610 2218 677 Dei
2265 622 2331 679 et
2392 608 2708 677 fidelium
2764 630 2929 678 servo·

428 721 583 769 rum
632 721 805 789 ejus.
840 722 876 765 »

515 791 550 874 ξ
602 793 761 859 23.
816 788 1099 856 Interim
1151 791 1196 855 P
1250 786 1456 854 rrhus
1506 786 1573 854 in
1631 785 1933 855 medium
2002 787 2226 867 venit,
2280 787 2395 872 qui
2450 787 2650 855 toties
2700 786 2935 855 anathe-

431 876 791 946 matizatus
824 888 947 955 est,
983 889 1047 946 et
1080 899 1174 946 nu
1230 888 1384 944 atus
1424 876 1682 944 honore
1715 875 1970 944 divino.
2009 874 2441 965 Stupefactus
2481 889 2717 944 autem
2756 880 2935 944 Demo-

425 966 700 1035 sthenes
749 966 1119 1055 rescriptor
1149 1020 1163 1041 ,
1217 977 1281 1032 et
1328 962 1685 1033 admirans
1736 986 1943 1053 super
1992 964 2379 1034 constantia
2435 978 2645 1051 atque
2690 963 2933 1034 audacia

429 1055 805 1124 beatissimi
855 1060 1076 1144 Papae
1110 1053 1378 1122 Martini
1433 1075 1553 1140 pro
1604 1053 1866 1121 Christo
1917 1052 2083 1121 velle
2133 1053 2515 1122 voluntarie
2551 1055 2775 1121 mori:
2819 1052 2937 1140 quia

427 1144 510 1212 ad
572 1143 699 1211 hoc
751 1144 1013 1231 positus
1079 1155 1223 1212 erat
1285 1141 1460 1210 calix
1513 1142 1854 1231 passionis
1889 1197 1903 1222 ,
1958 1156 2236 1231 accepto
2287 1141 2626 1210 libellario
2675 1142 2935 1211 seriatim

425 1232 658 1300 omnia
706 1253 882 1318 quae
931 1255 967 1301 a
1025 1233 1219 1301 beato
1277 1236 1448 1319 Papa
1515 1231 1696 1299 dicta
1752 1243 1969 1309 erant,
2031 1231 2452 1310 scribentes,
2520 1242 2931 1300 recesserunt

427 1321 606 1390 Fecit
640 1333 865 1389 autem
919 1320 1172 1389 athleta
1207 1318 1450 1388 Christi
1487 1320 1820 1389 Martinus
1853 1320 1922 1388 in
1974 1319 2209 1387 eodem
2257 1319 2602 1388 Diomedis
2635 1318 2934 1410 ergastulo

425 1410 765 1497 octoginta
800 1410 1106 1496 quinque
1137 1408 1307 1487 dies,
1349 1420 1499 1497 post
1535 1408 1793 1497 primos
1830 1409 2199 1498 nonaginta
2236 1422 2393 1487 treS,
2425 1409 2552 1477 hoc
2577 1421 2706 1487 est,
2744 1430 2887 1478 omn

428 1497 634 1567 simul
678 1511 951 1566 centum
1004 1497 1436 1587 septuaginta
1463 1498 1793 1584 quinque.
1849 1498 1969 1567 His
2010 1499 2394 1581 transactis,
2434 1499 2621 1566 venit
2651 1497 2937 1587 Sagolebt

425 1586 652 1655 scriba
686 1585 921 1655 dicens
962 1586 1047 1654 ad
1101 1588 1372 1655 beatum
1426 1587 1894 1674 Episcopum:
1950 1609 1983 1651 «
2016 1587 2295 1655 ,Iussum
2347 1598 2448 1653 est
2490 1586 2665 1654 mihi
2719 1587 2864 1655 aufe

427 1688 488 1744 te
532 1674 715 1756 hinc,
761 1687 826 1743 et
858 1675 1111 1744 ducere
1145 1677 1212 1742 in
1246 1674 1528 1743 domum
1570 1696 1815 1753 meam,
1871 1688 1935 1743 et
1987 1688 2135 1764 post
2182 1674 2356 1744 duos
2391 1675 2536 1744 dies
2571 1675 2864 1765 dirigere
2896 1684 2935 1742 te

426 1786 563 1850 quo
588 1764 872 1853 jusserit
906 1764 1327 1833 sacellarius.
1370 1786 1404 1827 »
1440 1764 1888 1853 Interrogavit
1925 1776 2153 1832 autem
2199 1765 2439 1833 beatus
2482 1766 2819 1833 Martinus
2844 1780 2935 1848 qun

425 1852 789 1922 ducendus
837 1867 1033 1932 esset,
1087 1865 1150 1922 et
1201 1854 1267 1920 in
1320 1873 1522 1938 quem
1578 1851 1831 1931 locum,
1887 1852 2004 1920 sed
2057 1851 2172 1921 ille
2221 1852 2442 1921 noluit
2472 1854 2534 1920 ei
2565 1852 2817 1922 dicere.
2848 1858 2935 1920 Ro·

475 1941 632 2010 abat
665 1954 889 2011 autem
928 1964 1111 2022 eum,
1151 1954 1226 2011 ut
1257 1942 1598 2010 sineretur
1630 1942 1699 2009 in
1734 1941 1969 2010 eadem
2005 1941 2343 2021 custodia,
2381 1963 2750 2028 quousque
2786 1963 2883 2010 exs

453 2043 704 2111 aretur,
759 2043 823 2099 et
870 2030 951 2098 ad
1008 2031 1245 2099 horam
1296 2029 1678 2098 auferretur
1711 2029 1795 2098 de
1825 2030 2173 2099 custodia:
2230 2052 2353 2098 nec
2406 2029 2533 2098 hoc
2575 2046 2933 2099 concessum

424 2133 524 2188 est
571 2119 653 2188 ei.
709 2120 896 2189 Circa
945 2141 1263 2188 occasum
1316 2140 1472 2186 vero
1523 2118 1688 2188 solis
1738 2118 2146 2189 venerabilis
2197 2124 2375 2206 Papa
2432 2120 2764 2188 Martinus
2806 2116 2933 2187 dixit

424 2208 534 2278 his
567 2209 683 2295 qui
716 2221 909 2278 erant
942 2209 1011 2276 in
1052 2206 1440 2298 ergastulo:
1495 2229 1529 2271 «
1575 2208 1906 2287 Accedite‚
1961 2208 2226 2286 fratreS‚
2269 2205 2931 2293 valefaciamuS,qui1

423 2318 578 2366 ecce
615 2319 798 2366 nunc
833 2297 1072 2375 aderit,
1111 2297 1228 2384 qui
1265 2297 1524 2364 auferet
1567 2318 1674 2363 me
1709 2296 1895 2365 hinc.
1934 2320 1968 2363 »
2005 2301 2081 2365 Et
2131 2297 2296 2365 haec
2329 2296 2599 2365 dicente
2645 2317 2748 2375 ρο,
2791 2295 2933 2365 bihe-

427 2401 588 2456 runt
635 2387 916 2476 singuli,
970 2386 1322 2456 charitatis
1352 2387 1587 2466 causa,
1632 2384 1941 2454 calicem.
1977 2391 2365 2476 Exsurgens
2408 2387 2509 2453 vir
2550 2384 2933 2456 venerandus

425 2497 581 2544 cum
619 2476 835 2544 multa
868 2477 1251 2545 constantia
1281 2488 1483 2560 atque
1524 2475 1900 2563 gratiarum
1938 2476 2204 2544 actione
2242 2475 2412 2543 dixit
2457 2475 2541 2542 ad
2595 2497 2809 2544 unum
2850 2493 2931 2540 oc·

423 2564 851 2632 currentium
889 2564 1212 2654 dilectum
1252 2564 1406 2642 sibi,
1444 2564 1563 2650 qui
1598 2575 1743 2632 erat
1792 2563 1883 2631 ibi
1919 2587 1931 2630 :
1989 2587 2023 2629 «
2054 2564 2240 2642 Veni,
2294 2563 2574 2632 domine
2624 2564 2839 2640 frater,
2872 2559 2929 2646 ῴ

427 2653 598 2720 mihi
631 2675 952 2741 pacem.»
989 2659 1194 2721 Erant
1218 2653 1478 2741 quippe
1523 2653 1589 2718 in
1623 2651 1739 2719 illa
1770 2652 1931 2720 hora
1978 2652 2372 2740 praecordia
2402 2652 2635 2721 fratris
2664 2652 2856 2730 illius,
2880 2657 2933 2716 ut

423 2741 761 2820 existimo,
823 2742 997 2810 sicut
1050 2740 1372 2832 discipuli
1427 2739 1618 2809 illius
1652 2742 1771 2827 qui
1808 2741 1974 2809 vidit
2020 2743 2381 2810 Dominum
2434 2742 2502 2808 in
2562 2763 2765 2810 cruce
2808 2759 2925 2826 pen·

424 2829 721 2897 dentem.
759 2835 1064 2916 Cumque
1098 2829 1412 2899 osculum
1451 2829 1804 2916 praeberet
1837 2830 2273 2898 sanctissimo
2310 2834 2529 2919 Papae
2569 2853 2728 2919 prae
2758 2827 2923 2898 nimia

426 2918 782 2987 charitatis
830 2918 1251 2987 abundantia
1313 2919 1791 3007 copiosissime
1857 2919 2033 2987 inter
2082 2941 2154 2986 se
2216 2918 2561 3006 lacrymas
2626 2919 2923 2988 fuderunt.

427 3010 677 3076 Omnes
734 3029 887 3076 vero
936 3009 1052 3093 qui
1102 3007 1385 3076 aderant
1437 3007 1812 3075 lamentum
1872 3007 2174 3075 terribile
2236 3007 2600 3075 faciebant.
2658 3009 2927 3076 Anxiatus

425 3095 495 3162 in
541 3095 667 3162 hoc
704 3096 803 3163 vir
841 3098 1101 3164 Domini
1157 3097 1511 3174 Martinus,
1568 3118 1806 3162 screno
1850 3096 2040 3164 vultu
2076 3096 2427 3185 flagitabat
2458 3118 2702 3165 omnes
2737 3118 2808 3164 ne
2833 3095 2926 3159 hoc

427 3183 722 3252 facerent
762 3208 775 3262 ;
829 3198 891 3251 et
944 3186 1282 3274 impositis
1315 3185 1821 3253 venerabilibus
1857 3185 2179 3253 manibus
2219 3185 2365 3253 suis
2405 3208 2617 3272 super
2647 3185 2925 3253 cervicem

425 3272 655 3341 fratris
712 3273 940 3352 nlius,
997 3274 1385 3352 subridens,
1441 3275 1577 3341 ait:
1635 3278 1885 3342 «Bona
1936 3287 2093 3343 sunt
2143 3274 2330 3352 llaec,
2385 3273 2665 3342 domine
2714 3274 2919 3341 frater:

427 3362 594 3430 haec
646 3376 807 3430 sunt
854 3374 1264 3452 opportuna,
1319 3376 1383 3430 et
1433 3375 1492 3431 te
1543 3384 1673 3430 non
1726 3375 1988 3452 oportet
2021 3363 2205 3443 flere,
2246 3362 2360 3430 sed
2418 3363 2641 3453 magis
2724 3359 2923 3428 audere

428 3473 636 3540 super
688 3473 815 3518 me.
854 3475 890 3517 »
941 3452 1030 3520 Ad
1084 3473 1284 3537 quem
1323 3449 1507 3518 illico
1546 3473 1702 3519 cum
1739 3450 1968 3520 cordis
1999 3452 2405 3522 contritione
2442 3450 2646 3520 frater
2676 3453 2690 3517 i
2726 3452 2780 3519 le
2805 3447 2923 3541 pius

427 3539 826 3629 respondit:
882 3562 917 3606 «
957 3545 1130 3609 Deus
1182 3541 1384 3620 novit,
1441 3538 1696 3608 famule
1729 3540 1999 3620 Christi,
2046 3540 2258 3609 laetor
2289 3541 2355 3608 in
2394 3540 2637 3629 gloria,
2679 3539 2819 3625 quia
2844 3532 2923 3599 dt·

425 3642 678 3717 gnatus
727 3641 826 3698 est
875 3628 1183 3698 Christus
1229 3633 1421 3696 Deus·
1459 3641 1686 3697 noster
1728 3641 2002 3717 propter
2052 3650 2296 3696 nomen
2341 3650 2548 3698 suum
2604 3639 2913 3697 sanctum.

431 3717 596 3785 haec
648 3731 708 3786 te
756 3717 987 3785 omnia
1042 3718 1223 3805 pati:
1279 3717 1394 3785 sed
1438 3716 1775 3785 lamentor
1817 3717 2125 3786 omnium
2181 3717 2654 3806 perditionem.
2693 3739 2725 3779 »
2771 3709 2919 3811 Salu-

431 3818 650 3875 tantes
705 3827 866 3895 ergo
914 3827 1069 3874 eum
1110 3861 1124 3886 ‚
1192 3826 1431 3874 omnes
1495 3819 1964 3874 recesserunt:
2023 3807 2299 3875 veniens
2358 3818 2583 3874 autem
2648 3814 2912 3872 conttnuss

426 3895 676 3974 scriba,
713 3908 776 3963 et
815 3893 1134 3964 auferens
1163 3916 1348 3972 eum,
1388 3893 1622 3962 intulit
1663 3895 1728 3961 in
1773 3894 2056 3963 domum
2091 3917 2312 3963 suam.
2374 3895 2635 3962 Dictum
2677 3901 2910 3971 estergo

423 3985 588 4070 quia
637 3983 704 4050 in
751 3982 1162 4052 Chersonam
1202 3983 1500 4051 insulam
1542 3983 1577 4016 ⁴
1607 3982 1981 4051 exsulatur.
2802 4061 2813 4072 ι

515 4075 550 4158 ξ
589 4076 740 4142 221.
797 4077 948 4140 Post
999 4094 1256 4160 paucos
1302 4084 1530 4140 autem
1584 4069 1731 4139 dies
1766 4072 1911 4160 ipse
1946 4071 2428 4140 sanctissimus
2461 4084 2524 4139 et
2552 4062 2907 4159 Apostolum}

425 4162 571 4239 vir,
638 4173 1059 4229 transvectus
1107 4174 1208 4229 est
1259 4161 1529 4251 navigio
1579 4160 1756 4228 clam
1810 4161 1877 4228 in
1930 4158 2301 4249 praefatam
2370 4158 2658 4229 insulam
2702 4153 2781 4219 ”0
2834 4145 2901 4215 1b¹

480 4354 504 4378 ¹⁸
536 4352 726 4392 Scilicet
753 4355 802 4392 in
833 4354 1176 4394 Chersonesum
1201 4356 1460 4400 Tauricam.
1475 4366 1596 4405 quae
1613 4366 1738 4396 nunc
1757 4355 1934 4398 Crimen
1952 4357 2159 4397 vocatur.
2186 4356 2272 4400 Ibi.
2303 4354 2349 4396 in
2372 4353 2573 4396 vinculis
2591 4345 2905 4394 cuawdiebflnm

424 4404 751 4444 sceleratiores
773 4408 1047 4455 pejoresque
1071 4408 1298 4446 hominos.

479 4457 531 4484 *θ
560 4456 628 4494 Ad
646 4456 775 4496 illam
795 4460 998 4498 insulam
1021 4461 1204 4507 appulit
1227 4461 1302 4500 die
1325 4462 1375 4499 15
1395 4462 1507 4510 maji
1528 4462 1638 4500 anni
1658 4463 1747 4501 655.
