2993 4837
501 262 628 324 560
1147 278 1225 323 DE
1274 278 1327 323 s,
1382 277 1693 323 GREGORIO
1742 274 2209 323 Tmumruaco
2629 245 2890 323 ³«)va

416 363 642 453 stagni
693 361 884 450 ripiS,
929 374 993 430 et
1044 374 1247 430 totam
1305 377 1568 430 noctem
1633 384 1845 452 agens
1896 363 2307 442 insomnem,
2370 362 2530 431 fecit
2604 359 2900 447 quoddam

416 452 785 520 Mosaicum
841 452 907 518 in
969 472 1144 536 aqua
1199 449 1642 531 miraculum,
1713 473 1844 519 non
1919 452 2058 519 ictu
2121 452 2348 540 virgae
2407 448 2904 539 profundumiu

416 542 590 610 duas
644 550 866 629 partes
917 540 1271 618 scindens,
1317 540 1431 607 sed
1484 562 1633 607 eam
1686 552 1891 608 totam
1947 552 2296 625 tamquam
2351 554 2608 608 terram
2664 536 2910 606 consoli·

418 629 615 707 danS,
651 628 869 695 effecit
898 629 1357 696 continentem
1398 628 1599 783 plane
1648 629 1938 707 aridam,
1984 643 2047 696 et
2078 629 2267 697 omni
2313 629 2612 697 humore
2645 648 2907 703 vacuam,

418 731 495 786 ut
538 740 618 785 ne
669 718 734 784 in
787 738 950 783 cavo
1004 717 1282 802 quidem
1348 717 1492 785 ulo
1550 717 1730 785 ullas
1788 717 2029 785 habeat
2081 739 2300 803 aquae
2350 717 2738 803 reliquias,
2787 734 2918 800 quae

422 820 577 875 ante
626 806 999 874 orationem
1061 806 1278 874 instar
1318 806 1538 894 pelagi
1592 806 2004 874 exundabat.
2041 811 2252 891 Atque
2307 806 2422 875 ille
2475 805 2768 892 quidem
2803 824 2918 870 cum

422 896 650 963 divina
706 906 1030 983 potestate
1071 895 1249 963 banc
1297 894 1564 963 tulisset
1606 895 2036 971 sententiam,
2097 917 2341 963 rursus
2383 896 2685 963 domum
2727 892 2920 959 rediit:

421 983 971 1052 adolescentibus
1020 996 1272 1058 autem,
1329 983 1459 1051 lata
1504 984 1699 1053 factis
1744 985 1914 1072 ipsis
1956 985 2315 1075 sententia.
2361 984 2656 1051 diremit
2695 996 2928 1048 conten·

424 1074 701 1141 tionem.
749 1076 909 1138 Cum
963 1073 1145 1140 enim
1201 1072 1263 1139 id
1321 1094 1450 1138 non
1510 1086 1708 1151 esset,
1752 1095 1870 1160 pro
1911 1094 2047 1158 quo
2097 1072 2353 1140 bellum
2416 1074 2599 1140 inter
2659 1092 2736 1138 se
2785 1090 2929 1155 para»

425 1163 626 1239 bant,
685 1182 813 1249 pax
862 1161 1031 1228 iram
1104 1175 1203 1228 est
1256 1176 1663 1237 consecuta,
1723 1173 1786 1229 et
1859 1183 2097 1230 rursus
2162 1176 2405 1229 natura
2479 1162 2667 1229 inter
2741 1158 2926 1225 fratres

425 1250 611 1318 dedit
642 1250 746 1316 sui
785 1248 1383 1338 significationem.
1423 1255 1508 1317 Ac
1543 1264 1704 1317 tunc
1739 1272 2010 1335 quoque
2043 1249 2315 1317 divinae
2359 1250 2554 1318 illius
2598 1248 2922 1318 sententiae

334 1362 341 1369 ·
428 1339 583 1407 licet
614 1338 839 1405 videre
873 1340 1067 1427 signa
1100 1338 1460 1406 evidentia.
1498 1344 1661 1407 Nam
1698 1340 1874 1406 circa
1916 1339 2007 1417 id,
2039 1338 2218 1423 quod
2255 1339 2418 1406 olim
2455 1339 2588 1407 fuit
2619 1352 2916 1425 stagnum,

335 1464 341 1471 ·
424 1428 493 1496 in
540 1427 944 1495 hodiernum
998 1427 1177 1493 diem
1216 1442 1575 1495 servantur
1608 1427 1835 1514 aliqua
1874 1427 2154 1515 vestigia
2192 1450 2411 1513 aquae
2449 1424 2912 1496 inundationis,

428 1516 764 1602 Quicquid
817 1529 1040 1583 autem
1095 1529 1238 1583 erat
1285 1538 1502 1601 aquae
1557 1515 2013 1603 profundum,
2083 1516 2146 1582 id
2204 1531 2415 1585 totum
2469 1531 2573 1584 est
2627 1530 2926 1583 transma-

431 1619 670 1684 tatum,
729 1617 804 1672 ut
864 1604 1041 1689 quod
1096 1627 1129 1672 a
1184 1604 1413 1685 silvis,
1476 1605 1724 1692 pratis,
1780 1606 1964 1694 agris
2014 1617 2078 1672 et
2127 1604 2550 1673 habitatione
2607 1605 2706 1673 sit
2771 1620 2908 1669 oca-

432 1707 693 1783 patum.
868 1716 871 1719 ·

519 1785 552 1868 §
602 1786 747 1852 18.
792 1781 1087 1850 Alterum
1141 1795 1365 1848 autem
1404 1780 1553 1865 ejus
1606 1795 1753 1869 post
1795 1782 1920 1848 boc
1962 1780 2093 1848 tale
2134 1781 2548 1849 miraculum
2586 1779 2924 1850 ostenditur

431 1883 495 1938 et
549 1884 983 1938 memoratur.
1043 1869 1333 1951 Quidam
1387 1870 1567 1957 apud
1640 1892 1755 1937 eos
1814 1871 2068 1938 fluvius
2123 1872 2546 1957 praeterfluit
2598 1871 2914 1959 regionem.

432 1960 583 2048 ipso
634 1960 909 2026 nornine
966 1959 1303 2037 indicans,
1360 1980 1566 2044 quam
1623 1960 1709 2026 sit
1746 1981 2066 2046 asperum
2120 1972 2183 2029 et
2244 1958 2546 2025 immane
2601 1960 2916 2045 fluentant.

434 2053 656 2136 Lycus
702 2048 734 2079 ¹*
769 2049 949 2115 enim
1007 2049 1424 2126 nominatur,
1460 2047 1639 2132 quod
1695 2048 1780 2114 sit
1816 2048 2065 2115 accolis
2118 2048 2383 2115 noxius.
2424 2052 2490 2115 Is
2543 2049 2642 2115 vel
2693 2070 2772 2116 ex
2804 2046 2916 2127 ipsis

434 2138 711 2223 quidem
752 2137 1104 2204 Armeniae
1154 2136 1457 2205 fontibus
1509 2135 1861 2203 descendit
1903 2159 2061 2204 cum
2104 2157 2354 2222 magno
2404 2158 2627 2221 aquae
2681 2139 2908 2220 impetn,

434 2249 591 2295 cuin
658 2248 773 2314 per
826 2238 1109 2301 montes,
1146 2224 1262 2309 qui
1313 2226 1372 2291 ei
1422 2226 1959 2311 supereminent,
2008 2224 2268 2311 lapsus,
2324 2227 2682 2314 copiosum
2753 2224 2916 2291 fluen-

438 2327 579 2384 tum
632 2314 1041 2403 suppeditet.
1098 2319 1260 2380 Cum
1307 2314 1371 2381 in
1410 2314 1728 2383 concavis
1775 2327 2001 2381 autem
2054 2313 2217 2380 locis
2259 2314 2495 2381 subter
2538 2308 2914 2404 praecipitia—

438 2427 591 2473 rum
641 2403 902 2472 radices
959 2401 1267 2489 undique
1327 2402 1884 2492 praeterlabatur,
1943 2402 2250 2471 hibernis
2303 2403 2721 2472 torrentibus
2771 2401 2916 2476 tone

437 2493 661 2561 evadit
689 2493 1065 2569 violentior,
1091 2514 1265 2577 quae
1298 2493 1660 2559 confluunt
1684 2514 1718 2558 e
1749 2492 2120 2569 montibUS,
2150 2513 2366 2576 aquas
2399 2494 2467 2558 in
2500 2516 2570 2562 se
2599 2490 2912 2581 excipiens·

440 2587 601 2650 Cum
642 2604 795 2648 vero
844 2583 893 2648 it
934 2581 1181 2669 supina
1230 2594 1293 2648 et
1352 2580 1624 2660 humili,
1664 2602 1868 2666 quam
1929 2581 2370 2667 praeterfluit,
2433 2582 2730 2670 regione,
2770 2591 2913 2659 saepe

440 2670 587 2739 suis
628 2670 1059 2758 marginibus
1107 2684 1395 2758 anguste
1439 2673 1887 2748 coerceretur,
1935 2669 2001 2735 in
2056 2669 2286 2754 aliqua
2334 2684 2524 2759 parte
2568 2672 2714 2758 ripa
2759 2666 2918 2736 effun-

439 2758 751 2834 debatur,
814 2780 1014 2847 agros
1089 2780 1326 2826 omnes
1377 2759 1745 2844 subjectos,
1816 2769 1888 2856 et
1944 2757 2274 2844 quicquid
2350 2771 2496 2826 erat
2568 2758 2799 2834 aliud,
2840 2769 2918 2818 §1¹⁰

440 2850 696 2915 fluento
748 2869 866 2934 per
918 2861 1377 2915 transversum
1434 2847 1808 2922 inundans,
1858 2846 2025 2913 adeo
2076 2859 2151 2914 ut
2206 2848 2358 2935 ejus
2416 2846 2545 2915 loci
2609 2845 2918 2916 accolis&

443 2936 815 3023 improviso
863 2936 1185 3003 continua
1229 2935 1506 3004 inferret
1545 2935 1869 3023 pericula,
1915 2936 2321 3022 intempesta
2387 2951 2606 3018 nocte,
2645 2936 2739 3004 vel
2773 2931 2916 3001 etiam

443 3024 745 3092 interdiu
794 3025 1079 3092 flumine
1130 3026 1195 3091 in
1250 3046 1450 3114 agros
1501 3025 1826 3092 irruente.
1891 3028 2036 3106 Quo
2089 3024 2337 3104 fiebat,
2404 3038 2483 3093 ut
2557 3047 2688 3094 non
2759 3020 2918 3094 solum

445 3113 719 3203 plantae
753 3126 817 3181 et
850 3113 1138 3190 semina,
1176 3125 1238 3180 et
1272 3135 1515 3201 pecora
1549 3135 1884 3198 aquarum
1929 3115 2191 3202 impetu
2225 3114 2603 3194 interirent,
2637 3113 2746 3183 sed
2773 3109 2916 3178 etiam

445 3203 526 3271 ad
571 3204 753 3290 ipsos
801 3224 1021 3287 usque
1072 3202 1487 3270 habitatores
1541 3201 1919 3290 perveniret
1965 3200 2372 3290 periculum,
2429 3204 2547 3288 qui
2603 3226 2680 3271 ex
2728 3204 2920 3286 impe

446 3293 589 3360 viso
639 3314 856 3377 aquae
908 3291 1355 3359 inundatione.
1403 3290 1591 3357 donni
1649 3304 1842 3358 erant
1906 3291 2245 3380 naufragi.
2301 3296 2465 3359 Cum
2519 3314 2683 3380 ergo
2727 3299 2916 3376 quaet!

449 3403 701 3467 magno
750 3381 1071 3469 Gregorio
1122 3379 1465 3467 praeclare
1511 3377 1686 3447 facta
1736 3379 2006 3447 fuerant
2058 3379 2414 3460 miracula,
2461 3394 2667 3449 totam
2720 3387 2915 3468 gentem

451 3470 952 3557 pervasissent,
1016 3482 1373 3555 surgentes
1421 3468 1538 3552 qui
1592 3468 1674 3536 ad
1731 3467 1914 3535 illam
1978 3467 2169 3536 ssuvii
2231 3481 2488 3556 partem
2569 3467 2912 3537 habitabant

453 3559 582 3647 ipsi
624 3573 688 3626 et
718 3580 965 3626 uxores
999 3570 1062 3625 et
1104 3557 1295 3625 liberi
1339 3556 1612 3645 publice
1646 3578 1886 3626 omnes
1935 3579 2187 3645 magno
2226 3557 2404 3636 fiunt
2453 3558 2765 3647 Gregorio
2804 3567 2914 3634 sup·

455 3647 687 3734 plices,
730 3659 1046 3734 rogantes
1098 3658 1171 3713 ut
1217 3646 1449 3732 aliqua
1498 3647 1755 3713 ratione
1805 3646 1889 3713 ab
1935 3647 2300 3734 insperatis
2341 3668 2456 3715 eos
2507 3648 2703 3714 malis
2744 3642 2911 3728 liberat

454 3749 574 3803 ret.
618 3736 943 3803 Dicebant
983 3734 1163 3802 enim
1217 3740 1421 3802 Deum
1469 3734 1534 3801 in
1588 3757 1664 3802 eo
1703 3756 1899 3820 posse
1948 3736 2202 3814 omnia,
2257 3757 2434 3822 quae
2489 3736 2673 3804 nulla
2726 3734 2908 3826 ingeflss

452 3825 741 3892 humani
799 3846 926 3913 ope
982 3837 1270 3911 possunt
1322 3823 1490 3891 fieri.
1551 3823 1729 3891 Nihil
1781 3824 1990 3903 enim,
2050 3823 2231 3909 quod
2291 3825 2653 3893 consilium
2700 3836 2754 3889 et
2796 3831 2906 3905 vtrtfss

454 3913 798 3981 humanae
837 3927 1179 4001 praestare
1219 3913 1507 4002 possint,
1544 3914 1629 3980 ab
1662 3913 1719 3981 ei
1753 3935 1900 3980 esse
1945 3914 2530 4001 praetermissum,
2569 3928 2638 3980 ut
2668 3909 2768 3996 qui
2796 3905 2904 3989 'apt‘

456 4002 664 4070 dibus
711 4016 774 4071 et
822 4001 1215 4091 aggerilmS,
1273 4014 1335 4069 et
1393 4002 1451 4068 si
1514 4002 1677 4087 quid
1731 4001 1918 4070 aliud
1979 4002 2305 4070 adversus
2355 3998 2733 4088 hujusmodi
2781 3989 2902 4061 malit

455 4091 816 4181 excogitari
864 4091 1097 4170 soleat,
1143 4090 1373 4157 omnia
1418 4089 1702 4158 fecerint
1755 4113 1877 4159 nec
1927 4092 1986 4158 vi
2035 4091 2196 4158 mali
2250 4092 2585 4180 potuerint
2634 4086 2896 4155 resistere:

457 4193 519 4246 et
568 4194 642 4247 ut
693 4179 911 4268 magis
964 4179 1049 4247 ab
1110 4180 1277 4269 ipsis
1330 4193 1712 4247 moveretur
1768 4180 1848 4247 ad
1908 4180 2496 4260 misericordiam,
2547 4180 2812 4265 rogarunt
2847 4177 2899 4226 ut

515 4383 539 4407 ¹*
572 4384 709 4432 Lycus
728 4385 864 4428 enim,
885 4394 908 4422 c
931 4394 1095 4433 graeco
1116 4388 1345 4426 vocabulo
1378 4376 1549 4441 λύκος,
1583 4388 1705 4427 idem
1728 4389 1800 4427 est
1822 4398 1872 4426 ac
1891 4389 2035 4428 tanne
2057 4390 2203 4438 lupus-
