2993 4837
559 318 686 380 608
1010 333 1088 378 nn
1136 335 1189 379 s.
1244 332 1611 384 cusnani.
1667 328 1849 378 nasis
1899 331 2265 378 norissima
2315 333 2476 378 1211.st
2651 315 2790 380 itot.
2823 318 2883 381 ⁴9

471 417 1009 507 religiosissime,
1064 430 1336 506 tempus
1386 415 1794 496 advenisset,
1829 437 1966 501 quo
2015 416 2450 485 sanctissima
2483 417 2582 485 Dei
2609 416 2892 486 famulacx

469 507 598 575 hac
649 505 799 575 luce
849 507 1195 595 migraret,
1252 505 1561 574 Christus
1592 511 1794 575 Jesus
1839 504 1938 572 illi
1967 504 2479 591 jucundissime
2513 507 2798 595 apparuit,
2823 505 2914 573 dit.

469 618 633 664 cens
665 618 678 662 :
734 618 769 660 «
800 596 987 674 Veni,
1022 594 1234 662 electa
1272 615 1443 674 mea,
1481 607 1546 661 et
1578 593 1851 663 coelesti
1888 592 2188 661 thalamo
2228 615 2431 681 quem
2466 594 2576 663 tibi
2603 595 2677 663 ab
2703 608 2903 664 aeterno,

469 685 828 764 destinavi,
884 684 1122 773 potire.
1171 705 1207 749 »
1258 687 1398 751 Hoc
1460 682 1608 751 visu
1661 681 1950 750 mirifice
2000 682 2242 752 laetata
2278 737 2293 764 ,
2367 684 2732 773 magistrum
2773 681 2902 772 gravi

470 787 633 841 tunc
675 786 804 841 tem
862 772 1001 841 oris
1034 771 1433 840 infirmitate
1464 769 1886 840 laborantem
1925 770 2179 850 invisit,
2234 772 2904 861 interrogantiquequo—

473 883 630 929 nam
684 883 795 929 mo
848 882 886 929 o
937 861 1139 929 vitam
1194 858 1531 928 deducere
1555 872 2010 1016 dproponeret,
2065 861 2123 927 si
2175 861 2349 931 mori
2400 861 2902 948 sibicontingeret,

470 948 825 1019 confestim
877 949 1046 1035 quid
1097 948 1430 1018 divinitus
1478 948 1545 1015 di
1607 948 1854 1029 icisset,
1911 948 2182 1017 revelat.
2237 954 2491 1030 Quarto
2537 963 2670 1038 post
2707 948 2802 1016 die
2830 945 2907 1015 ad·

475 1061 667 1107 versa
715 1037 1104 1107 valetudine
1136 1037 1389 1126 corripi
1438 1037 1682 1125 coepit,
1741 1036 2214 1125 paulatimque
2263 1037 2694 1108 invalescente
2733 1036 2905 1103 virium

473 1126 870 1207 defectione,
913 1127 1083 1196 lecto
1123 1126 1473 1204 decubuit,
1527 1125 1758 1193 animo
1809 1138 2031 1193 tamen
2070 1147 2341 1215 semper
2374 1127 2750 1196 coelestibus
2776 1123 2908 1193 bonis

473 1217 755 1296 intent0,
812 1229 1014 1302 atque
1062 1216 1130 1282 in
1182 1236 1412 1283 amore
1463 1214 1710 1283 Christi
1758 1214 2062 1283 ardente.
2116 1214 2471 1284 Assidebat
2515 1213 2907 1302 aliquandoja·

473 1306 651 1374 centi
702 1304 955 1372 ancilla
1005 1325 1167 1383 una,
1222 1325 1379 1371 cum
1432 1323 1588 1371 ecce
1638 1315 1904 1392 praeter
1951 1303 2458 1373 infirmantium
2503 1325 2756 1374 morem.
2785 1300 2908 1369 audi

475 1393 661 1461 illam
728 1391 1132 1462 dulcissimo
1192 1405 1402 1460 cantu
1454 1413 1818 1479 personare
1852 1446 1867 1466 .
1921 1405 2125 1478 atque
2185 1391 2269 1459 ad
2325 1414 2638 1461 numeros
2692 1391 2908 1459 musicoe

474 1482 680 1549 veluti
729 1503 1062 1567 cygneam
1115 1501 1346 1549 vocem
1396 1479 1643 1548 artifici
1709 1480 2176 1549 modulatione
2225 1481 2608 1551 inflectere:
2655 1493 2778 1549 tum
2819 1486 2912 1567 poe

474 1566 984 1655 aliquantulum
1038 1591 1305 1651 morae,
1359 1584 1668 1637 aversam
1729 1568 2004 1638 dicere:
2057 1592 2094 1635 «
2131 1569 2258 1639 Ubi
2304 1591 2402 1650 eS,
2456 1569 2686 1639 dilecta
2728 1567 2908 1635 filiai·

473 1663 550 1727 Et
596 1658 889 1727 ancilla:
944 1662 1122 1739 «En,
1177 1658 1423 1745 inquit,
1475 1679 1602 1747 ego
1649 1656 1994 1726 adsum.»
2046 1657 2592 1745 subjunxitque:
2642 1660 2740 1725 «O
2777 1672 2912 1742 quan

473 1746 662 1815 dulci
708 1759 1047 1816 concentu
1080 1768 1280 1815 aures
1315 1768 1502 1815 meas
1537 1746 1949 1826 demulsisti,
1986 1745 2270 1815 domina
2315 1748 2743 1833 pientissima.
2775 1768 2803 1811 »
2828 1748 2912 1809 itm

474 1835 857 1904 Elisabeth:
915 1842 1185 1914 «Tune,
1240 1835 1357 1915 ait,
1413 1847 1692 1904 cantum
1749 1855 1978 1903 meum
2030 1834 2408 1904 audisti‘l»
2454 1837 2676 1905 Statim
2708 1831 2912 1901 ancilla:

476 1948 509 1990 «
542 1925 782 2004 Etiam,
837 1925 1084 2011 inquit,
1138 1924 1396 2004 audivi,
1452 1922 1834 2009 etquidem
1873 1923 2344 1993 laetissima.»
2396 1926 2516 1993 Cui
2565 1924 2669 1992 Dei
2700 1920 2910 1990 famuli:

476 2035 510 2078 «
542 2014 841 2092 Avicula,
896 2015 1012 2094 ait,
1067 2012 1353 2082 coelitus
1399 2011 1725 2090 demissa,
1780 2012 1957 2080 inter
2006 2034 2113 2081 me
2160 2026 2226 2081 et
2277 2014 2597 2101 parietem
2630 2009 2912 2081 desederat

479 2115 660 2171 tanta
714 2103 882 2170 mihi
932 2102 1261 2172 suavitate
1311 2122 1432 2191 per
1481 2101 1665 2169 varia
1714 2101 2214 2169 cantilenarum
2266 2100 2666 2170 discrimina
2691 2100 2911 2195 divinitu

478 2191 883 2280 praecinens
929 2190 1167 2271 melOS,
1222 2202 1298 2259 ut
1345 2189 1663 2276 quamvis
1712 2190 1992 2258 infirmo
2031 2189 2472 2279 corpusculo,
2517 2212 2643 2258 non
2677 2202 2912 2278 potuerim

476 2303 583 2347 me
632 2281 1004 2359 continere,
1057 2278 1224 2366 quin
1278 2290 1340 2347 et
1392 2279 1538 2367 ipsa
1587 2277 2023 2347 concinerent
2069 2300 2188 2367 pro
2240 2279 2590 2348 viribus.»
2624 2284 2770 2347 Ante
2798 2275 2911 2367 dieu

474 2369 746 2437 tertium
798 2368 1051 2448 obitus,
1108 2366 1538 2436 vindicatura
1581 2366 1855 2435 sibimet
1890 2381 2255 2447 secretum,
2285 2367 2487 2456 jubet
2546 2388 2767 2437 omnes
2795 2361 2916 2432 cubi·

472 2457 629 2526 culo
660 2459 1002 2537 excedere,
1042 2458 1158 2544 qui
1196 2456 1279 2525 ad
1317 2458 1334 2524 i
1390 2479 1538 2524 sam
1574 2455 1839 2525 visendi
1890 2458 2110 2546 gratia
2144 2471 2626 2536 convenerant,
2662 2453 2916 2536 arcerique

473 2547 735 2616 foribus
767 2568 1240 2633 quoscumque
1282 2567 1341 2614 a(
1379 2546 1551 2614 mitti
1604 2558 1929 2634 petentes.
1975 2550 2398 2645 Interrogata
2447 2567 2575 2615 cur
2622 2545 2684 2613 id
2721 2544 2912 2634 faceret,

474 2635 719 2712 «Volo,
769 2636 1013 2721 inquit,
1063 2633 1402 2704 tumultus
1460 2634 1721 2701 externi
1770 2655 2010 2713 vacua,
2077 2635 2476 2703 meminisse
2525 2634 2779 2704 ,iudicis
2825 2647 2910 2700 met

476 2722 937 2809 terribilisque
984 2744 1315 2793 censurae
1350 2777 1365 2803 ,
1439 2743 1648 2807 quam
1703 2722 2012 2810 perbrevi
2070 2723 2288 2791 habeo
2344 2722 2676 2792 subire.»
2734 2717 2912 2814 Pridie·

472 2833 678 2896 quam
731 2811 1105 2892 decederet,
1148 2812 1498 2901 magistrO,
1541 2810 1661 2896 qui
1697 2810 1901 2900 paulo
1940 2824 2097 2879 ante
2127 2811 2593 2890 convaluerat,
2638 2810 2844 2899 culpas
2863 2823 2918 2896 ¹⁹?

475 2900 835 2987 tegerrime
885 2898 1241 2980 confessa,
1289 2900 1630 2969 Christum
1688 2899 1753 2966 in
1809 2900 2234 2988 pauperibus
2291 2911 2694 2969 testamento
2738 2896 2917 2980 reliqui

472 2988 859 3069 haeredem,
916 2989 1114 3058 vilem
1152 2989 1506 3058 dumtaxat
1541 2988 1845 3082 tunicam
1875 2989 2250 3078 excipiens,
2295 2989 2362 3057 in
2401 3010 2540 3074 qua
2590 2985 2920 3076 sepeliripo·

474 3076 793 3145 stulavit:
849 3090 922 3146 ut
950 3079 1094 3165 jam
1135 3091 1296 3147 tunc
1332 3077 1504 3145 nihil
1552 3077 1807 3157 minuS‚
1847 3099 2054 3164 quam
2103 3077 2186 3145 de
2230 3077 2493 3146 funeris
2541 3100 2701 3146 cura
2748 3088 2803 3143 et
2868 3117 2906 3168 .-

473 3166 793 3252 quiarum
833 3189 1083 3256 pompa
1113 3167 1447 3255 cogitasse
1478 3165 1819 3234 credatur.
1857 3166 2101 3235 Paucis
2145 3178 2294 3256 post
2332 3166 2521 3234 horis
2555 3162 2865 3235 Eucharist
2896 3242 2903 3253 1

475 3269 901 3324 sacramento
935 3255 1199 3334 refecta,
1233 3255 1518 3341 oleoque
1545 3276 1739 3324 sacro
1771 3267 2122 3343 peruncta,
2159 3255 2501 3340 reliquum
2531 3255 2665 3323 diei
2693 3276 2764 3322 ac
2789 3257 2926 3318 noctss

477 3343 779 3413 medium
820 3358 1003 3413 tanto
1043 3343 1302 3412 fervore
1337 3344 1623 3433 spiritus
1657 3346 1902 3431 exegit,
1959 3354 2033 3411 ut
2068 3342 2378 3412 indubiis
2411 3341 2814 3432 argumentis
2837 3353 2926 3425 pro·

475 3433 661 3501 deret
700 3433 1043 3502 Christum
1082 3433 1415 3521 hospitem
1454 3443 1519 3500 et
1554 3453 1673 3520 pro
1707 3431 2052 3501 desiderio
2101 3453 2262 3500 exce
2317 3432 2472 3510 isse,
2528 3447 2592 3501 et
2634 3453 2743 3520 pro
2776 3437 2926 3518 amose

474 3534 829 3610 exceptum
875 3536 1123 3591 tenere.
1171 3520 1697 3606 Colloquebatur
1736 3543 1895 3589 cum
1939 3520 2269 3590 assidenti
2327 3543 2408 3589 us
2443 3519 2526 3589 de
2567 3515 2924 3612 sanctissima

476 3611 703 3691 rebuS,
742 3632 916 3697 quas
957 3609 1054 3678 vel
1094 3610 1161 3677 in
1198 3610 1651 3678 concionibus
1683 3608 2018 3689 audierat,
2074 3608 2175 3678 vel
2210 3609 2546 3678 instinctu
2574 3608 2787 3676 divino
2813 3598 2926 3670 didi-

474 3712 698 3772 cerat:
754 3699 837 3767 ad
893 3712 1311 3788 postremum
1357 3698 1748 3776 subtexenS,
1793 3712 1871 3767 ut
1905 3697 2212 3767 Christus
2263 3699 2546 3767 Mariam
2586 3710 2649 3766 et
2680 3692 2922 3765 Mai-tham

474 3809 682 3875 super
719 3789 907 3857 obitu
945 3788 1174 3856 fratris
1227 3801 1641 3866 moen-enteS‚
1698 3786 2029 3865 inviserit,
2087 3801 2162 3855 ut
2201 3786 2405 3855 suerit
2441 3787 2722 3875 benigne
2762 3793 2926 3850 conso-

478 3876 709 3956 latuS,
778 3891 851 3945 ut
911 3878 996 3945 iis
1045 3877 1356 3945 animum
1413 3876 1606 3945 firma
1662 3874 2154 3963 pollicitatione
2210 3874 2465 3957 fecerit,
2523 3888 2598 3945 ut
2644 3857 2923 3965 pariterad

475 3964 869 4053 sepulcrum
909 3966 1083 4044 ierit,
1125 3979 1201 4034 ut
1232 3964 1531 4050 denique
1574 3964 1919 4052 lacrymas
1956 3964 2237 4032 intimae
2269 3964 2774 4049 verissimaeque
2799 3972 2922 4025 com·

483 4054 824 4141 passionis
874 4055 1134 4123 indices
1185 4053 1585 4142 profuderit.
1642 4057 1780 4121 Hoc
1825 4053 1970 4121 loco
2011 4052 2218 4121 veluti
2270 4052 2670 4142 profundam
2704 4049 2784 4118 rei
2824 4036 2921 4144 pul·

476 4143 860 4210 cherrimae
907 4143 1440 4231 disputationem
1501 4143 1811 4230 ingressa
1843 4196 1858 4221 ‚
1922 4162 2080 4209 cum
2140 4152 2422 4229 stupore
2467 4155 2531 4210 et
2568 4138 2918 4209 admit-anone

481 4232 967 4314 praesentium,
1008 4233 1092 4300 de
1127 4232 1209 4300 iis
1260 4232 1506 4300 Christi
1551 4230 1875 4318 lacrymis
1925 4242 2060 4298 tam
2099 4230 2271 4310 viva,
2334 4244 2470 4299 tam
2505 4228 2796 4301 aculeata.
2829 4233 2915 4286 ¹³⁰1

479 4319 821 4400 flammea,
868 4332 1143 4407 tamque
1191 4320 1275 4389 ad
1320 4321 1537 4389 imum
1589 4319 1909 4409 spiritum
1966 4318 2385 4406 penetrantia
2435 4318 2630 4387 verba
2669 4313 2832 4387 fecit,
2870 4309 2915 4369 ⁰¹

478 4405 805 4476 omnibus
874 4409 1299 4497 penitissime
1368 4409 1856 4499 compunctis,
1934 4407 2274 4497 lacrymas
2343 4405 2689 4484 exciverit‚
2753 4404 2915 4485 111901‘2
