2993 4837
531 287 614 348 92
1163 302 1237 347 ne
1287 297 1339 347 s,
1397 301 1715 348 »ismenus
1766 302 1860 346 ar.
1918 295 2261 346 manarum
2705 282 2862 348 NOV.
2903 285 2934 352 3

444 395 519 457 Et
567 387 917 457 accersitis
968 385 1050 454 ad
1097 408 1167 456 se
1220 386 1436 455 tribus
1484 385 1852 476 discipulis
1891 386 2062 466 suis,
2100 384 2348 454 anxius
2403 386 2751 456 aestuabat
2781 387 2940 475 quis·

443 499 603 546 nam
654 474 929 575 dignior
968 474 1051 542 ad
1099 474 1224 543 hoc
1258 496 1455 564 opuS,
1512 473 1651 544 sive
1683 473 1918 542 utilior
1953 473 2314 543 videretur.
2357 478 2433 542 Et
2479 473 2942 564 diligentcrin-

444 567 659 636 tuitus
689 563 1040 654 singulos:
1081 586 1115 628 «
1147 569 1268 645 Tu,
1318 562 1564 652 inquit,
1603 584 1643 632 o
1677 562 1905 632 Edane
1938 563 2068 652 (sic
2107 563 2289 632 enim
2335 563 2705 632 vocabatur
2741 563 2942 654 unus).

445 654 720 743 suscipe
750 675 996 721 Onna.»
1049 651 1173 720 lllo
1206 664 1596 732 cunctante,
1643 664 1706 719 et
1741 652 1975 721 flente:
2007 675 2041 717 «
2077 656 2167 719 Ne
2218 652 2482 732 timeas,
2522 652 2641 732 ait,
2699 665 2765 720 tu
2793 652 2944 722 enim

445 742 614 812 mihi
672 765 707 810 a
752 742 1038 810 Domino
1076 739 1477 830 designatus
1524 762 1637 809 es:
1693 741 1854 896 quia
1912 739 2250 808 annulum
2312 762 2637 821 aureum,
2691 760 2826 831 quo
2862 739 2948 811 de·

442 829 881 923 sponsandus
927 852 1023 909 es,
1073 828 1411 916 jamnunc
1465 829 1689 917 praevi
1748 829 1762 896 i
1816 829 1882 896 in
1927 828 2141 918 digito
2193 839 2326 897 tuo.
2366 853 2401 894 »
2444 830 2790 919 Aequievit
2834 828 2946 910 ille,

440 933 506 990 et
559 919 948 1006 Malachias,
1007 939 1086 988 eo
1119 932 1546 999 consecrato,
1603 916 2080 1007 proficiscitur.
2146 921 2453 1006 Cumque
2514 940 2833 1008 egressus
2883 917 2962 988 da?

445 1010 686 1089 Scotia‚
717 1008 1132 1098 pervenisset
1161 1007 1538 1076 Eboracum
1573 1007 1627 1086 *,
1670 1006 1990 1075 sacerdos
2018 1005 2301 1096 quidam
2337 1011 2636 1096 Sycarus
2680 1006 2855 1076 nomi
2949 1015 2962 1100 .'

443 1098 734 1167 intuitus
781 1118 938 1165 eum
1001 1096 1297 1185 agnovit.
1365 1101 1494 1164 Nec
1543 1094 1724 1163 enim
1780 1094 2019 1164 faciem
2084 1096 2233 1183 ejus
2305 1095 2562 1165 viderat
2613 1109 2808 1165 ante:
2855 1027 2962 1242 Q

439 1209 597 1256 cum
642 1185 921 1256 haberet
968 1185 1287 1274 spiritum
1321 1184 1737 1273 prophetiae,
1794 1184 2160 1253 revelatum
2201 1183 2420 1253 fuerat
2466 1186 2523 1253 ei
2552 1183 2962 1290 jampridem¹

442 1275 525 1344 de
575 1275 715 1345 illo.
761 1280 837 1343 Et
879 1295 1063 1342 nunc
1092 1274 1570 1342 incunctanter
1599 1272 2211 1341 circumstantibus
2243 1273 2310 1341 di
2368 1275 2456 1341 ito
2496 1295 2660 1342 eum
2710 1272 2962 1344 demon-2

443 1375 708 1433 straus:
764 1386 797 1428 «
837 1362 958 1431 Hic
1007 1374 1132 1441 est,
1168 1361 1413 1448 inquit,
1451 1361 1535 1430 de
1567 1383 1703 1449 quo
1750 1360 2079 1430 dixeram:
2118 1361 2280 1448 quia
2362 1383 2398 1430 e
2462 1361 2794 1431 Hibernia
2826 1371 2963 1430 san—³

447 1466 598 1523 ctus
649 1451 867 1520 veniet
918 1450 1253 1529 Pontifex,
1320 1451 1436 1538 qui
1496 1452 1619 1520 scit
1676 1450 2120 1539 cogitationes
2171 1450 2558 1520 hominum.
2597 1474 2636 1516 »
2691 1450 2798 1520 Sic
2847 1425 2962 1520 noti]

447 1541 666 1632 potuit
717 1539 921 1608 latere
970 1538 1249 1609 lucerna
1284 1541 1414 1609 sub
1443 1539 1693 1619 modio,
1738 1538 2061 1628 prodente
2100 1561 2251 1608 eam
2298 1561 2416 1628 per
2445 1561 2520 1608 os
2571 1537 2962 1628 SycariSpii

444 1631 581 1698 ritu
632 1634 899 1708 Sancto,
953 1627 1073 1714 qui
1125 1626 1309 1696 illam
1362 1628 1788 1696 accenderat.
1828 1632 1985 1697 Nam
2037 1641 2100 1696 et
2151 1627 2364 1697 multa
2416 1643 2680 1698 secreta
2728 1623 2962 1698 deesse*

443 1741 570 1789 suo
617 1738 1063 1803 suorumque,
1103 1717 1285 1786 dicta
1317 1730 1478 1786 sunt
1509 1716 1571 1785 ei
1620 1738 1656 1785 a
1709 1723 1981 1804 sycaro,
2013 1739 2189 1803 quae
2238 1718 2330 1786 ita
2376 1738 2545 1797 esse,
2593 1716 2697 1786 vel
2755 1717 2954 1798 fuisse.

442 1806 676 1875 omnia
729 1806 1137 1895 recognovit.
1179 1804 1304 1874 Sed
1354 1818 1417 1873 et
1466 1805 1669 1875 sociis
1713 1805 2084 1874 Malachiae
2137 1805 2708 1896 percontantibus
2749 1806 2830 1874 de
2859 1826 2888 1873 s

447 1895 691 1976 reditu,
740 1893 1090 1984 respondit
1138 1899 1433 1983 Sycarus
1496 1894 1972 1963 incunctanter
2024 1893 2252 1983 (quod
2309 1907 2458 1984 post
2508 1894 2604 1962 rei
2679 1895 2881 1998 proba

445 1985 804 2071 eventus),
861 2004 1115 2074 paucos
1165 1982 1475 2052 videlicet
1535 1982 1909 2052 admodum
1976 1982 2059 2051 de
2110 2004 2395 2052 numero
2447 1982 2562 2051 illo
2614 2005 2784 2052 cum
2911 1977 2924 1994 ⁴

444 2095 650 2163 scopo
686 2072 1044 2141 redituros.
1101 2071 1209 2140 Illi
1242 2071 1475 2141 audito
1526 2071 1678 2152 hoc,
1718 2070 2043 2159 suspicati
2083 2084 2245 2141 sunt
2281 2084 2595 2140 mortem:
2656 2071 2777 2141 sed
2819 2076 2859 2140 i)
2895 2089 2898 2090 ’

441 2161 638 2232 aliter
684 2161 1104 2251 adimplevit.
1145 2166 1303 2229 Nem
1361 2182 1397 2228 e
1448 2160 1718 2229 rediens
1756 2159 1842 2228 ab
1893 2160 2091 2240 Urbe,
2144 2160 2557 2247 quibusdam
2589 2161 2786 2251 apud
2837 2175 2954 2238 nos.

440 2250 858 2338 quibusdam
888 2263 952 2318 et
1000 2250 1066 2317 in
1119 2248 1274 2318 aliis
1348 2250 1489 2319 ocis
1523 2248 1608 2317 ad
1652 2248 2047 2318 discendam
2101 2250 2642 2318 conversationis
2698 2249 2952 2319 formam

442 2339 719 2420 relictiS,
765 2341 960 2429 ,juxta
1014 2338 1293 2407 verbum
1336 2338 1594 2429 Sycari,
1647 2360 1805 2407 cum
1868 2337 2105 2428 paucis
2153 2337 2527 2407 admodum
2559 2335 2961 2816 repatriat}

444 2434 619 2498 Haec
671 2429 753 2496 de.
794 2433 1043 2515 Sycaro
1053 2477 1185 2495 .....

528 2521 565 2604 ξ
612 2523 759 2589 16.
818 2522 891 2585 Et
935 2537 1059 2606 ego
1094 2515 1420 2596 vicissim,
1468 2526 1780 2606 peccator
1822 2516 1998 2596 licet,
2056 2517 2280 2584 inveni
2325 2516 2614 2606 gratiam
2668 2519 2737 2585 in
2770 2512 2950 2585 oculis

440 2607 594 2693 ejus
627 2618 895 2682 extunc,
941 2619 1007 2673 et
1052 2604 1377 2694 deinceps
1425 2627 1645 2691 usque
1677 2604 1757 2673 ad
1812 2606 2073 2674 obitum
2115 2605 2356 2693 ipsiuS,
2404 2605 2580 2674 sicut
2630 2605 2704 2674 in
2763 2627 2839 2695 pr

447 2694 583 2762 mio
623 2694 969 2783 praefatus
1017 2714 1196 2764 sum.
1243 2699 1391 2783 lpse
1438 2695 1641 2762 etiam
1678 2695 2005 2783 dignatus
2053 2695 2384 2763 divertere
2434 2693 2518 2761 ad
2570 2695 2914 2764 Claramva

443 2782 600 2862 lem,
658 2783 820 2854 visis
854 2782 1203 2862 fratribuS,
1242 2793 1702 2872 compunctus
1735 2795 1876 2852 est:
1912 2796 1976 2851 et
2011 2782 2104 2850 illi
2144 2804 2275 2852 non
2317 2783 2756 2852 mediocriter
2803 2778 2958 2851 aedi-

442 2871 624 2939 ficati
684 2871 750 2940 in
804 2872 1185 2971 praesentia
1219 2884 1282 2939 et
1323 2892 1637 2940 sermone
1675 2873 1847 2960 ejus.
1886 2876 1964 2940 Et
2009 2884 2374 2961 acceptans
2410 2871 2667 2952 locum,
2725 2883 2793 2940 et
2835 2880 2954 2967 nos,

443 2972 647 3046 atque
697 2960 957 3029 intimis
1025 2960 1402 3030 visceribus
1441 2959 1798 3050 colligenS,
1846 2960 2165 3029 valedixit
2223 2959 2440 3041 nobis,
2494 2973 2559 3029 et
2597 2960 2799 3030 abiit.

443 3047 975 3138 transalpinans,
1011 3071 1168 3117 cum
1216 3049 1505 3118 venisset
1539 3050 1834 3136 Iporiam
1888 3049 1955 3083 ⁸*
2001 3050 2337 3118 civitatem
2377 3048 2636 3129 Italiae,
2691 3046 2952 3137 hospitis

443 3138 550 3207 sui
607 3137 963 3226 parvulum
1004 3136 1250 3218 fitium,
1304 3137 1423 3224 qui
1474 3137 1653 3206 male
1686 3137 1945 3206 liabens
1997 3138 2370 3207 moriturus
2422 3150 2589 3218 erat,
2649 3139 2950 3207 continuo

442 3227 730 3295 sanavit.
779 3231 933 3295 Erat
977 3241 1136 3296 tunc
1189 3239 1317 3295 tem
1375 3226 1514 3295 oris
1566 3227 1632 3294 in
1686 3225 1844 3295 sede
1899 3226 2278 3316 Apostolica
2339 3225 2554 3294 felicis
2612 3223 2956 3297 memoriae

442 3315 883 3385 innocentius
916 3314 1314 3385 secundus*
1353 3314 1611 3403 *Papaz
1658 3315 1772 3402 qui
1805 3338 1960 3383 eum
1997 3316 2290 3405 benigne
2325 3314 2650 3415 suscepit,
2683 3314 2956 3384 humana

442 3405 607 3473 satis
659 3404 755 3473 illi
785 3426 994 3494 super
1045 3403 1150 3473 lon
1206 3425 1245 3471 a
1284 3404 1825 3493 peregrinatione
1866 3426 2292 3495 compassus.
2328 3408 2402 3472 Et
2439 3425 2663 3493 primo
2704 3402 2903 3490 quide

444 3493 838 3571 Malachia5‚
893 3492 1071 3577 quod
1124 3514 1161 3560 a
1198 3492 1330 3561 tius
1382 3492 1692 3562 infixerat
1725 3494 1979 3573 animo,
2013 3514 2169 3562 cum
2224 3491 2462 3562 multis
2498 3492 2827 3582 lacrymis
2861 3490 2930 3557 im

491 3582 773 3661 lorabat,
817 3580 1017 3651 licere
1068 3581 1196 3649 sibi
1252 3580 1516 3660 vivere,
1579 3594 1642 3650 et
1701 3581 1868 3650 mori
1924 3582 1988 3650 in
2053 3581 2469 3659 claravalle,
2529 3582 2869 3671 permissu
2908 3596 2936 3641 e

486 3671 910 3739 enedictione
945 3669 1201 3738 summi
1246 3669 1612 3739 Pontificis.
1656 3675 1730 3738 Et
1769 3671 1954 3757 petiit
2005 3672 2154 3751 hoc,
2197 3692 2328 3738 non
2366 3669 2622 3739 oblitus
2669 3691 2709 3738 a
2846 3660 2954 3735 uod

443 3772 751 3838 venerat,
806 3758 920 3827 sed
987 3757 1309 3839 ail'ectuS‚
1372 3779 1509 3845 quo
1561 3773 1854 3839 venerat,
1921 3759 2260 3831 desiderio
2319 3758 2714 3828 claraevall'
2888 3770 2954 3820 on

498 3941 523 3964 ‘
558 3941 692 3979 Yorkz

495 3994 545 4019 ⁵⁷·
574 3994 678 4033 Ital.
712 3994 855 4037 Iar-ea,
874 3989 1207 4040 antiquissima
1225 3991 1390 4031 Italiae
1410 3993 1541 4035 urbe.
1559 3993 1668 4033 sede
1691 3990 1944 4042 episcopali
1970 3990 2212 4042 insignito.
2953 3962 2954 3989 ¹

494 4046 576 4072 *¹⁸*
596 4047 897 4085 Innocentium
918 4046 977 4090 11.
996 4047 1248 4091 Romanus,
1268 4055 1292 4085 e
1315 4046 1465 4085 nobili
1486 4047 1765 4095 Papereschi
1785 4047 1964 4085 ramilis
1981 4048 2182 4095 genitus,
2201 4047 2323 4095 Pap·
2343 4047 2524 4086 electu·
2544 4042 2637 4084 ruit
2651 4053 2770 4084 anno
2788 3998 2954 4109 1130.Αῆ

441 4099 661 4138 Anocleto
678 4101 735 4143 11,
751 4101 987 4148 antipapa.
1005 4100 1153 4138 Roma
1170 4100 1409 4147 expulsus,
1429 4100 1477 4139 in
1499 4100 1684 4139 Gallias
1709 4110 1758 4139 se
1780 4099 1971 4148 recepit.
1989 4102 2037 4139 ei.
2055 4097 2247 4139 Rhamis
2277 4097 2477 4139 concilio
2509 4101 2683 4141 coacto.
2711 4094 2952 4152 Anzcletnm

440 4152 735 4191 anathemate
765 4155 1012 4201 percussit.
1042 4155 1076 4191 A
1106 4153 1330 4192 Lothnrio
1361 4153 1423 4197 11.
1445 4153 1723 4193 Germaniae
1745 4163 1865 4201 rege,
1885 4154 2056 4193 Romae
2076 4152 2332 4192 restitutus
2352 4157 2446 4195 esu
2468 4150 2623 4200 ibique
2642 4151 2899 4191 bothan-tum
2915 4144 2952 4181 in

440 4207 768 4254 imperatorem
798 4206 1054 4246 coronavit.
1087 4206 1373 4246 Jonuenscm
1402 4207 1688 4255 episcopum.
1715 4208 1795 4255 qni
1825 4206 1912 4246 sub
1939 4204 2277 4246 Mediolanensi
2307 4207 2656 4254 archiepiscopo
2675 4206 2788 4247 erat.
2805 4197 2952 4240 archie-

444 4256 624 4308 piscopi
647 4260 838 4308 juribus
856 4259 1205 4307 honoribusque
1234 4258 1503 4309 insignivit:
1533 4256 1738 4308 itemque
1761 4258 1978 4299 Pisanum
1998 4260 2270 4309 episcopum
2288 4261 2336 4298 in
2355 4260 2551 4298 Tusciae
2571 4258 2948 4304 archiepiscopum·

440 4310 684 4360 totiusque
714 4312 955 4352 Sardiniae
985 4310 1031 4351 in
1061 4314 1308 4361 primatem
1338 4314 1502 4352 erexit.
1539 4313 1730 4361 Romae,
1763 4311 2015 4352 concilium
2033 4314 2295 4353 secundum
2314 4313 2610 4355 Lateranum.
2629 4311 2750 4360 quod
2769 4310 2837 4347 est
2851 4302 2952 4358 deci-¹

441 4376 565 4405 mum
600 4367 725 4404 inter
754 4366 1066 4408 oecumenico.
1093 4364 1363 4406 celebr-wit.
1393 4366 1673 4415 Supremum
1712 4367 1833 4406 diem
1868 4366 1988 4406 obiit
2021 4376 2143 4406 anno
2184 4368 2299 4412 1144,
2319 4364 2433 4408 etin
2458 4365 2656 4407 ecclesi·
2672 4364 2947 4403 Lateranum

441 4418 621 4459 conch·
638 4418 933 4467 porphyrica,
952 4418 1171 4466 sepultu-
1194 4424 1280 4459 ent.
