2993 4837
26 279 137 341 ΟΥ.
189 278 270 342 28
662 297 739 342 ns
787 296 844 343 s.
896 293 1219 343 STEPHANO
1267 297 1536 344 semona
1583 299 1775 346 MART.
2277 282 2405 345 7125

25 379 304 465 piritibus
346 402 384 448 a
438 381 716 448 materia
768 381 1048 450 remotis
1097 381 1560 450 contenderet.
1608 382 1930 451 Callistus
1975 382 2225 469 itaque,
2281 405 2487 469 quam

25 468 304 536 elerrime
363 482 643 557 poterat,
698 469 782 537 ad
836 484 1135 539 montem
1178 469 1545 559 profectu5‚
1603 484 1839 541 sancto
1876 471 2017 540 viro
2052 473 2497 560 Imperatoris

26 556 271 625 laudata
320 559 621 647 exponit,
666 580 881 645 eaque
928 559 1186 637 omnia,
1230 580 1408 645 quae
1463 560 1797 628 illiciendi
1846 574 2050 647 atque
2102 560 2497 629 inflectendi
2597 639 2602 644 ,

25 646 91 712 im
140 646 504 727 habebant,
552 647 619 715 in
662 647 966 716 medium
1020 647 1297 735 profert,
1355 649 1726 737 ipsumque
1776 649 1858 717 ad
1913 648 2493 719 subscribendum

25 735 334 803 ertrahere
375 749 689 804 conatur.
724 742 968 804 Verum
1008 737 1277 826 pietatis
1301 739 1558 806 corona
1590 750 1733 807 erat
1768 737 2181 826 Stephanus,
2221 738 2501 823 zeloque

25 845 41 889 2
86 823 319 892 virtute
365 829 870 914 Protomartyre
924 825 1110 893 haud
1165 824 1468 894 inferior.
1525 832 1900 913 Tamquam
1951 827 2162 908 enim,
2198 828 2318 913 qui
2371 832 2500 896 Do-

25 911 213 980 tinum
264 934 304 980 a
351 911 609 981 dextris
639 914 784 984 suis
832 935 981 981 esse
1013 936 1286 1002 semper
1338 914 1743 1003 provideret,
1780 936 1860 981 ac
1910 929 2266 1004 propterea
2304 915 2496 985 nullo

25 1001 246 1069 aeresis
276 1001 545 1089 impetu
592 1003 1221 1080 concuteretur-,ad
1276 1004 1738 1091 perniciosum
1776 1003 1974 1072 illum
2014 1003 2345 1100 nunq'uni
2388 1004 2496 1073 his

26 1089 173 1159 erbis
218 1112 385 1158 usus
437 1104 578 1159 est:
622 1115 647 1154 ε
701 1095 777 1159 At
809 1112 934 1181 ego
969 1113 1090 1160 nec
1133 1091 1296 1161 huic
1345 1092 1616 1162 decreto
1648 1114 1726 1161 ac
1760 1091 1914 1161 salsi
1955 1092 2163 1180 hujus
2212 1093 2495 1161 Concilii

25 1177 336 1264 aniloquio
386 1180 848 1260 subscribam,
888 1202 1011 1249 nec
1063 1179 1234 1249 illud
1290 1203 1599 1268 unquam
1633 1180 2121 1269 comprobabO,
2159 1201 2281 1248 nec
2309 1202 2495 1249 ama-

25 1288 109 1332 Jm
142 1265 358 1348 dulce,
397 1291 477 1337 ac
515 1269 830 1337 tenebras
861 1268 1083 1337 lucem
1119 1269 1373 1337 dicam:
1416 1292 1499 1338 ne
1532 1270 1904 1358 Prophetae
1941 1268 2490 1338 maledictionem

25 1369 270 1443 tcaput
318 1379 553 1425 meum
611 1358 1027 1446 pertraham.
1085 1362 1448 1428 Sacrarum
1523 1373 1749 1428 autem
1826 1359 2219 1447 Imaginum
2284 1362 2493 1427 causa

24 1458 336 1533 romptum
403 1445 574 1514 mihi
647 1468 727 1514 ac
778 1445 1076 1535 proclive
1123 1460 1225 1516 est
1283 1461 1569 1516 mortem
1625 1461 1988 1537 oppetere,
2051 1448 2493 1536 Imperatoris

25 1530 193 1612 tinas,
228 1534 341 1619 qui
381 1534 509 1603 has
540 1534 767 1604 delere
807 1557 1023 1606 ausus
1069 1548 1193 1615 est,
1242 1535 1414 1604 nihil
1471 1537 1790 1605 moranti.
1834 1559 1868 1601 »
1919 1540 2099 1604 Haec
2141 1536 2260 1606 ubi
2295 1536 2488 1616 dixit,

25 1640 182 1688 avam
217 1645 500 1691 manum
540 1624 769 1692 statim
804 1623 1197 1693 ostendens:
1235 1646 1271 1690 «
1309 1626 1594 1695 Etiamsi
1629 1625 1823 1705 mihi,
1865 1624 2112 1710 inquit,
2147 1624 2491 1694 tantulum

26 1723 296 1779 umtaxat
344 1712 712 1799 sanguinis
759 1725 958 1790 esset,
999 1712 1067 1780 id
1119 1726 1347 1782 tamen
1401 1735 1523 1802 pro
1574 1714 1816 1784 Christi
1870 1713 2173 1802 imagine
2210 1713 2496 1802 prosun-

26 1817 114 1863 ere
160 1800 435 1869 minime
477 1800 894 1869 dubitarem.
950 1806 1131 1882 Quos
1179 1823 1337 1871 vero
1376 1802 1461 1870 ab
1510 1824 1588 1870 eo
1622 1802 1709 1870 ad
1766 1824 1871 1871 me
1928 1803 2117 1871 cibos
2175 1802 2488 1882 attulisti,

26 1883 197 1954 eferas
245 1911 407 1958 sane
461 1889 664 1958 licet:
736 1889 1061 1975 quoniam
1094 1944 1112 1968 ,
1179 1902 1254 1959 ut
1299 1911 1457 1959 cum
1510 1890 1744 1959 divina
1817 1891 2170 1980 Scriptura
2222 1890 2484 1977 loquar,

27 1994 274 2044 Onerum
311 1978 462 2064 ejus
509 2000 639 2047 non
694 2000 880 2067 egeo.
937 1978 1096 2047 Oleo
1148 1979 1524 2067 peccatoris
1580 2002 1711 2048 non
1761 1978 2239 2079 impinguetur
2285 1994 2493 2069 caput

25 2081 217 2132 teum:
262 2087 383 2134 nec
429 2067 931 2135 haereticorum
967 2067 1141 2136 cibis
1192 2080 1429 2156 guttur
1471 2089 1702 2137 meum
1745 2067 2139 2138 deliniatur.
2190 2091 2225 2135 »

63 2151 281 2234 ἓῖἒθ.
328 2160 473 2224 Hac
523 2156 830 2224 oratione
884 2155 1144 2236 audita,
1207 2156 1549 2236 Callistus,
1605 2157 1903 2225 maximo
1956 2157 2217 2246 pudore
2266 2158 2488 2227 suffu-

29 2257 111 2314 us,
145 2245 510 2322 revertitur,
550 2257 752 2331 atque
792 2250 1279 2334 Imperatorem
1333 2245 1598 2326 adiens,
1659 2246 1892 2314 omnia
1941 2246 2002 2313 ei
2061 2259 2317 2316 narrat.
2371 2246 2493 2315 Ille

26 2338 177 2397 :utem
221 2332 360 2401 irae
394 2356 476 2401 ac
512 2333 765 2403 furoris
818 2335 999 2402 nube
1039 2333 1431 2414 obducitur,
1465 2357 1544 2402 ac
1579 2336 1805 2404 statim
1841 2335 2123 2403 sicarios
2158 2357 2295 2402 una
2331 2358 2487 2403 cum

25 2412 213 2487 {allisto
274 2424 527 2503 mittit,
590 2424 824 2509 eisque
887 2424 1224 2512 imperat,
1279 2436 1353 2492 ut
1409 2436 1724 2493 sanctum
1779 2426 2001 2493 virum
2053 2447 2094 2491 a
2140 2422 2315 2499 cella
2366 2447 2492 2492 sua

31 2501 361 2591 hstrahant,
398 2534 482 2579 ac
534 2514 849 2600 protinus
890 2511 973 2580 ad
1017 2512 1303 2581 inferius
1359 2512 1852 2582 monasterium
1905 2512 2307 2592 deductum,
2350 2511 2494 2583 illic

26 2611 115 2660 urn
148 2618 404 2668 summa
450 2622 620 2669 cura
652 2623 729 2669 ac
761 2600 1115 2690 vigilantia
1152 2601 1502 2669 inclusum
1556 2614 1849 2682 teneant,
1887 2602 2111 2687 quoad
2150 2601 2492 2671 arbitratu

26 2699 89 2745 uo
129 2683 202 2753 de
246 2709 321 2756 eo
369 2690 826 2757 constituerit.
867 2689 975 2758 Sic
1026 2690 1236 2779 igitur
1274 2689 1456 2759 dicto
1505 2691 1710 2759 citius
1747 2691 1809 2758 id
1849 2690 2031 2777 qu‘od
2069 2691 2487 2779 imperatum

26 2785 169 2863 qerat
209 2778 445 2864 exequi
499 2777 1013 2855 contendenteS‚
1066 2778 1151 2846 ad
1205 2779 1606 2867 speluncam
1653 2780 1955 2863 veniunt,
1996 2802 2074 2848 ac
2115 2779 2494 2869 sanguina-

27 2876 72 2921 10
98 2862 308 2933 animo
341 2866 685 2948 insiliunt,
733 2866 1041 2952 ostioque
1092 2866 1319 2935 statim
1370 2867 1681 2936 calcibus
1720 2869 1997 2937 effracto
2036 2868 2224 2957 pium
2267 2870 2490 2937 virum

25 2964 87 3010 er
126 2950 246 3018 vim
298 2954 478 3025 foras
531 2956 835 3024 trahunt.
904 2960 991 3024 Ac
1058 2977 1337 3024 cernere
1407 2970 1552 3025 erat
1613 2979 1752 3025 rem
1822 2958 2194 3047 proborum
2271 2958 2494 3027 oculis

27 3031 393 3111 dmiratione
443 3045 727 3134 dignam
763 3065 842 3111 ac
888 3044 1431 3113 memorandam.
1473 3046 1737 3113 Etenim
1774 3067 1851 3113 ex
1892 3046 2156 3136 ingenti
2187 3047 2492 3132 quadam

25 3126 386 3212 ominentia,
440 3146 505 3201 et
554 3133 893 3201 domicilii
949 3134 1337 3202 humilitate
1380 3146 1586 3221 atque
1634 3134 1982 3223 angustia,
2021 3135 2227 3203 tibiae
2268 3136 2493 3223 ipsius

25 3230 59 3274 a
106 3213 463 3290 semoribus
513 3221 990 3299 adhaeserant,
1037 3235 1112 3291 ut
1165 3244 1286 3290 nec
1342 3222 1484 3291 ullo
1546 3222 1747 3292 modo
1798 3236 1997 3304 stare,
2054 3246 2177 3292 nec
2230 3223 2491 3291 moveri

31 3316 198 3397 osset.
253 3311 439 3389 Quod
480 3332 637 3379 cum
674 3325 981 3380 amentes
1018 3311 1331 3380 homines
1366 3312 1896 3400 perspexissent,
1953 3334 2228 3380 summa
2268 3311 2494 3379 admi-

25 3400 210 3484 ssltone
246 3397 498 3484 perfusi
532 3413 717 3479 sunt,
756 3413 958 3486 atque
987 3421 1065 3469 ex
1101 3399 1381 3469 saevitia
1429 3413 1494 3468 et
1544 3399 1807 3470 feritate
1857 3401 2126 3469 animos
2174 3399 2256 3468 ad
2309 3422 2496 3468 com-

26 3485 454 3556 nserationem
516 3488 947 3557 inflexerunt.
1004 3493 1091 3557 Ac
1139 3489 1277 3557 duo
1325 3488 1608 3575 quidam
1669 3511 1748 3558 ex
1798 3490 1992 3578 ipsis,
2033 3493 2361 3579 concepta
2416 3511 2495 3559 ex

26 3578 143 3634 tnta
204 3577 415 3644 sancti
471 3577 595 3645 viri
654 3599 987 3646 aerumna
1039 3577 1685 3657 commiseratione,
1746 3579 2080 3649 consertis
2132 3579 2483 3658 manibuS,

25 3668 301 3749 ssqeptum
338 3687 493 3733 eum
532 3666 971 3746 sufferebant.
1020 3673 1166 3735 Mox
1216 3678 1444 3734 autem
1483 3666 1590 3734 ad·
1620 3668 1838 3736 Patris
1882 3668 2191 3737 Auxentii
2227 3689 2495 3737 coeme-

26 3756 196 3812 3r1um
233 3754 596 3833 venienteS,
638 3777 797 3824 eum
851 3777 989 3824 una
1024 3777 1180 3823 cum
1237 3755 1597 3824 monachis
1648 3755 1810 3836 illis,
1849 3756 1967 3843 qui
2018 3778 2175 3825 cum
2219 3778 2297 3824 eo
2348 3779 2494 3825 ver-

25 3826 299 3921 {tbantun
359 3842 823 3925 incluserunt3
868 3856 1070 3930 atque
1120 3843 1254 3931 ipsi
1307 3866 1428 3933 pro
1477 3843 1742 3913 foribus
1775 3846 2230 3923 excubabant,
2274 3845 2496 3934 impe-

28 3934 140 3987 ¹Um
196 3926 447 4016 aliquid
501 3954 581 4000 ac
624 3933 957 4001 nuncium
1022 3955 1059 4000 a
1119 3945 1413 4020 tyranno
1467 3945 1959 4021 exspectantes.
1996 3939 2073 4002 At
2118 3935 2299 4002 enim
2340 3956 2496 4003 vero

25 4022 322 4109 Tene-rosus
375 4019 488 4088 ille
538 4035 741 4108 atque
773 4020 1024 4090 eximia
1075 4021 1319 4090 virtute
1365 4021 1716 4110 praeditus
1762 4022 2173 4123 Stephanus,
2215 4036 2307 4092 tot
2348 4044 2496 4091 mo-

25 4105 179 4196 estus
207 4105 503 4188 affectus,
541 4132 618 4177 ac
655 4110 1019 4179 facinorosi
1056 4110 1445 4199 cujuspiam
1488 4111 1789 4179 hominis
1830 4124 1968 4180 ritu
2008 4111 2073 4178 in
2111 4112 2495 4179 custodiam

26 4198 323 4271 ‘Onjectus
362 4198 594 4266 animo
646 4220 781 4267 non
831 4198 1177 4267 concidit:
1240 4220 1473 4267 verum
1527 4221 1667 4268 una
1716 4221 1873 4268 cum
1917 4199 2120 4269 sociis
2171 4200 2315 4268 suis
2356 4197 2495 4265 alta

26 4276 51 4360 {l
78 4279 393 4353 modulata
430 4309 588 4356 voce
624 4286 980 4375 psallebat:
1019 4311 1053 4353 «
1095 4287 1535 4375 Impollutam
1577 4288 1948 4376 imaginem
1986 4301 2200 4366 tuam,
2242 4308 2280 4354 o
2321 4286 2496 4354 bone

33 4373 154 4441 eSu,
204 4370 650 4447 adoramus.»
692 4380 768 4444 At
820 4376 891 4456 ii,
962 4376 1217 4463 quibus
1283 4375 1596 4446 custodia
1653 4377 2022 4445 commissa
2071 4374 2311 4454 fuerat,
2373 4392 2498 4462 pro
