2993 4837
37 289 176 355 EOV.
233 290 305 353 ¹4
589 307 666 352 DE
714 306 769 353 s.
823 306 1174 354 mummio
1222 306 1516 353 Aacnfflr.
1573 307 1948 354 υυυιιΝΕΝει
2330 291 2457 355 475

30 390 381 464 mundanae
434 391 760 459 vanitatis
809 391 1027 479 major
1058 390 1271 459 fomes
1304 391 1646 459 extinctus
1676 403 1798 458 est.
1848 390 2004 460 Suis
2037 405 2262 458 autem
2307 413 2548 478 paren-

30 480 175 560 tibus
208 492 355 569 post
387 479 659 568 prolem
701 479 1154 566 multiplicem
1200 480 1438 549 beatus
1485 479 1893 548 Laurentius
1934 477 2177 547 ultimo
2208 480 2409 550 datus
2450 495 2550 549 est

30 567 223 640 nlius:
277 568 393 637 scd
430 568 597 637 licet
634 568 975 638 nascendo
1006 590 1089 636 ex
1115 590 1323 636 carne
1356 567 1560 637 fuerit
1602 569 2054 648 novissimus,
2100 568 2281 654 quod
2323 581 2547 636 tamen

30 657 90 808 Γᾶ
120 658 431 746 spiritum
478 656 747 735 attinet,
797 658 1063 746 primus
1102 657 1406 726 emicuit.

90 748 121 831 ξ
168 752 252 817 2.
304 751 472 815 Nato
508 747 707 814 beato
746 767 978 834 puero,
1036 760 1225 834 pater
1262 745 1508 833 ipsiuS,
1545 745 1665 831 qui
1700 743 2011 814 infensus
2045 743 2265 813 fuerat
2304 744 2546 812 Comiti

29 833 89 903 ile
116 834 404 914 Kildara,
456 839 718 903 Donato
754 834 1053 914 nomine,
1097 834 1408 922 placatus
1449 831 1913 922 postmodum,
1958 834 2025 901 in
2071 831 2311 902 foedus
2362 833 2551 921 pacis

29 931 75 998 tt
111 923 443 992 amicitiae
494 924 791 992 invicem
854 923 1406 1002 conservandae,
1473 922 1695 991 eidem
1748 922 1987 990 Comiti
2050 920 2273 989 filium
2342 943 2545 990 suum

28 1013 204 1091 misit,
250 1025 320 1080 ut
349 1034 514 1081 eum
552 1011 805 1080 faceret
846 1011 1197 1100 baptizari,
1228 1012 1484 1097 jubens
1519 1024 1592 1079 ut
1624 1014 1972 1079 Conconor
2007 1023 2382 1079 vocaretur.
2422 1010 2549 1078 Sed

28 1097 363 1171 serentibus
408 1123 710 1189 puerum
750 1099 1084 1170 ministris
1118 1101 1297 1168 venit
1344 1100 1616 1168 obviam
1651 1098 1933 1186 quidam
1969 1153 1984 1179 ,
2039 1100 2158 1184 qui
2217 1099 2552 1188 propbeta

28 1189 179 1277 apud
226 1212 338 1259 eos
372 1189 785 1258 habebatur.
827 1193 989 1257 Vera
1038 1189 1223 1257 enim
1263 1188 1588 1276 pleraque
1637 1187 1870 1255 omnia
1907 1186 2308 1255 hominibus
2362 1209 2548 1274 prae·

28 1277 321 1350 nunciare
353 1278 806 1364 probabatur.
862 1282 927 1345 Is
968 1279 1195 1363 itaque
1241 1300 1399 1347 cum
1451 1298 1732 1345 causam
1777 1276 2043 1345 itineris
2093 1276 2545 1365 cognovisset,

30 1379 79 1436 et
115 1368 276 1451 quod
333 1367 421 1435 de
465 1388 685 1454 puero
749 1365 1109 1435 mandarat
1160 1379 1348 1455 pater
1394 1365 1548 1452 ejus
1582 1420 1596 1444 ‚
1652 1366 1877 1433 statim
1933 1387 2213 1433 accessu
2264 1365 2552 1452 spiritus

32 1469 263 1523 versum
313 1455 770 1524 Hibernicum
825 1455 1127 1543 protulit,
1169 1455 1369 1543 cujus
1404 1455 1515 1522 hic
1548 1467 1650 1523 est
1679 1475 1968 1523 sensus:
2024 1458 2157 1523 Iste
2202 1476 2370 1541 puer
2408 1476 2552 1522 ma·-

34 1544 288 1632 gnificus
320 1547 449 1612 erit
502 1546 574 1612 in
621 1543 838 1622 terriS,
876 1557 940 1611 et
978 1543 1322 1630 gloriosus
1359 1544 1424 1610 in
1462 1542 1695 1621 coelis,
1754 1542 2177 1629 praeeritque
2228 1541 2552 1632 plurimis

34 1637 141 1704 tum
179 1631 505 1702 divitibus
568 1653 774 1719 quam
839 1633 1119 1789 effetus:
1173 1644 1238 1700 et
1284 1633 1411 1699 erit
1460 1632 1865 1700 Laurentius
1916 1653 2162 1700 nomen
2214 1631 2386 1720 ejuS.
2444 1632 2551 1700 Sic

36 1721 183 1790 enim
226 1722 435 1808 jubeo
476 1744 641 1790 eum
698 1742 874 1808 appe
909 1721 1055 1788 lari.
1112 1725 1416 1806 Cumque
1468 1720 1766 1790 ministri
1807 1719 2231 1788 admirantes
2274 1741 2552 1807 respon-

36 1805 250 1889 derent,
303 1833 439 1880 non
474 1809 734 1878 audere
772 1831 843 1877 se
878 1809 1090 1899 patris
1127 1809 1412 1896 imperio
1451 1830 1584 1876 non
1631 1830 1889 1897 parere,
1944 1808 2114 1876 dixit
2157 1820 2373 1877 vates:
2417 1813 2553 1896 Ego

39 1889 137 1966 hae
178 1911 362 1968 nocte
410 1899 703 1969 domum
758 1899 969 1986 patris
1017 1897 1165 1985 ejus
1212 1897 1583 1986 ingrediar,
1637 1908 1702 1964 et
1753 1918 1866 1965 vos
1915 1896 1999 1964 de
2050 1897 2352 1964 nominis
2403 1920 2552 1989 mu·

40 1985 244 2055 tatione
288 1988 456 2057 satis
504 1986 791 2054 reddam
826 2000 1203 2055 excusatos.
1252 1988 1356 2054 Illi
1394 2009 1556 2073 ergo
1591 1997 1828 2071 coepto
1869 1985 2094 2053 itineri
2133 1985 2546 2066 insistentes,

41 2071 103 2140 td
143 2078 497 2145 Darensem
544 2075 910 2157 civitatem,
950 2089 1224 2144 sanctae
1257 2073 1573 2164 Brigidae
1621 2072 1879 2152 sedem,
1930 2094 2218 2160 puerum
2259 2073 2554 2162 pertule-

42 2177 167 2230 runt
194 2187 206 2229 :
238 2165 354 2233 ubi
392 2178 713 2252 receptus
744 2186 780 2231 a
816 2164 1162 2253 praedicto
1193 2164 1447 2232 Comite
1479 2185 1640 2232 cum
1678 2161 1958 2251 gaudio,
1996 2174 2061 2229 et
2092 2163 2177 2230 ab
2219 2162 2554 2250 Episcopo

44 2249 285 2332 civitatis
326 2254 650 2342 protinus
699 2254 1078 2343 baptizatus
1107 2306 1121 2333 ,
1184 2251 1630 2332 LaurentiuS,
1678 2251 1779 2321 uti
1837 2263 2021 2319 vates
2074 2250 2544 2339 praedixerat,

44 2352 273 2409 vocatus
311 2356 531 2412 est....

106 2428 256 2512 §a
308 2432 530 2501 Crevit
581 2431 807 2517 itaque
869 2452 1090 2519 puer,
1157 2442 1221 2499 et
1267 2430 1491 2519 coepit
1554 2431 1772 2499 bonae
1842 2428 2093 2498 indolis
2153 2427 2555 2497 adolescens

42 2532 196 2596 esse3
244 2532 305 2588 et
352 2519 779 2600 honorifice,
832 2534 908 2588 ut
954 2518 1208 2598 decuit,
1268 2518 1612 2588 enutritus
1661 2539 1881 2605 usque
1929 2518 2010 2587 ad
2065 2539 2324 2585 annum
2369 2516 2554 2584 deci-

44 2622 241 2685 mum,
292 2631 505 2697 super
555 2629 792 2676 omnes
840 2621 1238 2678 coaetaneos
1286 2629 1448 2676 suos
1499 2607 1694 2676 miris
1745 2606 2027 2697 profecit
2083 2606 2548 2675 incrementis.

44 2694 255 2764 Accidit
290 2711 553 2773 autem,
595 2709 668 2764 ut
705 2709 891 2786 pater
938 2696 1087 2782 ejus
1136 2697 1514 2765 maximum
1569 2697 1874 2765 Dermitii
1924 2695 2127 2785 Regis
2176 2695 2410 2764 odium
2452 2694 2555 2762 in·

44 2796 321 2865 curreret,
364 2798 836 2871 metueretque
882 2808 961 2854 ex
995 2785 1353 2854 furibundi
1403 2785 1608 2868 Regis
1641 2785 1872 2863 miniS‚
1913 2807 2044 2854 non
2083 2784 2305 2854 solum
2346 2784 2413 2851 in
2453 2806 2546 2863 se,

48 2868 134 2962 §ed
174 2874 363 2943 etiam
438 2876 508 2943 in
581 2885 784 2942 totam
852 2873 1179 2942 ditionem
1242 2895 1436 2942 suam
1503 2871 1697 2942 illum
1775 2874 2218 2942 saeviturum.
2277 2874 2555 2942 Metiens

50 2957 214 3053 igitur
243 2976 303 3030 et
345 2976 666 3033 metuens
714 2962 1047 3031 bellorum
1098 2976 1161 3031 et
1210 2961 1722 3030 dissensionum
1775 2962 2203 3040 discrimina,
2247 2982 2556 3029 commu-

50 3061 231 3140 nicato
258 3073 411 3121 cum
459 3051 609 3122 suis
635 3050 946 3130 consilio,
984 3050 1068 3118 de
1097 3065 1394 3138 quatuor
1424 3049 1614 3129 filiis,
1658 3070 1833 3135 quos
1862 3049 2174 3127 habebat,
2204 3049 2553 3137 juniorem

46 3148 93 3197 el
132 3139 555 3209 Laurentium
613 3139 799 3227 pacis
847 3137 1152 3208 obsidem
1190 3138 1552 3227 delegavit.
1605 3143 1681 3207 At
1730 3143 1866 3207 Rex
1908 3137 2355 3215 inhumanuS,
2400 3161 2556 3206 cru-

48 3216 231 3294 delius
258 3240 559 3298 tractans
605 3227 689 3296 de
740 3249 977 3318 puero,
1035 3228 1260 3315 ipsum
1298 3228 1364 3294 in
1419 3241 1666 3295 terram
1714 3224 2091 3313 lapidosam
2129 3240 2193 3293 et
2224 3225 2550 3304 sterilem,

44 3307 140 3376 ubi
185 3315 424 3385 victum
481 3339 676 3406 seges
725 3337 925 3405 aegra
980 3317 1293 3405 negabat,
1337 3316 1552 3404 jussit
1602 3316 1901 3383 vinctum
1953 3313 2319 3401 deportari,
2363 3313 2482 3382 ubi
2519 3335 2557 3380 a

48 3390 237 3470 fructu
281 3405 607 3475 frumenti
637 3460 651 3486 ‚
707 3406 842 3473 vini
892 3419 957 3473 et
1004 3404 1134 3473 olei
1187 3404 1608 3494 privabatur,
1666 3404 1782 3473 ubi
1837 3401 2166 3491 parvulus
2204 3400 2393 3493 petiit
2443 3423 2558 3489 pa-

48 3502 211 3567 nem.
259 3508 321 3561 et
370 3516 503 3563 non
556 3505 696 3561 erat
745 3493 864 3580 qui
914 3493 1258 3582 frangeret
1304 3493 1389 3560 ei.
1444 3492 1548 3562 Ibi
1599 3507 1878 3560 sanctus
1923 3512 2091 3580 puer
2151 3489 2558 3575 aliquandiu

48 3566 264 3668 {legens
297 3636 311 3659 ,
366 3581 821 3671 multiplicem
876 3604 1121 3670 passus
1169 3594 1268 3650 est
1335 3581 1662 3669 injuriam
1715 3603 1792 3649 ex
1842 3579 2021 3648 fame
2082 3594 2147 3648 et
2197 3577 2504 3647 nuditate
2537 3633 2552 3658 ,

51 3676 345 3761 intantum
400 3684 475 3739 ut
523 3693 643 3759 per
693 3672 995 3761 inopiam
1046 3692 1281 3739 eorum
1318 3725 1332 3749 ,
1386 3691 1563 3754 quae
1612 3669 1693 3737 ad
1750 3669 2002 3737 victum
2058 3667 2442 3755 pertinent,
2495 3680 2560 3735 et

51 3753 357 3826 stridentis
405 3758 649 3828 boreae
696 3761 935 3829 flatum
971 3814 986 3837 ,
1040 3758 1123 3827 ad
1177 3758 1653 3827 mendicorum
1706 3758 2094 3844 squalorem
2152 3755 2552 3844 pervenerit,

52 3850 102 3904 et
139 3862 172 3908 a
218 3847 435 3931 planta
491 3847 681 3936 pedis
747 3870 968 3935 usque
1026 3847 1108 3916 ad
1178 3847 1494 3915 verticem
1568 3868 1978 3933 percussus,
2049 3842 2557 3931 quodammodo

56 3933 386 4002 secundum
440 3958 715 4005 carnem
768 3937 1051 4006 omnino
1103 3936 1494 4005 tabesceret.
1549 3934 1736 4015 Quod
1771 3956 1927 4003 cum
1979 3934 2062 4002 ad
2102 3954 2303 4002 aures
2346 3932 2558 4017 patris

57 4021 439 4093 quorundam
494 4026 709 4096 relatu
762 4026 1096 4103 venisset,
1154 4026 1303 4093 sine
1366 4045 1555 4092 mora
1606 4022 2139 4111 comprehensos
2191 4019 2553 4088 duodecim

58 4101 222 4202 Regis
280 4114 577 4183 Dermitii
646 4114 898 4184 milites
956 4136 1028 4183 se
1074 4113 1609 4201 quamprimum·
1655 4112 2047 4180 occisurum
2111 4109 2549 4186 minabatur,

60 4204 165 4288 nisi
207 4196 326 4266 sibi
375 4201 584 4282 filius,
640 4224 850 4291 super
894 4223 1031 4287 quo
1079 4214 1420 4270 commota
1469 4197 1741 4267 fuerant
1790 4212 2068 4288 paterna
2122 4200 2402 4275 viscera,
2448 4216 2558 4263 ce-

62 4268 249 4350 leriter
284 4289 698 4360 redderetur.
749 4291 823 4359 Id
876 4290 1169 4360 audiens
1214 4294 1351 4358 Rex
1400 4287 1793 4366 Dermitius,
1832 4309 1990 4357 cum
2037 4310 2168 4356 non
2214 4287 2562 4375 ignoraret

63 4369 274 4441 terram
327 4376 510 4448 illius
566 4400 714 4450 esse
766 4379 1317 4457 invictissimam,
1365 4395 1660 4463 puerum
1707 4374 1987 4444 reddere
2039 4375 2302 4455 maluit,
2348 4393 2560 4458 quam
