2993 4837
484 296 614 359 436
1306 312 1382 355 nr.
1432 312 1487 357 s,
1544 310 1819 357 maurino
1871 311 2029 356 rara
2624 289 2794 356 NOV.
2840 290 2907 355 ts

397 396 692 466 vinculis
727 416 1001 474 nexum,
1038 406 1113 463 ut
1145 393 1654 464 dilaniarentur
1691 416 1895 465 crura
1926 408 1993 464 et
2023 394 2315 484 poplites
2346 392 2526 481 ejuS‚
2567 406 2631 462 et
2658 393 2915 483 sanguis

398 485 738 575 pretiosus
787 484 1028 552 flueret
1087 504 1205 572 per
1252 505 1619 553 ascensum
1681 483 1905 553 scalae
1959 481 2270 571 ejusdem
2315 481 2700 552 custodiae:
2748 494 2921 553 erant

398 574 583 642 enim
636 572 894 662 gradus
941 571 1286 661 scopulosi
1338 584 1402 642 et
1444 573 1671 660 asperi
1723 572 1942 654 valde,
1980 595 2060 641 ac
2104 572 2378 660 penitus
2430 570 2499 639 in
2547 570 2759 639 altum
2790 591 2919 660 por-

400 663 591 732 recti.
645 667 801 730 Erat
852 673 1077 730 autem
1143 661 1385 731 beatus
1445 662 1826 751 Episcopus
1864 662 2010 751 jam
2063 673 2225 730 tunc
2287 661 2488 729 morti
2541 660 2917 749 proximus.

400 750 764 840 suppliciis
816 750 1048 817 anima
1095 748 1473 819 deficiente.
1534 750 2054 819 Introducentes
2100 771 2262 839 ergo
2304 749 2921 835 quomodocumque

401 842 472 909 in
525 838 907 909 custodiam
964 852 1278 907 sanctum
1329 839 1554 908 virum
1605 838 2031 909 decidentem
2084 839 2361 929 saepius
2411 850 2476 906 et
2523 850 2923 928 surgentem,

400 941 782 1019 posuerunt
815 929 883 994 in
918 948 1201 995 scamno
1238 927 1561 997 indutum
1602 926 1780 997 ferro
1813 940 1877 997 et
1907 927 2194 998 catenis.

487 1019 525 1103 ἓ
575 1022 719 1089 21.
767 1021 1129 1100 Postquam
1162 1016 1348 1085 enim
1391 1016 1684 1085 traditus
1716 1026 1818 1086 est
1850 1015 2190 1106 praefecto
2228 1037 2268 1082 a
2301 1014 2659 1084 sacellario
2694 1028 2772 1084 ut
2800 1035 2929 1084 cru·

400 1106 719 1185 ciaretur,
778 1106 1104 1173 continuo
1153 1105 1516 1174 carnifices
1547 1118 1885 1175 exuerunt
1916 1127 2074 1174 eum
2118 1104 2544 1173 vestimentis
2593 1104 2764 1185 suis,
2802 1125 2931 1193 gra—

402 1196 572 1263 viter
637 1192 820 1261 enim
883 1192 1236 1283 algoribus
1293 1193 1713 1263 vexabatur:
1771 1195 1935 1281 quia
1991 1193 2440 1263 intolerabilis
2501 1193 2726 1262 hiems
2785 1203 2931 1262 erat.

401 1289 889 1372 Imposuerunt
957 1294 1186 1350 autem
1249 1282 1313 1350 ei
1374 1283 1784 1372 gravissima
1847 1281 2149 1373 pondera
2198 1282 2357 1351 ferri
2395 1336 2410 1363 ‚
2477 1294 2543 1350 et
2613 1280 2848 1352 nullus
2886 1280 2957 1347 ei*

402 1371 637 1441 aderat
682 1371 766 1439 de
815 1371 982 1451 suis,
1035 1382 1312 1459 excepto
1359 1393 1501 1439 uno
1550 1371 1801 1441 clerico
1848 1370 2300 1440 adolescente.
2341 1370 2467 1453 Qui
2506 1372 2939 1439 commanens

402 1462 461 1528 ei
497 1462 564 1527 in
616 1459 950 1539 custodia,
1002 1471 1067 1528 et
1114 1470 1518 1548 superstans
1569 1459 2074 1530 lamentabatur
2122 1460 2559 1550 magistrum,
2600 1460 2807 1528 sicuti
2838 1463 2935 1528 Pe-

403 1561 551 1618 trus
602 1547 991 1617 Dominum.
1049 1552 1204 1616 Erat
1250 1560 1477 1617 autem
1533 1549 1856 1638 magister
1904 1548 2256 1618 custodiae
2303 1546 2727 1635 conjunctus
2768 1550 2937 1619 beato

403 1638 785 1726 Episcop0,
847 1636 1011 1723 quia
1059 1635 1157 1705 sic
1205 1649 1351 1705 erat
1398 1658 1570 1717 mos,
1624 1650 1700 1707 ut
1748 1637 2022 1708 futurus
2074 1638 2211 1726 pati
2262 1659 2383 1726 per
2430 1636 2748 1727 gladium
2799 1657 2957 1707 con··

405 1724 780 1795 vinciretur
827 1724 1156 1812 magistro
1215 1725 1569 1794 custodiae
1632 1726 1750 1795 illa
1800 1739 2042 1795 nocte:
2095 1740 2290 1795 erant
2337 1741 2567 1795 autem
2635 1725 2737 1794 ibi
2787 1726 2935 1794 duae

407 1813 755 1893 mulieres,
811 1826 1028 1882 mater
1071 1826 1136 1881 et
1176 1814 1340 1894 filia,
1390 1814 1670 1884 devotae
1722 1815 1940 1896 valde,
1998 1816 2557 1904 praenominatae
2606 1813 2935 1883 custodiae

403 1901 629 1972 claves
678 1915 1004 1982 tenentes,
1040 1924 1352 1989 quaeque
1400 1903 1859 1991 adspicientes
1901 1902 2402 1993 importabilem
2445 1902 2758 1972 dolorem
2809 1922 2935 1971 san·

405 1992 696 2061 ctissimi
730 1992 965 2080 patriS,
1001 1991 1121 2077 qui
1156 1993 1329 2061 inter
1363 2005 1455 2061 tot
1483 2013 1859 2080 poenarum
1889 2014 2140 2083 genera
2165 2013 2342 2080 quae
2369 1991 2680 2073 aderant,
2723 1991 2935 2060 ardore

403 2081 843 2167 quatiebatur
900 2079 1289 2159 dirissimo;
1352 2093 1575 2150 motae
1639 2081 2241 2171 compassionibus
2276 2136 2291 2162 ,
2352 2081 2782 2166 quaerebant
2835 2079 2935 2149 ali-

406 2191 615 2256 quam
672 2167 1214 2238 misericordiam
1268 2168 1488 2238 facere
1521 2192 1678 2238 cum
1728 2169 1867 2251 illo,
1922 2183 1988 2239 et
2033 2183 2390 2260 contegere
2437 2190 2599 2238 eum
2644 2169 2933 2239 volebant

411 2271 626 2328 mater
679 2280 840 2327 cum
903 2256 1092 2338 filia,
1157 2258 1272 2326 sed
1327 2279 1461 2326 non
1525 2258 1874 2328 audebant
1934 2273 2212 2350 propter
2260 2259 2563 2328 vinctum
2622 2272 2686 2327 et
2738 2270 2937 2329 custo*

407 2346 706 2416 dientem
757 2346 1181 2415 carnificem.
1234 2348 1575 2416 Putabant
1619 2348 1803 2416 enim
1847 2360 2155 2417 actutum
2199 2361 2554 2416 venturam
2593 2364 2933 2418 censuram

409 2448 485 2504 ut
519 2435 1002 2506 trucidaretur.
1057 2440 1209 2505 Post
1237 2436 1575 2523 quasdam
1619 2459 1777 2508 vero
1811 2437 2015 2507 horas
2048 2437 2328 2523 quidam
2371 2458 2447 2506 ex
2486 2437 2735 2506 ordine
2784 2433 2931 2506 mili-

417 2526 546 2593 tari
582 2524 916 2592 vocabant
962 2524 1047 2593 ab
1099 2526 1236 2593 imo
1278 2526 1685 2615 magistrum
1745 2526 2017 2614 vigiliae
2063 2526 2449 2595 carceralis.
2504 2526 2935 2596 Descendente

409 2635 512 2690 eo,
569 2635 707 2681 una
749 2613 1119 2682 mulierum
1181 2613 1687 2702 ergastulorum
1747 2614 2023 2684 illorum
2069 2615 2338 2703 pietatis
2394 2609 2653 2686 visc⁸ete
2706 2615 2927 2688 dueta,

409 2701 768 2781 accedens
802 2701 1360 2791 amplectensque
1389 2701 1784 2772 bellatorem
1814 2703 2059 2774 Christi
2086 2714 2150 2772 et
2175 2703 2636 2793 Apostolicum
2671 2717 2925 2792 patrem,

416 2802 832 2890 portansque
891 2789 1246 2859 reclinavit
1277 2813 1434 2860 eum
1488 2793 1558 2860 in
1619 2791 1966 2880 praediolo
2014 2814 2142 2862 suo
2173 2806 2545 2882 contegens
2594 2794 2849 2863 utiliter
2884 2797 2927 2858 ei

412 2878 789 2947 involvens.
854 2879 1098 2948 Mansit
1153 2893 1380 2949 autem
1437 2902 1659 2966 usque
1707 2880 1790 2948 ad
1836 2903 2194 2970 vesperum
2247 2882 2395 2950 sine
2435 2903 2620 2950 voce.
2677 2887 2928 2971 Vespere

413 2980 639 3036 autem
681 2966 880 3047 facto,
930 2967 1115 3036 misit
1160 2967 1244 3036 ad
1286 2990 1442 3037 eum
1496 2971 1864 3058 Gregorius
1916 2969 2295 3060 praefectus
2326 2970 2697 3040 eunuchus
2731 2992 2806 3038 ex
2838 2988 2931 3037 cu·

412 3055 775 3125 biculariis
832 3056 1157 3142 majorem
1216 3057 1468 3125 domus
1520 3080 1685 3128 suae
1744 3080 1904 3127 cum
1959 3059 2200 3159 paucis
2255 3058 2574 3140 cibat-im,
2638 3071 2703 3128 et
2736 3055 2929 3127 refecit

411 3168 597 3226 eum,
624 3145 899 3214 dicens:
939 3167 974 3211 «
1011 3150 1102 3215 Ne
1128 3144 1410 3215 deficias
1441 3146 1510 3213 in
1550 3146 2135 3227 tribulationibuS,
2174 3147 2596 3218 confidimus
2624 3149 2693 3216 in
2725 3153 2923 3221 Deum,

410 3256 547 3303 non
603 3234 940 3304 morieris,
980 3256 1014 3301 »
1065 3239 1141 3302 In
1193 3256 1328 3321 quo
1385 3236 1605 3304 marris
1657 3250 2071 3325 aggravatus
2125 3235 2239 3304 ille
2293 3237 2537 3307 beatus
2594 3235 2953 3327 ingemuit„

340 3365 347 3371 ·
410 3321 854 3394 Abstulerunt
892 3334 1118 3392 autem
1153 3323 1481 3392 continuo
1501 3289 1733 3393 ‘ferrea
1774 3323 2052 3394 vincula
2083 3325 2170 3394 ab
2202 3346 2304 3394 eo.

505 3415 540 3498 ξ
591 3417 752 3482 ²2.
810 3411 1130 3499 Sequenti
1179 3426 1404 3480 autem
1464 3412 1575 3481 die
1623 3413 1863 3482 abiens
1913 3418 2292 3502 Imperator
2337 3415 2406 3482 in
2466 3414 2923 3509 patriarchium

413 3500 678 3570 visendi
727 3503 947 3590 gratia
1003 3499 1291 3569 Paulum
1349 3501 1856 3583 Patriarcham‚
1916 3503 2271 3591 proximus
2318 3503 2519 3571 enim·
2541 3516 2686 3573 erat
2734 3515 2921 3576 morti,

415 3589 853 3676 narravitque
900 3590 962 3658 ei
1009 3610 1185 3675 quae
1239 3603 1719 3660 consummata
1758 3603 1957 3661 erant
1995 3592 2060 3660 in
2114 3592 2629 3662 sanctissimum
2681 3598 2921 3684 Papam.

414 3683 489 3746 In
545 3679 885 3748 emiscens
943 3699 1096 3746 vero
1155 3678 1406 3747 Paulus
1451 3691 1517 3747 et
1562 3700 1932 3749 conversus
1983 3679 2066 3749 ad
2108 3680 2460 3770 parietem,
2506 3681 2713 3751 dixit:
2767 3703 2801 3747 a
2830 3682 2919 3748 Hei

415 3768 506 3834 mi
571 3769 611 3848 i,
669 3781 733 3836 et
790 3767 918 3836 hoc
967 3766 1048 3835 ad
1115 3766 1610 3836 abundantiam
1660 3769 2085 3858 judiciorum
2132 3791 2441 3839 meorum
2492 3783 2719 3839 actum
2760 3781 2917 3839 est.»

417 3860 858 3926 Percontatus
919 3876 1081 3946 ergo
1130 3856 1215 3924 ab
1279 3862 1697 3945 Imperatore
1742 3879 1954 3945 quare
2020 3858 2149 3927 hoc
2205 3857 2495 3941 dixerit,
2559 3856 2909 3959 respondit:

414 3967 449 4009 «
485 3946 1004 4032 Nunquidnam,
1044 3945 1346 4025 domine,
1385 3967 1516 4013 non
1565 3957 1666 4014 est
1706 3946 2097 4017 miserabile
2131 3945 2293 4016 talia
2328 3947 2471 4037 pati
2507 3947 2913 4017 Pontificem

413 4038 600 4103 Tunc
620 4035 944 4104 attentius
971 4034 1312 4124 adjuravit
1330 4039 1844 4125 Imperatorem,
1877 4035 2190 4106 sufficere
2213 4036 2275 4104 ei
2298 4037 2367 4105 in
2389 4036 2687 4123 hisquae
2716 4049 2913 4125 passus

410 4134 533 4204 est,
587 4136 652 4192 et
694 4123 865 4192 nihil
917 4122 1221 4213 amplius
1271 4125 1633 4192 sustinere.
1673 4129 1814 4194 Hoc
1853 4137 2080 4195 autem
2116 4125 2354 4196 beatus
2386 4130 2566 4217 Papa
2602 4123 2905 4194 Martinus,
2950 4207 2951 4210 Ἴ

411 4222 477 4278 et
522 4213 686 4297 quia
735 4234 868 4281 non
920 4213 1223 4302 suscepit
1268 4211 1451 4299 quod
1500 4216 1955 4302 exspectavit,
2012 4236 2145 4283 non
2207 4227 2478 4304 gratum
2538 4214 2765 4284 habuit
2810 4207 2909 4277 tale
2950 4217 2951 4252 ³

415 4300 833 4383 promissum
871 4326 884 4366 z
925 4302 1041 4369 sed
1077 4302 1350 4390 penitus
1386 4315 1685 4372 moestus
1723 4304 2026 4383 effectu&
2063 4302 2426 4373 festinabat
2458 4303 2639 4372 enim
2675 4296 2905 4392 implere

411 4383 674 4456 bonum
708 4403 1076 4471 certamen,
1115 4405 1180 4460 et
1213 4391 1565 4480 pervenire
1599 4391 1680 4460 ad
1711 4413 1868 4462 eum
1903 4413 2110 4479 quem
2143 4387 2748 4463 desiderabat.‘Sed
2774 4380 2901 4472 qu¹d
2948 4399 2951 4456 l

2948 4543 2951 4576 l
