2993 4837
27 272 186 335 ΝὉΥ.
242 272 333 335 28
745 290 820 358 os
869 290 922 335 s.
980 288 1299 336 srsrnaso
1348 289 1617 337 sumone
1664 290 1852 337 MART.
2199 305 2214 313 ·
2352 274 2477 339 729

27 373 326 444 3'ecistiS.
368 395 409 438 »
449 377 815 462 Tyrannus
849 385 1073 443 autem
1105 397 1119 440 :
1174 396 1209 440 «
1240 378 1329 443 Ne
1363 374 1511 454 bas,
1555 374 1799 461 inquit,
1835 374 2226 464 Imaginum
2261 375 2565 464 picturas

59 464 193 533 icas
242 462 522 561 (neque
551 462 750 555 ‘enim
802 462 992 550 sunt)
1039 461 1151 531 sed
1208 461 1408 552 plane
1444 462 1786 532 idolorum
1846 464 2173 553 picturas.
2219 464 2562 546 Quidnam

27 572 209 641 porro
260 550 484 620 1dolis
525 573 683 620 cum
754 552 1007 621 sanctis
1041 572 1409 620 commune
1471 556 1617 620 est?
1653 578 1676 616 i
1732 552 1857 621 Hic
1906 574 2060 622 vero
2125 565 2406 623 sanctus
2454 552 2567 622 ille

27 641 146 707 vir:
202 662 238 705 «
285 644 470 719 Non,
515 639 759 726 inquit,
811 661 967 709 cum
1005 640 1349 729 Imagines
1380 639 1775 720 adoramuS,
1814 641 2137 710 materiae
2178 641 2440 711 cultum
2485 665 2566 711 ac

27 728 532 797 venerationem
570 727 976 807 tribuimus;
1016 750 1248 796 verum
1280 730 1613 817 Imaginis
1641 728 1861 798 honor
1884 729 1970 798 ad
1996 730 2344 819 exemplar
2380 743 2567 800 tran-

27 817 113 895 sit,
151 815 763 904 quemadmodum
796 838 833 885 a
867 815 1114 886 Basilio
1146 815 1408 885 dictum
1437 830 1562 888 est.
1588 840 1779 883 »-«
1810 818 2035 899 Quid?
2075 819 2301 906 inquit
2334 833 2567 908 tyran-

27 926 162 985 nus,
221 926 634 992 aequumne
682 917 783 974 est
828 926 928 989 ea,
995 927 1172 992 quae
1231 928 1270 973 a
1308 906 1623 975 Patribus
1686 917 1840 974 ante
1907 906 2294 996 praedicata
2344 923 2560 990 sunt,

27 1014 323 1080 quaeque
373 1006 444 1062 et
506 994 724 1063 multa
754 1007 818 1062 et
870 996 1284 1081 perobscura
1333 1006 1519 1075 sunt,
1573 1016 1651 1063 ac
1702 1016 1920 1080 neque
1971 1007 2196 1064 mente
2251 1016 2564 1085 compre-

27 1080 238 1162 hendi,
285 1103 526 1169 neque
554 1083 776 1151 verbi's
805 1081 969 1152 ullis
999 1082 1321 1172 explicari
1372 1094 1683 1172 possunt,
1722 1104 1843 1171 per
1873 1082 2133 1153 colores
2173 1084 2242 1152 in
2280 1106 2561 1152 sensum

27 1168 330 1240 cadentes
380 1170 772 1261 exprimere
802 1225 823 1252 ,
879 1182 1081 1257 atque
1128 1171 1198 1239 in
1251 1172 1535 1240 materia
1583 1171 1910 1252 adorare,
1964 1194 2119 1241 cum
2173 1193 2411 1241 eorum
2462 1194 2565 1240 es·
2613 1208 2620 1214 ·

27 1258 222 1329 sentia
270 1260 576 1340 nemini,
632 1260 763 1329 nisi
811 1271 1146 1347 quantum
1197 1259 1282 1328 ad
1352 1259 1760 1329 infinitatem
1797 1315 1812 1341 ‚
1867 1272 1941 1329 ut
1988 1261 2293 1350 Gregorii
2362 1260 2564 1329 verbo

27 1360 188 1427 utar,
237 1349 515 1430 attinet,
570 1347 912 1437 explorata
960 1349 1095 1418 sit?
1131 1370 1341 1414 »-«
1390 1348 1668 1417 Minime
1718 1370 1897 1429 vem,
1951 1348 2044 1419 ait
2109 1350 2214 1418 vir
2252 1360 2558 1418 sanctuS.

28 1436 255 1522 Ecquis
303 1438 505 1506 enim
559 1437 975 1517 mortalium,
1031 1436 1150 1524 qui
1198 1436 1476 1523 quidem
1529 1437 1776 1508 mentis
1823 1458 2104 1527 compos
2153 1438 2262 1519 sit,
2318 1437 2565 1506 divini-

28 1524 168 1593 tatis
215 1539 576 1605 naturam,
629 1547 803 1613 quae
850 1536 914 1593 et
964 1525 1245 1594 materia
1293 1538 1500 1606 caret,
1552 1538 1616 1594 et
1663 1547 1934 1595 omnem
1989 1528 2235 1596 mentis
2283 1539 2562 1614 captum

28 1610 207 1711 fugit,
267 1613 633 1684 coloribus
680 1636 714 1682 e
768 1614 1048 1682 materia
1095 1614 1409 1683 conflatis
1481 1614 1675 1704 pingi
1732 1636 1930 1703 posse
1993 1614 2288 1684 dixerit?
2354 1616 2565 1703 Cujus

29 1720 193 1768 emm
248 1702 478 1771 forma
534 1724 619 1771 ne
668 1715 891 1771 mente
929 1701 1204 1788 quidem
1260 1702 1589 1771 delineari
1644 1715 1881 1791 potest,
1932 1724 2233 1790 quonam
2287 1703 2560 1771 tandem

34 1788 215 1858 modo
266 1792 421 1880 ipsa
472 1790 822 1861 coloribus
870 1791 1162 1890 exprimi
1211 1795 1461 1878 queat?
1510 1796 1585 1859 At
1634 1813 1805 1871 nOS,
1858 1814 2018 1861 cum
2093 1792 2432 1860 Christum
2488 1792 2558 1859 in

32 1873 387 1967 imaginem
446 1880 566 1969 pin
626 1880 845 1958 imus,
898 1879 1277 1948 divinitatis
1343 1894 1656 1949 naturam
1735 1880 2272 1966 haudquaquam
2338 1880 2563 1970 pingi-

41 1984 208 2033 mus:
260 1989 510 2036 verum
579 1967 1045 2037 tieandricam
1107 1990 1255 2036 eam
1307 1967 1594 2036 formam
1627 2023 1641 2048 ‚
1695 1990 1869 2054 quae
1920 1970 1984 2036 in
2041 1982 2271 2037 nostra
2338 1969 2563 2057 specie

38 2057 356 2140 apparuit,
413 2078 768 2143 quamque
816 2054 1238 2144 Apostolicae
1316 2079 1565 2126 manus
1613 2069 2173 2137 contreetarunt‚
2228 2058 2562 2142 quemad-

46 2142 295 2211 modum
334 2144 602 2214 alicubi
653 2145 745 2214 ait
794 2144 1222 2233 TheologuS,
1281 2146 1465 2227 Quod
1514 2147 1846 2225 vidimus,
1904 2156 1965 2214 et
2011 2169 2252 2215 manus
2299 2156 2563 2214 nostrae

50 2241 595 2302 contrectaverunt
623 2234 716 2321 (l.
747 2238 984 2302 Jocmn.
1019 2234 1072 2319 1)
1094 2234 1149 2300 ¹⁴³.
1184 2233 1371 2315 Quod
1411 2234 1467 2301 si
1528 2233 1693 2301 mihi
1732 2232 1989 2303 dietum
2039 2234 2211 2303 illud
2250 2234 2449 2305 Mosis
2490 2234 2561 2302 in

53 2317 317 2389 medium
376 2321 774 2411 protuleris,
826 2327 967 2391 Non
998 2322 1207 2409 facies
1256 2323 1380 2390 tibi
1422 2323 1935 2391 similitudinem
1982 2325 2196 2391 ullius
2242 2325 2363 2402 rei,
2422 2333 2562 2391 tam

48 2424 118 2472 ev
152 2406 246 2477 his
275 2434 455 2501 quae
487 2413 560 2479 in
607 2413 806 2490 coele,
846 2434 1049 2512 quam
1097 2434 1186 2479 em
1235 2411 1339 2479 his
1371 2435 1544 2502 quae
1593 2412 1662 2479 in
1694 2423 1876 2481 terra
1920 2422 2072 2481 sunt
2114 2412 2368 2496 (Eoeod.
2405 2413 2556 2496 20),

44 2487 203 2563 hunc
242 2498 478 2587 ipsum
533 2503 781 2569 Mosem
834 2500 953 2568 ubi
1003 2499 1285 2568 ostendo
1319 2499 1613 2569 duorum
1652 2499 2013 2569 Cherubim
2067 2499 2359 2589 effigiem
2390 2521 2560 2568 auro

45 2579 449 2656 efficientem.
536 2586 798 2683 Quibus
861 2588 944 2656 de
1006 2588 1211 2657 rebus
1273 2589 1357 2657 ad
1431 2588 1616 2657 hunc
1687 2611 1960 2675 quoque
2032 2588 2312 2656 modum
2387 2587 2561 2657 divi-

48 2686 158 2739 nus
202 2676 569 2764 Apostolus
602 2675 898 2755 disserit,
966 2681 1044 2744 Et
1096 2677 1445 2746 Cherubim
1494 2678 1958 2747 obumbrantia
2009 2679 2562 2767 Propitiatorium

47 2758 412 2852 (Hebr.1x).
455 2763 633 2847 Quin
680 2764 908 2852 ipsum
959 2786 1230 2850 quoque
1278 2765 1856 2853 Propitiatorium‚
1901 2778 1964 2834 et
2012 2765 2559 2834 Tabernaculum

48 2849 416 2942 testimonii,
474 2865 539 2921 et
590 2857 833 2921 Sancta
882 2866 1297 2934 sanctorum,
1353 2874 1437 2921 an
1491 2875 1623 2922 non
1667 2854 2062 2923 coelestium
2114 2855 2408 2943 figuram
2452 2876 2563 2922 ex-

50 2938 457 3015 primebant?
506 2940 1089 3027 quemadmodum
1169 2941 1344 3010 idem
1396 2942 1755 3028 Apostolus
1813 2965 2055 3012 rursus
2104 2943 2229 3024 ait,
2288 2945 2562 3013 Umbrae

50 3025 400 3097 coelestium
435 3031 844 3099 deservimus
878 3030 1305 3118 (Hebr.v111).
1345 3030 1519 3111 Quid
1559 3031 1770 3119 igitur
1799 3030 2073 3102 sceleris
2100 3031 2555 3112 admittimus,

51 3127 183 3178 cum
225 3116 470 3186 Christi
514 3116 804 3186 formam
858 3118 1259 3187 humanitus
1294 3119 1684 3209 adspectam
1738 3120 1805 3187 in
1844 3120 2145 3209 imagine
2204 3120 2559 3209 pingimus

49 3199 538 3276 etadoramus‘?
596 3206 769 3289 Quid
822 3220 1049 3275 autem
1117 3229 1275 3275 cum
1343 3213 1623 3277 Crucem
1697 3209 1926 3287 etiam,
1994 3231 2075 3277 ex
2172 3228 2560 3294 uacumque

52 3287 295 3359 tandem
339 3294 622 3364 materia
657 3294 960 3364 confecta
998 3296 1105 3374 sit,
1150 3296 1544 3376 adoramuS‚
1586 3295 1681 3364 rei
1714 3296 2028 3366 conditae
2060 3320 2147 3368 cu
2181 3311 2323 3366 tum
2358 3296 2557 3364 adhi-

52 3366 185 3443 bere
216 3380 552 3463 videmur,
590 3382 1053 3452 adorationem
1102 3385 1419 3454 materiae
1454 3385 1864 3455 tribuentes?
1913 3386 2037 3455 Sed
2066 3399 2130 3454 et
2173 3385 2367 3474 pepla
2397 3405 2556 3452 san-

50 3471 159 3555 cia,
190 3479 255 3562 et
299 3485 729 3542 sacrosancta
780 3494 938 3540 vasa
987 3495 1026 3541 a
1076 3472 1273 3542 nobis
1306 3471 1586 3542 adorata
1633 3473 1894 3543 nullam
1945 3476 2145 3544 nobis
2187 3473 2555 3563 reprehen-

54 3567 239 3622 stoms
287 3573 514 3632 notam
566 3561 875 3629 inurunt.
943 3561 1294 3647 Siquidem
1343 3583 1420 3629 ea
1470 3584 1592 3650 per
1643 3563 1886 3631 Christi
1935 3563 2429 3633 invocationem
2484 3562 2552 3629 in

53 3652 259 3710 sancta
292 3650 541 3717 mutari
578 3670 984 3737 persuasum
1020 3649 1380 3718 habemus.
1416 3651 1646 3732 Quid?
1694 3656 1787 3720 An
1841 3665 1914 3721 tu
1947 3675 2216 3740 quoque
2248 3651 2558 3741 corporis

54 3733 105 3816 {21
165 3737 515 3829 sanguinis
563 3738 807 3808 Christi
879 3738 1186 3827 antitypa
1256 3738 1343 3807 ab
1392 3739 1693 3808 Ecclesia
1754 3742 2137 3828 proscribes
2172 3795 2192 3821 ,
2261 3754 2335 3810 ut
2382 3760 2559 3827 quae

58 3828 395 3904 imaginem
430 3849 508 3896 ae
540 3848 765 3897 veram
799 3826 1075 3896 illorum
1127 3826 1421 3916 figuram
1474 3832 1792 3898 teneant?
1838 3851 2014 3917 quae
2062 3842 2125 3900 et
2158 3828 2551 3908 adoramuS,

100 4004 121 4026 ‘⁸¹
146 4007 362 4058 Bai-onius
391 4022 446 4061 ul
474 4022 587 4062 haec
618 4022 882 4071 subjungit:
907 4020 927 4040 ⁸
965 4019 1048 4060 Hic
1079 4022 1285 4065 attende,
1314 4022 1496 4068 Lector,
1529 4033 1621 4062 non
1654 4025 1839 4063 tantum
1869 4024 1999 4074 ptngt
2033 4034 2124 4065 non
2160 4026 2327 4065 debore
2349 4021 2555 4063 divinam

58 4057 255 4111 nauum,
280 4072 360 4111 sod
380 4084 464 4114 nee
485 4085 635 4125 posse.
653 4077 777 4124 quod
807 4076 1082 4122 incorpores
1112 4086 1217 4114 cum
1252 4075 1329 4120 sit,
1349 4086 1441 4114 non
1462 4077 1587 4115 cadit
1607 4077 1693 4116 sub
1716 4078 1946 4116 sensibus.
1969 4081 2214 4118 caeterum
2238 4078 2360 4117 haud
2381 4077 2555 4114 erroris

62 4112 263 4157 &suenda
291 4129 446 4166 saneta
474 4125 678 4170 Ecclesia
697 4133 785 4173 est,
815 4129 939 4176 quod
970 4130 1154 4167 Putrem
1177 4131 1223 4168 et
1243 4127 1468 4176 spiritum
1491 4130 1726 4174 Sanctum,
1746 4133 1960 4178 expertes
1981 4130 2206 4180 corporis,
2225 4142 2306 4179 per
2327 4130 2556 4174 imagines

61 4166 375 4233 ¹'writesent-are
403 4181 633 4221 coloribus
664 4182 927 4221 consuevit:
960 4182 1192 4229 siquidem
1221 4191 1471 4230 corporeas
1504 4180 1613 4223 iilos
1642 4181 1868 4231 imagines
1904 4184 2004 4231 ipsa
2022 4194 2105 4232 per
2124 4183 2350 4232 picturam
2372 4190 2557 4236 reprae-

60 4219 203 4265 ⁸⁹¹²2⁸‘·
226 4229 386 4286 ‘imbus
418 4235 596 4273 Sanctia
626 4235 839 4273 Patribus
868 4244 952 4281 per
980 4236 1134 4274 visum
1165 4237 1423 4276 innotuere.
1456 4234 1714 4275 Dicendum
1736 4238 1940 4284 idipsum
1959 4237 2015 4275 de
2035 4238 2268 4285 Angellcls
2290 4232 2560 4282 Spirttibuss,

63 4268 127 4307 tini
152 4272 251 4314 licet
277 4284 527 4326 invisibiles
557 4287 691 4326 nobis
721 4289 831 4332 sint,
862 4297 947 4336 per
980 4289 1193 4327 visibiles
1232 4291 1403 4333 tamen,
1439 4289 1612 4337 quibus
1645 4299 1916 4337 apparuere.
1947 4289 2133 4333 roi-mss,
2171 4294 2217 4327 et
2251 4289 2373 4328 sicut
2405 4285 2556 4330 ³1⁰5ss

63 4321 324 4402 &acceptum
354 4341 419 4375 nst
450 4341 494 4378 tn
526 4343 652 4384 Arca.
683 4338 881 4388 aliisque
901 4341 949 4380 lu
974 4341 1090 4380 locis
1110 4341 1325 4388 effigiari:
1350 4343 1416 4381 ita
1437 4344 1483 4380 et
1505 4338 1739 4381 Catholicis
1759 4339 1965 4382 Ecclesia
1983 4352 2036 4381 ex
2057 4345 2306 4392 prototypo
2328 4349 2410 4390 per
2432 4337 2554 4374 colo·

83 4379 121 4408 ἓξ
141 4385 209 4417 ess
228 4383 413 4434 imagine
432 4394 659 4433 deducere
682 4392 935 4432 consuevit.
963 4423 980 4433 .
1006 4395 1184 4438 (Annal.
1207 4396 1331 4433 Tom.
1356 4405 1419 4440 ix,
1439 4406 1541 4444 pag.
1566 4398 1675 4444 235).
