2993 4837
549 280 675 344 398
1194 298 1271 343 nn
1319 298 1372 344 s.
1429 298 1705 346 maurino
1751 299 1850 345 m».
1905 297 2258 346 ruaommsi
2645 276 2883 347 NOVcss

462 380 716 450 Deinde
764 401 971 470 super
1017 379 1413 470 sepulcrum
1467 382 1696 471 ipsum
1748 382 2051 462 adstanS,
2090 383 2307 452 oravit
2364 383 2447 453 ad
2500 383 2801 453 Dominum
2895 415 2906 456 ·-.·

459 470 619 556 quis
665 481 864 549 esset,
909 469 1006 538 vel
1049 471 1251 557 cujus
1293 470 1518 539 meriti
1570 469 1906 558 sepultus,
1943 472 2351 541 ostenderet.
2396 478 2561 541 Tum
2607 492 2713 547 con
2757 501 2776 531 ··-
2812 519 2832 530 ..
2885 531 2887 533 .

459 557 543 626 ad
593 557 875 639 laevam,
919 557 1101 628 videt
1158 580 1366 647 prope
1411 559 1731 629 assistere
1794 559 2115 629 umbram
2178 560 2528 630 sordidam
2577 575 2636 629 et
2677 575 2824 630 trun·-

458 652 757 736 Imperat
790 668 1036 716 nomen
1091 648 1548 734 meritumque
1595 661 1670 717 ut
1715 647 2126 734 loqueretur.
2165 655 2417 719 Nomen
2461 650 2673 729 edicit,
2702 650 2772 718 de

457 737 643 804 mine
681 736 1067 815 confitetur,
1116 735 1446 805 latronem
1502 759 1572 807 se
1619 736 1830 806 fuisse
1876 736 1965 806 ob
2013 738 2272 807 scelera
2321 760 2729 828 percussum,

453 847 682 893 errore
749 824 1166 894 celebratum
1200 880 1216 905 ,
1271 825 1401 894 sibi
1475 825 1647 894 nihil
1706 848 1864 894 cum
1918 827 2339 915 martyribus
2385 849 2533 897 esse
2589 844 2909 909 commum,

454 935 611 982 cum
667 912 820 982 illos
868 912 1107 1003 gloria,
1152 936 1225 982 se
1260 936 1476 1002 poena
1529 915 1865 983 retineret.
1921 916 2084 984 Mira
2155 938 2297 984 res:
2341 938 2569 985 vocem
2607 915 2905 1002 loqueuffi,

452 1002 572 1088 qui
621 1001 948 1083 aderant,
1004 1002 1395 1083 audiebant,
1436 1024 1812 1092 ‚personam
1896 1016 2120 1072 tamen
2202 1027 2333 1073 non
2412 1005 2739 1074 videbant.
2782 1009 2915 1075 Tum

455 1092 808 1171 MartinuS,
870 1090 1033 1178 quid
1088 1091 1390 1171 vidisset,
1452 1092 1809 1179 exposuit:
1866 1090 2213 1179 jussitque
2273 1116 2353 1162 ex
2401 1115 2481 1164 eo
2546 1093 2685 1164 loco
2726 1093 2818 1162 al
2905 1143 2910 1152 .

453 1179 638 1267 quod
687 1180 780 1249 ibi
845 1178 1108 1259 fuerat,
1174 1181 1608 1261 submoveri,
1664 1194 1868 1267 atque
1928 1182 2019 1249 ita
2073 1181 2403 1271 populum
2480 1181 2889 1272 supersti'·'

453 1268 642 1338 illius
680 1267 971 1338 absolvit
1009 1290 1259 1337 errore.

541 1361 577 1444 ξ
624 1360 706 1427 8.
757 1356 1012 1425 Accidit
1058 1370 1285 1425 autem
1349 1357 1733 1443 insequenti
1786 1369 2123 1446 tempore,
2188 1359 2353 1427 dum
2421 1360 2550 1429 iter
2594 1372 2818 1450 ageret,
2878 1395 2884 1402 ·

502 1444 734 1515 entilis
765 1445 1125 1534 cujusdam
1163 1467 1436 1535 coerS,
1488 1446 1669 1532 quod
1723 1446 1806 1515 ad
1861 1447 2258 1534 sepulcrum
2308 1470 2468 1517 cum
2513 1447 2880 1538 superstiti

452 1469 691 1604 funere
738 1519 1190 1613 deferebatur,
1226 1534 1503 1603 obvium
1565 1534 1865 1604 haberet.
1921 1537 2505 1625 conspicatusque
2552 1540 2809 1607 eminus

453 1625 750 1693 nientem
788 1623 1084 1703 turbam,
1123 1623 1455 1709 quidnam
1494 1623 1558 1691 id
1595 1636 1771 1693 esset
1818 1624 2127 1713 ignarus,
2172 1625 2533 1713 paululum
2578 1628 2771 1697 stetit.
2802 1629 2874 1694 lt·

450 1734 609 1782 cum
660 1712 796 1780 fere
843 1713 1378 1801 quingentorum
1437 1733 1766 1801 passuum
1820 1712 2253 1782 intervallum
2304 1728 2526 1796 esset,
2584 1728 2660 1785 ut
2704 1703 2910 1783 diffim‘

447 1800 656 1870 fuerit
701 1799 1148 1890 dignoscere,
1201 1800 1368 1887 quid
1423 1800 1722 1870 videret:
1793 1815 2014 1871 tamen
2084 1803 2247 1888 quia
2315 1804 2641 1873 rusticam
2695 1826 2874 1872 man·

448 1903 777 1969 cerneret,
822 1901 888 1958 et
918 1902 1160 1977 agente
1197 1903 1395 1958 vento
1440 1890 1840 1959 linteamina
1874 1892 2143 1978 corpori
2180 1895 2565 1981 superJecta
2601 1892 2910 1962 volitat

452 1979 774 2068 profanos
822 1978 1317 2063 sacrificiorum
1357 1978 1532 2049 ritus
1580 1979 1691 2067 agi
1738 1979 2073 2048 credidit:
2129 1981 2293 2067 quia
2337 1995 2516 2050 esset
2564 1981 2728 2050 haec
2759 1986 2839 2050 Ga
2886 2011 2892 2032 ι

451 2089 605 2136 rum
666 2067 939 2137 rusticis
1009 2066 1471 2146 consuetudo,
1530 2065 1904 2137 simulacra
1976 2069 2392 2138 daemonum
2453 2070 2750 2139 candido
2835 2099 2854 2131 ‘-
2891 2087 2920 2118 ἢ

453 2156 787 2225 velamine
847 2156 1098 2224 misera
1160 2177 1279 2245 per
1338 2178 1539 2245 agros
1587 2177 1751 2225 suos
1809 2157 2250 2226 circumferre
2298 2157 2668 2228 dementia.
2720 2159 2920 2227 Elem--

450 2267 614 2335 ergo
663 2246 727 2313 in
767 2244 1129 2314 adversum
1182 2244 1378 2331 signo
1413 2246 1671 2325 Crucis,
1717 2244 2011 2334 imperat
2052 2247 2289 2316 turbae
2339 2268 2474 2316 non
2521 2249 2773 2317 moveri
2800 2247 2923 2321 lom.

450 2355 764 2422 onusque
809 2334 1172 2423 deponere.
1228 2334 1352 2402 Hic
1421 2355 1576 2402 vero
1632 2333 1886 2402 mirum
1940 2335 2006 2402 in
2047 2336 2329 2404 modum
2382 2335 2651 2405 videres
2702 2337 2923 2405 miserm

450 2425 754 2512 primum
828 2422 1012 2492 velut
1078 2445 1238 2491 saxa
1313 2423 1652 2512 riguisse:
1736 2422 1986 2493 deinde
2052 2446 2209 2494 cum
2287 2425 2510 2514 primo
2588 2447 2840 2495 movere
2880 2441 2923 2490 st

449 2533 723 2582 summo
771 2512 1135 2581 conamine
1175 2512 1576 2591 niterentur,
1609 2510 1793 2580 ultra
1830 2512 2153 2582 accedere
2183 2535 2316 2581 non
2352 2513 2681 2596 valentes,
2729 2513 2927 2583 ridicu·

451 2601 582 2669 lam
640 2600 707 2668 in
754 2600 1149 2690 vertiginem
1213 2601 1637 2680 rotabantur,
1692 2600 1909 2669 donec
1960 2602 2142 2681 victi,
2188 2623 2306 2670 cor
2358 2603 2497 2671 oris
2546 2626 2728 2673 onus
2772 2604 2929 2688 depo-

451 2701 623 2756 nunt
649 2688 936 2767 attoniti,
967 2701 1032 2756 et
1063 2701 1274 2757 semet
1306 2689 1593 2757 invicem
1625 2688 2124 2778 adspectanteS,
2158 2691 2277 2776 qui
2335 2713 2493 2759 nam
2530 2693 2668 2762 sibi
2697 2689 2927 2762 accidis-

449 2790 571 2855 set,
615 2777 799 2845 taciti
841 2777 1254 2867 cogitabant.
1296 2778 1422 2847 Sed
1463 2800 1619 2846 cum
1657 2777 1897 2848 beatus
1927 2779 2025 2847 vir
2049 2780 2496 2868 comperisset
2535 2783 2927 2868 exequiarum

450 2864 636 2934 illam
689 2887 836 2934 esse
882 2865 979 2934 fre
1031 2867 1332 2935 uentiam
1367 2921 1381 2945 ‚
1438 2888 1575 2936 non
1634 2888 2035 2947 sacrorum,
2090 2867 2349 2937 elevata
2412 2890 2695 2939 rursum
2748 2887 2923 2938 manu.

448 2954 565 3023 dat
609 2953 709 3023 eis
755 2955 978 3023 abeun
1037 2956 1078 3036 i,
1123 2969 1188 3024 et
1229 2954 1510 3024 tollendi
1550 2955 1857 3042 corporis
1914 2968 2335 3044 potestatem.
2403 2962 2504 3026 Ita
2549 2979 2666 3027 eos
2724 2971 2925 3028 etcum

445 3041 679 3122 voluit,
717 3056 894 3112 stare
932 3043 1304 3132 compulit:
1349 3057 1602 3112 etcum
1652 3043 1872 3124 libuit,
1912 3045 2101 3113 abire
2141 3046 2472 3134 permisit.
2897 3129 2906 3141 ·

533 3134 569 3218 ξ
616 3136 711 3200 9.
766 3138 928 3200 Item
983 3132 1149 3202 dum
1201 3134 1269 3200 in
1324 3133 1469 3201 vico
1519 3133 1817 3220 quodam
1878 3134 2209 3222 templum
2271 3135 2829 3221 antiquissimum
2862 3131 2927 3199 di·

444 3222 718 3300 ruisset,
770 3233 837 3290 et
883 3221 1194 3290 arborem
1249 3221 1516 3311 pinum,
1580 3244 1757 3309 quae
1817 3221 1975 3290 sano
2033 3236 2176 3291 erat
2241 3224 2576 3312 proxima,
2627 3237 2812 3312 „esset
2849 3241 2929 3307 ag·

444 3332 721 3400 gressus
748 3309 1081 3378 excidere:
1117 3323 1258 3378 tum
1290 3332 1445 3380 vero
1472 3311 1756 3381 antistes
1782 3309 1911 3379 loci
1941 3311 2153 3392 illius,
2186 3324 2588 3398 caeteraque
2615 3311 2925 3402 gentilium

446 3400 648 3469 turba
681 3399 903 3488 coepit
935 3399 1288 3468 obsistere.
1327 3404 1589 3467 Etcum
1630 3399 1835 3467 iidem
1872 3398 1997 3478 illi,
2039 3400 2206 3469 dum
2250 3400 2584 3490 templum
2628 3401 2924 3470 evertitur,

443 3488 824 3578 imperante
865 3487 1171 3568 domino,
1205 3488 1729 3575 acquievissent,
1768 3489 2031 3558 succidi
2080 3489 2393 3558 arborem
2447 3511 2582 3558 non
2627 3490 2927 3582 patiebat]-

441 3588 576 3646 tur.
632 3577 754 3646 Ille
800 3576 1079 3663 quidem
1128 3598 1244 3645 eos
1293 3575 1530 3646 sedule
1584 3598 2042 3657 commonere,
2085 3576 2258 3646 nihil
2300 3599 2450 3648 esse
2506 3577 2844 3669 religionis
2880 3591 2926 3639 m

439 3665 690 3755 stipite,
731 3666 1096 3734 Dominum
1140 3665 1391 3754 potiuS‚
1432 3666 1544 3735 cui
1595 3665 1875 3734 serviret
1922 3667 2091 3756 ipse,
2139 3678 2624 3753 sequerentur:
2661 3669 2924 3737 arborem

437 3753 627 3823 illam
698 3754 919 3824 excidi
974 3767 1321 3843 oportere,
1374 3754 1542 3840 quia
1586 3767 1764 3824 esset
1800 3755 2118 3824 daemoni
2170 3754 2532 3826 dedicata:
2589 3770 2733 3825 tum
2786 3769 2924 3824 unus

434 3865 516 3912 ex
565 3843 726 3924 illis,
763 3845 885 3930 qui
932 3855 1076 3912 erat
1113 3842 1441 3912 audacior
1498 3845 1829 3912 caeteris:
1871 3867 1905 3910 «
1959 3845 2024 3912 Si
2077 3844 2312 3924 habeS‚
2367 3845 2616 3932 inquit,
2669 3845 2918 3934 aliquam

434 3932 519 4001 de
568 3937 699 4002 Deo
749 3945 887 4013 tu0,
925 3954 1129 4019 quem
1182 3932 1354 4000 dicis
1403 3945 1464 4000 te
1512 3933 1756 4013 colere,
1812 3932 2165 4015 fiduciam,
2222 3934 2627 4023 nosmetipsi
2675 3927 2922 4002 succidi-

433 4043 594 4090 mus
642 4023 820 4091 hanc
859 4023 1208 4092 arborem:
1267 4035 1338 4090 tu
1386 4034 1695 4090 ruentem
1756 4022 2014 4110 excipe,
2063 4034 2128 4091 et
2174 4022 2230 4090 si
2283 4035 2506 4092 tecum
2545 4035 2645 4092 est
2678 4036 2840 4096 tuus,
2869 4023 2919 4079 ut

432 4110 632 4191 dicis,
675 4111 1026 4191 Dominus,
1066 4109 1335 4179 evades,
1377 4133 1413 4176 »
1449 4115 1618 4179 Tum
1672 4110 1783 4178 ille
1834 4111 2173 4200 intrepide
2205 4112 2512 4181 confisus
2545 4111 2614 4180 in
2657 4109 2913 4198 Dominu-

432 4197 774 4268 facturum
813 4222 883 4270 se
918 4199 1296 4289 pollicetur.
1337 4199 1461 4268 Hic
1504 4221 1658 4269 vero
1698 4199 1783 4269 ad
1820 4199 2214 4269 istiusmodi
2247 4200 2704 4270 conditionem
2734 4207 2916 4265 omnis

432 4287 554 4354 illa
615 4287 975 4374 gentilium
1027 4288 1228 4357 turba
1275 4289 1634 4369 consentit,
1702 4288 2112 4377 facilemque
2184 4289 2450 4358 arboris
2499 4310 2661 4359 suae
2714 4284 2913 4354 habere

424 4376 796 4463 jacturam,
843 4379 899 4446 si
949 4376 1308 4447 inimicum
1346 4399 1699 4448 sacrorum
1750 4400 2064 4460 suorum,
2103 4400 2270 4448 casu
2319 4378 2512 4448 illius
2552 4375 2905 4449 obruissent-
