2993 4837
166 317 307 389 mv.
359 321 385 382 Ι
971 337 1168 386 senno
1217 338 1294 384 nn
1339 337 1617 385 onmnvs
1664 336 1922 385 smnus
2541 321 2622 386 ⁴3

222 425 376 509 §Q
437 426 656 492 Nunc
715 422 969 513 igitur,
1018 445 1058 491 o
1104 422 1485 492 beatissimi
1536 422 1701 502 viri,
1755 443 1796 491 o
1842 422 2327 513 gloriosissimi
2384 428 2713 513 Martyres

158 511 274 593 Dei,
323 531 436 579 me
484 511 864 581 miserum
913 511 1147 581 vestris
1184 512 1421 600 juvate
1470 510 1826 601 precihuS‚
1881 525 1956 580 ut
2010 512 2079 580 in
2123 511 2244 581 illa
2291 511 2459 581 hora
2508 512 2714 583 mise-

160 599 509 669 ricordiam
562 621 999 686 consequar,
1049 598 1332 687 quando
1379 598 1740 669 manifesta
1767 612 1970 670 erunt
2006 600 2275 671 occulta
2314 600 2708 670 hominum.

161 691 230 758 Ut
266 688 607 777 pincerna
660 687 950 758 inutilis
994 709 1074 758 ac
1123 687 1319 758 rudis
1366 688 1561 757 vohis
1617 688 1899 758 effectus
1945 710 2102 759 sum
2136 743 2152 770 ‚
2204 711 2244 759 o
2292 688 2713 760 sanctissimi

158 781 489 867 llartyres.
548 781 652 846 De
724 777 894 846 vino
940 777 1141 848 vestri
1200 777 1600 846 certaminis
1647 776 1941 866 inclyti,
2006 777 2173 847 filiis
2235 800 2317 847 ac
2380 777 2714 849 fratribus

159 864 302 934 fidei
332 878 608 936 vestrae
659 865 1004 955 poculum
1056 865 1332 935 tradidi.
1388 869 1477 935 De
1526 865 1877 956 praeclara
1925 887 2166 936 mensa
2210 879 2472 936 vestrae
2505 866 2714 936 victo·

160 954 306 1035 riae,
341 954 767 1045 omnigenis
800 953 1131 1023 instructa
1161 954 1415 1045 epulis,
1460 968 1688 1044 patres
1724 976 1806 1024 ac
1838 954 2105 1035 fratres,
2144 956 2713 1046 propinquosque

157 1055 397 1112 vostros
428 1096 445 1123 ,
512 1042 848 1130 quotidie
904 1064 1213 1113 mensam
1254 1054 1548 1112 vestram
1606 1043 1979 1126 adeuntes,
2033 1055 2169 1114 toto
2207 1044 2425 1114 animi
2463 1044 2713 1114 affeetu

159 1152 449 1201 recreare
495 1131 871 1202 contendi.
922 1136 1088 1202 Nam
1137 1153 1296 1201 ecce
1329 1131 1661 1221 psallunt,
1715 1137 2071 1220 Deumque
2100 1153 2258 1202 cum
2300 1132 2717 1202 exultatione

161 1219 539 1308 glorificant
573 1275 590 1301 ‚
659 1220 782 1307 qui
832 1220 1105 1289 virtutis
1168 1232 1431 1290 vestrae
1487 1220 1954 1290 sacratissima
2014 1221 2242 1312 capita
2306 1221 2716 1292 coelestibus

162 1309 417 1378 coronis
462 1308 869 1389 honoravit,
908 1330 1323 1396 summoque
1352 1331 1513 1379 cum
1546 1308 1801 1401 gaudio
1825 1309 2277 1386 circumstant
2315 1309 2716 1388 certaminis
2779 1323 2788 1331 ·

162 1399 351 1466 vestri
393 1397 745 1485 reliquias
777 1451 794 1478 ,
856 1396 1171 1467 benedici
1235 1399 1594 1488 cupientes
1622 1452 1644 1479 ,
1718 1420 1798 1468 ac
1863 1419 2097 1470 secum
2164 1398 2414 1468 referre
2475 1411 2717 1469 sancta

164 1484 420 1555 animae
463 1486 936 1576 corporisque
995 1485 1321 1556 remedia.
1391 1491 1643 1557 Omnes
1700 1508 1863 1578 ergo
1925 1487 2304 1558 benedicite
2333 1542 2349 1570 ,
2400 1498 2480 1557 ut
2547 1488 2715 1557 boni

166 1573 323 1642 disci
376 1573 477 1644 uli
523 1574 1029 1664 benignissimi
1078 1576 1350 1646 Domini
1382 1576 1859 1668 et‚Salvatoris
1909 1577 2148 1646 nostri.
2202 1582 2340 1666 Ego
2373 1576 2534 1646 item
2578 1577 2711 1645 im·

172 1661 336 1731 hecil
368 1663 470 1743 is,
528 1676 828 1754 accepto
884 1663 1127 1733 vestris
1176 1664 1438 1734 meritis
1484 1687 1565 1734 ac
1612 1664 1936 1765 precihus
1984 1665 2264 1747 robore,
2316 1665 2536 1736 cecini
2583 1677 2722 1735 tota

174 1750 512 1821 devotione
562 1753 796 1822 animi
847 1764 1005 1821 ante
1050 1762 1325 1822 sanctas
1383 1752 1710 1839 reliquias
1756 1765 2014 1823 vestras
2062 1754 2402 1843 hymnum
2454 1767 2719 1824 vestrae

175 1837 389 1909 laudis
430 1854 498 1909 et
544 1840 843 1931 gloriae.
895 1846 1023 1911 Pro
1071 1862 1181 1910 me
1220 1842 1431 1931 igitur
1475 1842 1728 1911 misero
1775 1854 1933 1911 ante
1967 1843 2288 1919 thronum
2342 1842 2718 1934 majestatis

182 1928 487 2007 assistite,
520 1944 602 1999 ut
646 1929 902 1999 vestris
935 1929 1260 2020 precihus
1307 1930 1555 2001 salvari
1591 1950 1879 2011 merear,
1931 1952 2012 1999 ac
2047 1930 2398 2001 vobiscum
2435 1945 2713 2002 aeterna

182 2016 589 2087 beatitudine
632 2017 958 2109 perfrui,
1026 2018 1247 2108 gratia
1306 2031 1370 2088 et
1436 2017 1911 2089 misericordia
1962 2020 2230 2088 Domini
2282 2020 2494 2089 nostri
2550 2026 2721 2090 Jesu

186 2103 432 2187 Christi,
461 2107 575 2176 cui
602 2119 716 2178 est
743 2129 912 2177 cum
945 2113 1139 2178 Patre
1183 2119 1251 2177 et
1278 2107 1536 2198 Spiritu
1577 2111 1823 2176 Sancto
1869 2106 2092 2176 honor
2135 2121 2203 2178 et
2248 2107 2467 2197 gloria
2507 2108 2576 2177 in
2614 2129 2720 2180 se-

197 2192 334 2262 enta
362 2195 789 2278 seculorum,
843 2200 1077 2266 Amen.

849 2514 1163 2594 BEATI
1224 2514 1544 2596 PETRI
1604 2515 2053 2597 DAMIANI

428 2755 759 2862 statio
832 2757 942 2858 IN
1006 2757 1316 2858 FESTO
1387 2755 1794 2860 OMNlUM
1857 2754 2473 2860 SANCTORUM

283 2994 431 3088 §J-
474 2993 696 3063 Hodie
744 2992 896 3065 dies
956 2995 1261 3066 serenior
1306 2994 1539 3066 arrisit
1585 2993 1786 3064 nohis
1820 3049 1836 3076 ‚
1899 3004 1966 3063 et
2012 2992 2111 3064 sol
2162 2995 2361 3065 solito
2427 2993 2723 3063 lucidior

201 3085 379 3148 tems
415 3079 667 3152 illuxit.
724 3087 872 3151 Non
929 3084 1114 3153 enim
1161 3106 1393 3166 unus,
1444 3083 1566 3153 sed
1630 3082 1930 3153 universi
1999 3085 2225 3153 Sancti
2289 3083 2724 3154 sanctificant

188 3185 350 3249 eam,
397 3181 464 3239 et
507 3170 1009 3262 splendoribus
1056 3172 1393 3242 irradiant
1437 3171 1831 3242 luminosis.
1887 3171 2293 3262 Spectabilis
2335 3171 2454 3241 illa
2501 3170 2721 3241 coelo·

187 3275 331 3324 rum
376 3257 812 3341 solemnitaS,
865 3282 1041 3347 quae
1093 3282 1228 3331 non
1279 3260 1535 3331 annuis
1565 3315 1580 3341 ‚
1635 3260 1754 3330 sed
1800 3260 2151 3331 continuis
2199 3260 2475 3350 gaudiis
2506 3257 2724 3329 incla-

184 3345 417 3427 raecit;
468 3347 591 3417 uhi
640 3348 879 3419 lumen
947 3348 1214 3435 videtur
1260 3350 1331 3418 in
1383 3348 1647 3421 lumine
1681 3403 1696 3429 ,
1737 3360 1828 3418 et
1874 3348 2099 3450 ipsius
2144 3348 2495 3418 Trinitatis
2553 3346 2724 3416 suh-

180 3434 430 3504 stantia
474 3436 696 3506 beatis
743 3436 989 3519 oculis,
1042 3438 1244 3509 oculo
1290 3438 1378 3508 ad
1426 3437 1706 3508 oculum
1746 3450 2075 3538 aperitur.
2129 3436 2233 3506 Ihi
2281 3436 2722 3527 cognoscitur

181 3521 572 3612 Gignentis,
625 3526 989 3614 Genitique
1018 3581 1034 3608 ‚
1086 3539 1151 3596 et
1195 3526 1631 3597 Procedentis
1679 3538 1853 3595 ratio
1898 3526 2341 3627 sempiterna,
2386 3544 2563 3612 quae
2612 3523 2724 3594 hic

177 3610 362 3680 credi
410 3625 658 3703 potest,
707 3614 1203 3706 comprehendi
1249 3636 1386 3685 non
1436 3626 1679 3706 potest.
1727 3614 1878 3685 Illic
1909 3619 2170 3706 Regina
2202 3613 2549 3704 virginum
2591 3612 2725 3683 vir-

176 3699 465 3789 ginibus
510 3703 901 3775 innumeris
947 3704 1291 3787 comitata,
1347 3705 1742 3775 mansiones
1791 3703 2228 3793 perambulat
2275 3700 2719 3793 Angelorum,

177 3799 241 3857 et
272 3790 607 3878 -utrisque
653 3793 921 3862 naturis
969 3792 1259 3883 gloriam
1307 3794 1460 3882 ejus
1507 3792 2016 3863 admirantibus
2054 3792 2266 3862 dicit:
2319 3813 2356 3859 «
2392 3790 2565 3873 Quid
2617 3813 2725 3861 me

175 3874 682 3949 admiramini?
730 3881 1046 3951 Divinum
1099 3893 1201 3951 est
1248 3882 1652 3970 mysterium
1703 3881 1866 3961 hoc,
1921 3881 2105 3968 quod
2155 3880 2481 3952 cernitis:
2547 3879 2725 3949 divi·
2833 3907 2847 3924 ·

174 3985 347 4034 num
399 3967 725 4058 profecto,
784 3990 919 4039 non
971 3968 1384 4052 humanum,
1440 3991 1565 4040 nec
1616 3969 1942 4039 humanis
1981 3990 2289 4057 unquam
2340 3969 2726 4040 rationibus

173 4057 787 4154 comprehensum.
821 4081 857 4125 »
908 4059 1011 4128 Ibi
1047 4079 1458 4151 numerosus
1488 4056 1900 4148 Angelorum
1933 4057 2274 4129 exercitus
2301 4059 2588 4129 sacratis
2621 4057 2729 4126 di-

176 4143 589 4229 nsionihuS,
641 4146 1164 4237 insplendescit,
1218 4158 1286 4217 et
1332 4147 1714 4218 volitatorio
1752 4146 2130 4217 delectatus
2175 4146 2527 4236 obsequio.
2585 4166 2726 4215 non

176 4229 380 4313 relat,
419 4235 535 4304 sed
571 4235 827 4306 revelat
859 4235 1131 4305 Domini
1180 4237 1632 4326 majestatem.
1685 4233 1835 4305 Illic
1882 4235 2436 4306 Patriarcharum
2485 4233 2729 4304 electio

176 4321 564 4408 primitiva,
620 4324 998 4395 reverenda
1058 4326 1346 4395 societas
1399 4324 1935 4415 Prophetarum,
1984 4321 2326 4414 gloriosus
2379 4319 2731 4419 Apostolo-

181 4431 335 4481 rum
391 4413 667 4499 choruS,
716 4434 1071 4506 purpurea
1120 4419 1494 4504 Martyrum
1550 4412 1943 4496 multitudo,
1995 4412 2433 4505 congregatio
2482 4408 2730 4479 florida

2735 4557 2776 4593 ‘A
