2993 4837
510 224 636 288 712
1133 242 1211 287 na
1260 241 1315 287 s.
1370 238 1698 289 STEPHANO
1745 242 2017 288 sumone
2065 242 2256 288 mar.
2636 225 2782 288 Not.
2817 226 2872 288 28

420 327 684 413 loquar,
731 338 1004 415 propter
1052 325 1531 395 contritionem
1587 326 1769 395 filiae
1819 326 2092 416 generis
2148 326 2305 394 mei.
2358 325 2568 394 Video
2618 327 2769 394 enim
2804 327 2875 395 in·

418 415 953 486 contaminatam
1029 414 1274 484 Christi
1353 436 1678 504 sponsam
1750 416 1839 485 ab
1911 414 2255 484 horrendo
2324 438 2404 484 ac
2480 414 2637 485 belli
2698 416 2884 502 cupido

417 506 773 584 daemone,
812 504 933 590 qui
970 515 1232 573 tantum
1269 503 1331 572 ei
1364 503 1622 574 bellum
1660 504 1997 584 excitavit,
2065 506 2310 573 acerbe
2341 518 2406 573 et
2446 503 2784 583 crudeliter
2807 526 2886 592 ορ-

420 593 743 684 pugnari.
798 592 1392 675 Quemadmodum
1431 593 1616 661 enim
1655 595 1956 683 primum
2001 593 2334 663 adversus
2375 593 2670 682 primam
2714 594 2887 681 imagi-

420 705 575 751 nem
644 682 871 751 surore
958 681 1233 750 ›ercitus
1268 736 1282 760 ,
1340 695 1605 751 versute
1646 682 1996 751 hominem
2049 681 2382 762 adduxit,
2436 695 2516 750 ut
2568 681 2888 749 mandatum

419 771 722 849 violaret,
767 784 911 842 ete
967 771 1212 839 ectoris
1261 770 1790 840 similitudinem
1848 771 2224 840 amitteret:
2270 771 2370 839 sic
2403 792 2594 839 nunc
2640 770 2893 838 adversus

420 860 664 929 Christi
697 873 761 929 et
792 864 1197 928 Sanctorum
1236 860 1636 948 imaginem,
1677 882 1808 929 non
1837 860 1982 948 jam
2023 858 2313 928 subdole
2345 883 2425 928 ac
2455 881 2576 948 per
2604 859 2893 927 cuniculos

421 949 535 1018 sed
570 962 803 1038 aperto
856 961 1069 1017 marte
1109 961 1482 1036 grassatuS,
1524 948 1925 1036 hujusmodi
1974 948 2344 1038 caliginem
2379 971 2462 1017 ac
2501 961 2894 1035 tempestatem

423 1039 621 1107 nobis
642 1037 908 1106 offudit.
934 1042 1021 1105 Ac
1045 1057 1253 1116 nunc,
1279 1051 1628 1122 tamquam
1662 1039 1728 1105 in
1772 1049 2103 1107 nocturno
2135 1036 2418 1125 proelio,
2455 1037 2754 1104 membra
2783 1037 2896 1103 inte

425 1149 493 1196 se
525 1127 1032 1204 conflictantur,
1087 1125 1357 1212 aliaque
1408 1125 1739 1195 adversus
1786 1126 1921 1195 alia
1971 1140 2186 1204 stant;
2235 1141 2624 1212 mutuoque
2656 1125 2890 1213 nosipssss

424 1217 845 1302 impetimuS,
900 1227 1102 1300 atque
1153 1214 1219 1282 in
1272 1214 1564 1284 obscuro
1613 1216 2036 1284 sauciamus,
2092 1216 2370 1284 Interim
2430 1236 2785 1304 perversus
2826 1213 2890 1278 ille

424 1304 632 1382 sedet,
688 1304 1030 1392 ingentem
1084 1325 1161 1371 ex
1224 1303 1518 1372 miseriis
1557 1305 1806 1373 nostris
1875 1304 2091 1373 risum
2149 1304 2497 1384 excitam,
2557 1317 2632 1372 ut
2677 1304 2781 1389 qui
2819 1323 2889 1370 noe·

423 1392 789 1462 Gentilium
842 1391 1048 1461 simul
1091 1415 1170 1461 ac
1201 1392 1624 1461 Judaeorurn
1676 1392 2147 1481 spectaculum
2198 1393 2526 1470 effecerit,
2583 1393 2888 1460 subsanna·

425 1482 674 1550 tionem
723 1496 788 1549 et
820 1481 1122 1549 derisum
1162 1480 1292 1561 his,
1346 1482 1465 1567 qui
1518 1482 1584 1549 in
1636 1482 1931 1550 circuitu
1982 1495 2211 1550 nostro
2261 1494 2448 1550 sunt.
2488 1487 2578 1550 Ac
2623 1501 2792 1549 nunc
2818 1477 2889 1545 filu

426 1570 610 1649 Sion,
665 1591 788 1638 nos
822 1570 1129 1655 inquam,
1180 1570 1478 1657 pretiosi,
1515 1583 1578 1638 et
1609 1593 1775 1640 auro
1823 1569 2343 1659 aequiparandi,
2397 1571 2696 1656 reputati
2725 1589 2894 1636 summ

422 1658 491 1726 in
529 1681 684 1728 vasa
739 1671 1050 1738 testacea,
1106 1658 1480 1747 figlinaque
1532 1681 1732 1747 opera
1785 1660 2096 1728 contrita.
2154 1659 2321 1740 Quis
2351 1658 2554 1728 dabit
2587 1659 2780 1747 capiti
2805 1679 2880 1750 me

421 1770 720 1834 aquam,
789 1760 854 1816 et
913 1746 1132 1816 oculis
1185 1749 1351 1816 meis
1402 1747 1652 1816 sontem
1708 1748 2197 1834 lacrymarum,
2261 1763 2326 1816 et
2365 1747 2674 1837 plorabo·
2715 1763 2766 1814 te
2807 1743 2891 1810 lile

422 1837 632 1905 Sion?
679 1835 915 1906 Procul
950 1836 1133 1904 enim
1176 1859 1213 1904 a
1258 1859 1361 1904 ine
1406 1838 1705 1917 recessit,
1761 1839 1881 1922 qui
1930 1836 2421 1905 consolabatur
2461 1848 2596 1905 me.
2668 1841 2746 1903 Ac
2794 1853 2892 1920 pro

421 1925 583 1994 inde
629 1925 940 1994 clamabo
980 1923 1061 1992 ad
1114 1947 1270 1992 eum
1324 1925 1574 2004 solum,
1629 1926 1748 2012 qui
1791 1926 2079 2015 percutit
2127 1941 2189 1993 et
2242 1940 2489 2008 sanat3
2552 1921 2894 1993 vociferabor

423 2014 507 2082 ad
534 2035 719 2088 eum,
757 2015 874 2099 qui
903 2013 1092 2082 solus
1125 2012 1426 2082 clemens
1451 2028 1516 2082 et
1552 2015 1903 2083 humanus
1935 2028 2055 2083 est.
2098 2036 2176 2082 ac
2210 2013 2490 2083 sublata
2527 2036 2684 2083 voce
2707 2013 2892 2079 dicam.
2937 2019 2938 2086 j

422 2106 731 2172 Miserere
775 2104 1005 2179 nostri,
1059 2103 1355 2172 Domine.
1408 2105 1721 2172 miserere
1783 2105 2013 2178 nostri,
2066 2105 2383 2194 quoniam
2445 2104 2692 2195 repleti
2729 2122 2894 2169 sumto
2937 2107 2938 2120 ¹

423 2193 831 2283 despectione
876 2193 1013 2279 (rs.
1052 2192 1229 2278 2122).
1283 2196 1358 2260 At
1389 2191 1736 2260 enimvero
1773 2193 1840 2259 in
1877 2193 2217 2278 lacrymas
2237 2205 2299 2258 et
2341 2192 2552 2260 fletus
2584 2192 2669 2260 ob
2701 2193 2894 2258 incum-

422 2281 691 2350 bentem
730 2294 795 2349 et
844 2280 1232 2369 pastoribus
1265 2293 1326 2347 et
1381 2281 1623 2349 ovibus
1682 2281 2049 2368 impietatis
2094 2279 2506 2368 caliginem,
2567 2279 2889 2370 prolapsus.
2937 2281 2938 2358 1

422 2371 556 2440 mei
594 2369 815 2459 ipsius
843 2368 1099 2439 oblitus
1148 2390 1328 2449 sum,
1367 2393 1446 2438 ac
1484 2368 2034 2439 lamentationem
2089 2369 2262 2439 ultra
2321 2369 2615 2442 modurn
2651 2364 2885 2459 produxi.

426 2460 533 2528 Sic
581 2459 763 2527 enim
834 2458 1003 2527 mihi
1058 2458 1434 2546 persuadeo
1473 2514 1487 2538 ,
1549 2464 1753 2527 Deum
1809 2459 2056 2548 probra.
2133 2458 2475 2527 Ecclesiae
2549 2482 2706 2529 suae
2756 2452 2886 2522 illata

424 2548 713 2617 minime
745 2548 1246 2635 neglecturum,
1283 2547 1400 2616 sed
1438 2548 1952 2617 retributionem
1992 2547 2310 2637 superbis
2362 2549 2747 2636 propediem
2785 2540 2889 2609 red·

422 2636 758 2715 diturum,
814 2648 1015 2721 atque
1050 2634 1418 2705 Ecclesiam
1464 2660 1661 2706 suam
1705 2636 1996 2706 laetitiae
2045 2636 2214 2705 stola
2270 2638 2885 2706 convestiturum.3c

423 2725 787 2815 pristinam
842 2725 973 2813 ipsi
1014 2723 1421 2813 elegantiam
1476 2725 2054 2813 impositurum.»

510 2816 546 2899 ἓ
593 2820 744 2884 16.
799 2813 919 2882 His
952 2827 1155 2899 atque
1188 2813 1342 2881 aliis
1396 2814 1796 2901 hujusmodi
1832 2814 2269 2883 sermonibus
2302 2814 2387 2881 ad
2438 2814 2882 2883 monachorum.

422 2903 542 2989 qui
590 2914 654 2970 et
711 2902 842 2989 ipsi
888 2901 1212 2989 lacrymis
1265 2902 1656 2981 madebant,
1712 2915 2052 2972 catervam
2102 2925 2273 2971 usus
2323 2903 2729 2991 StephanuS,
2777 2899 2880 2966 haec

424 2990 626 3058 verba
662 2990 945 3078 insuper
977 2991 1261 3079 adjecit:
1303 3015 1338 3056 «
1365 2991 1455 3059 Ad
1496 2991 1620 3061 bas
1656 3005 1788 3060 tres
1826 3006 2070 3076 partes,
2112 3013 2290 3077 quae
2326 2991 2627 3061 nefariae
2660 2991 2880 3081 haere-sis
2935 3066 2936 3079 ἢ

423 3078 647 3149 labem
703 3079 987 3147 minime
1021 3094 1529 3157 contraxerunt,
1572 3094 1646 3148 ut
1688 3080 1969 3179 fugiatis
2002 3101 2270 3149 censeo.
2308 3085 2540 3166 Neque
2567 3080 2736 3150 enim
2764 3074 2879 3144 alius
2935 3084 2936 3139 l

423 3169 617 3238 locus
661 3181 785 3243 est,
838 3169 957 3255 qui
1019 3167 1297 3255 quidem
1340 3169 1470 3237 sub
1519 3168 1839 3238 draconis
1890 3169 2100 3258 hujus
2167 3170 2455 3257 imperio
2511 3192 2592 3239 ac
2674 3176 2879 3260 otestate

424 3258 533 3336 sit,
572 3258 692 3344 qui
726 3258 812 3326 ab
843 3258 992 3345 ejus
1044 3279 1300 3326 veneno
1350 3280 1568 3346 purus
1605 3258 1955 3338 manserit,
2008 3279 2214 3344 quam
2249 3279 2327 3325 ea
2359 3279 2537 3344 quae
2581 3281 2614 3326 a
2697 3251 2880 3352 acclive

424 3347 614 3415 Ponti
656 3347 897 3415 Euxini
941 3359 1125 3426 sunt,
1159 3347 1284 3414 hoc
1332 3360 1431 3416 est
1480 3346 1808 3427 Zicchiae‚
1847 3361 1912 3415 et
1961 3347 2348 3425 chersonis,
2386 3360 2455 3415 et
2499 3346 2811 3436 Bosphori,
2840 3348 2877 3403 et

422 3436 755 3524 Nicopsis,
809 3450 873 3504 et
922 3435 1269 3513 Gotthiae,
1327 3450 1530 3521 atque
1577 3458 1653 3504 ea
1706 3440 1862 3504 item
1913 3457 2090 3521 quae
2141 3435 2224 3503 ad
2279 3436 2704 3505 Parthenium
2751 3446 2875 3498 mare

421 3546 494 3595 se
543 3524 927 3613 porrigunt:
981 3524 1149 3611 quin
1191 3537 1255 3592 et
1300 3524 1482 3609 quod
1523 3525 1591 3592 in
1633 3524 2042 3609 antiquioris
2093 3529 2347 3593 Romae
2393 3525 2638 3593 declivi
2678 3535 2787 3595 est,
2824 3535 2872 3580 ae

420 3613 891 3702 Nicopolitana
945 3627 1008 3683 et
1069 3612 1510 3701 Neapolitana
1571 3613 1999 3703 Metropolis,
2061 3635 2374 3699 quaeque
2432 3614 2518 3683 ad
2570 3618 2871 3682 Romanum

419 3724 641 3788 usque
690 3703 946 3770 flumen
1014 3702 1515 3791 protenduntur
1547 3701 1730 3771 >used
1782 3717 1846 3771 et
1895 3702 2135 3789 Lyciae
2209 3703 2597 3790 provinciae
2646 3699 2865 3768 climata.

418 3789 544 3860 hoc
578 3797 703 3867 {est
749 3813 825 3859 ex
867 3790 1066 3859 Silaei
1126 3791 1285 3869 ficu,
1326 3813 1403 3859 ac
1447 3790 1745 3875 denique
1801 3790 2046 3879 Cypria
2095 3790 2347 3870 insula,
2401 3811 2698 3877 quaeque
2740 3806 2769 3852 e
2806 3800 2868 3847 rt?-

417 3881 619 3969 gione
683 3880 901 3967 ipsius
959 3893 1122 3947 sunt
1191 3901 1411 3965 usque
1460 3878 1542 3946 ad
1607 3885 1862 3966 Tyrum
1910 3893 1975 3947 et
2020 3885 2338 3968 Joppem.
2403 3885 2584 3959 Hae,
2637 3880 2861 3967 inquam·
2933 3938 2934 3947 ,

416 3982 642 4058 partes
690 3968 775 4037 ab
816 3967 1195 4037 execrando
1248 3967 1377 4037 hoc
1426 3967 1747 4056 dogmate
1816 3991 2026 4055 purae
2085 3969 2546 4057 perstiterunt.
2609 3964 2864 4035 Antismes
2933 3988 2934 3997 κ

416 4071 643 4126 autem
698 4057 853 4144 ipsi,
910 4057 1037 4125 hoc
1091 4071 1193 4127 est
1243 4062 1498 4126 Romae
1545 4070 1610 4125 et
1659 4057 2073 4131 Antiochiae,
2132 4079 2210 4125 ac
2267 4057 2789 4146 jerosolymorum
2822 4054 2861 4107 6¹
2933 4040 2934 4133 l

415 4144 883 4225 Alexandriae,
930 4167 1062 4214 non
1119 4145 1319 4215 modo
1367 4144 1618 4234 dogma
1671 4146 1847 4214 istud
1903 4169 1980 4214 ac
2031 4145 2373 4235 dogmatis
2423 4158 2732 4215 auctorem
2758 4152 2858 4224 gra
2933 4136 2934 4193 l

421 4235 700 4304 vissimo
753 4232 909 4302 odio
961 4247 1513 4323 prosequuntur:
1582 4234 1700 4303 sed
1750 4236 1952 4304 etiam
2025 4257 2144 4324 per
2209 4236 2576 4306 invectivas
2625 4220 2856 4321 epistolas

420 4321 505 4390 de
552 4323 701 4410 ipso
757 4322 1292 4412 triumpharunt,
1347 4336 1726 4413 apostatam
1778 4345 1936 4393 eum
1988 4346 2066 4393 ac
2119 4323 2230 4393 Dei
2288 4324 2547 4394 hostem
2607 4326 2850 4390 vocantes·
