2993 4837
507 322 635 385 6⁴0
958 338 1036 383 ms
1084 338 1139 384 s.
1192 338 1558 397 anismam,
1613 337 1794 385 natus
1842 337 2208 385 numanus
2255 338 2424 385 mua
2615 319 2764 384 NOV.
2805 322 2862 385 19

412 423 542 494 sub
583 422 751 491 tanti
800 444 831 490 s
884 421 1019 490 atio
1070 422 1395 523 temporis
1425 442 1846 509 aquoquam
1886 422 2433 512 percipiebatur:
2486 422 2672 491 veluti
2703 423 2752 492 si
2779 445 2866 511 pro

409 512 711 580 hominis
741 533 818 580 ca
873 531 1069 579 avere
1085 509 1319 600 (cujus
1342 522 1444 580 est
1468 511 1852 600 proprium,
1884 511 2236 601 mephitim
2267 510 2606 599 exhalare)
2625 512 2870 581 omnium

407 601 775 670 thesaurus
824 613 1237 679 aromatum,
1290 621 1369 669 ac
1420 600 1830 668 suavissime
1865 600 2199 689 spirantia
2232 599 2552 670 adessent
2600 600 2871 688 myrothe-

403 689 534 757 cia.
578 694 835 772 Quarto
883 688 1164 757 demum
1214 687 1369 769 die,
1429 701 1696 776 peracta
1747 687 2256 758 solemnissimo
2308 689 2444 758 ritu
2500 688 2878 758 celebratione

403 779 501 848 rei
535 778 828 858 divinae,
879 777 1352 867 praesentibus
1399 776 1913 846 coenobitarum
1958 778 2573 866 praestantissimis
2608 776 2876 863 patribus,

405 867 708 953 clerique
754 889 833 936 ac
885 863 1118 954 populi
1172 865 1427 955 ingenti
1472 878 1763 945 caterva,
1818 866 1886 933 in
1932 865 2186 935 sacello
2226 866 2631 936 xenodochii
2678 866 2879 946 vicino,

413 956 784 1045 pretiosum
845 953 1337 1043 corpusculum
1399 976 1727 1044 perquam
1802 953 2173 1024 honorifice
2236 954 2585 1044 sepultum
2637 968 2747 1023 est.
2803 959 2884 1023 De·

412 1044 616 1113 cessit
662 1043 695 1077 ¹*
735 1064 916 1111 anno
957 1042 1309 1132 religionis
1352 1055 1620 1111 nostrae
1672 1042 2072 1124 millesim0,·
2099 1043 2577 1114 ducentesimo
2609 1043 2886 1113 tricesimo

421 1133 666 1224 primo,
704 1132 897 1201 tertio
926 1130 1194 1200 decimo
1225 1130 1554 1201 Calendas
1592 1131 2003 1200 Decembris.

508 1223 544 1309 ξ
596 1226 755 1292 ²6.
822 1220 1051 1320 Coepit
1110 1232 1335 1288 autem
1394 1241 1547 1289 mox
1598 1220 1961 1289 thesaurus
2011 1218 2125 1289 ille
2172 1219 2708 1309 quamplurimis
2747 1242 2887 1289 coru·

422 1330 612 1379 scare
663 1308 1038 1389 miraculis,
1066 1319 1131 1377 et
1162 1308 1363 1378 rebus
1404 1309 1574 1398 ipsis
1612 1307 1983 1389 declarare,
2019 1330 2226 1396 quam
2266 1308 2613 1379 mirabilis
2643 1311 2724 1378 sit
2765 1313 2886 1378 Deus
2973 1354 2975 1423 1

421 1400 490 1467 in
542 1398 799 1468 sanctis
845 1397 1036 1468 suis:
1088 1396 1257 1465 adeo
1308 1409 1380 1465 ut
1437 1397 1732 1467 sedecim
1805 1410 2107 1467 mortuos
2169 1397 2255 1466 ad
2328 1399 2538 1467 vitam
2600 1399 2883 1475 excitasse,

422 1487 710 1576 leprosis
762 1485 1195 1567 munditiem,
1233 1485 1463 1555 surdis
1512 1485 1852 1566 auditum,
1908 1488 2118 1556 mutis
2168 1485 2498 1574 loquendi
2533 1485 2884 1563 facultatem,

420 1575 689 1645 claudis
722 1595 1063 1664 gressum,
1116 1575 1337 1643 caecis
1395 1576 1640 1655 visum,
1698 1575 1966 1643 miseris
2019 1588 2090 1644 et
2152 1575 2581 1646 calamitosis
2635 1575 2884 1646 solatium

420 1663 795 1734 contulisse
828 1662 1275 1733 famatissime
1307 1663 1761 1764 praedicetur.
1801 1667 1986 1745 Quae
2019 1664 2253 1733 omnia
2301 1663 2629 1735 siffridus
2674 1670 2889 1754 Mogun·

421 1753 607 1822 tinus
682 1752 963 1822 antistes
997 1806 1012 1832 ‚
1056 1752 1564 1842 probatissimis
1635 1751 2068 1821 documentis
2131 1751 2588 1834 con-firmata,
2642 1750 2890 1823 Pontifici

420 1842 709 1911 Maximo
760 1840 1080 1933 Gregorio
1131 1845 1213 1910 lx
1260 1839 1664 1909 transmisit.
1698 1841 1825 1923 Qui
1874 1842 2387 1910 communicato
2431 1864 2599 1912 cum
2646 1840 2889 1933 patribus

419 1930 730 2011 consiliO,
788 1943 938 2020 post
975 1928 1576 2020 diligentissimam
1635 1941 1860 1998 tantae
1909 1929 2004 1999 rei
2055 1929 2597 2013 discussionem,
2639 1951 2892 2021 praesen·

421 2020 604 2090 tibus
640 2018 1100 2109 Jerosotymae
1138 2031 1204 2088 et
1247 2018 1640 2087 Antiochiae
1672 2018 2107 2099 PatriarcbiS‚
2157 2018 2539 2107 multisque
2589 2020 2892 2109 Episcopo·

418 2128 597 2191 rum,
634 2108 949 2178 Perusiae
997 2107 1064 2176 in
1104 2108 1432 2176 coenobio
1473 2111 1779 2175 Fratrum
1819 2107 2366 2177 Praedicatorum
2401 2122 2594 2179 sexto
2627 2106 2892 2179 Calendis

416 2197 698 2279 Junias,
751 2196 869 2284 qui
920 2196 1064 2265 dies
1115 2195 1720 2265 reverendissimae
1770 2200 2193 2266 Pentecostes
2247 2208 2437 2276 erat,
2501 2211 2656 2286 post
2706 2198 2888 2268 lustra·

420 2286 669 2355 tionem
737 2285 1028 2357 solemni
1098 2306 1281 2354 more
1337 2297 1809 2374 apparatuque
1871 2284 2238 2374 magnifico
2314 2299 2716 2375 peractam,
2770 2286 2892 2354 inter

416 2374 880 2445 caeremonia-s
928 2394 1305 2455 sacrorum,
1344 2372 1810 2444 beatissimam
1866 2372 2207 2443 Elisabeth
2256 2386 2529 2468 quarto,
2589 2388 2886 2467 postquam

416 2463 818 2543 decesserat,
854 2486 1035 2532 anno
1068 2465 1134 2532 in
1171 2475 1563 2532 sanctarum
1606 2462 1832 2531 retulit
1868 2484 2260 2532 numerum:
2290 2464 2584 2534 exaedifi
2743 2479 2890 2550 mque

417 2552 669 2624 ibidem
721 2574 935 2633 aram,
974 2553 1124 2640 ejus
1174 2552 1415 2621 honori
1465 2550 1825 2628 dedicavit,
1862 2551 2245 2620 dedicatam
2297 2555 2598 2634 ornavit,
2681 2567 2888 2648 rnatum⁸

416 2641 768 2712 Pontificio
804 2663 989 2710 more
1034 2640 1311 2710 dotavit.
1358 2640 1623 2723 Quibus
1672 2640 2048 2709 honorifice
2097 2641 2421 2722 tractatis,
2477 2664 2561 2712 ac
2621 2643 2790 2712 sama
2829 2657 2888 2707 ret

417 2752 534 2830 per
582 2729 998 2799 Alemaniam
1065 2729 1506 2798 celeberrime
1552 2728 1903 2828 divulgata
1934 2782 1949 2809 ‚
2018 2729 2336 2799 Sifl'ridus
2387 2732 2728 2812 antisteS,
2779 2746 2888 2798 cum

302 2893 311 2900 ‚
412 2818 671 2909 ingenti
725 2817 1136 2908 populorum
1184 2817 1460 2908 gaudi0‚
1510 2815 1818 2886 levandis
1866 2839 1903 2885 e
1957 2817 2276 2906 sepulcro
2327 2821 2782 2889 sanctissimis
2817 2836 2890 2885 os·

410 2907 605 2976 sibus
638 2905 817 2975 diem
870 2906 1241 2987 constituit,
1272 2906 1503 3000 citatis
1560 2906 1766 2974 simul
1818 2905 2114 2976 aliarum
2166 2906 2631 2977 Ecclesiarum
2687 2903 2892 2998 praele-

410 2995 643 3065 ctis**.
674 3000 820 3078 Quo
851 2995 960 3063 die
994 2995 1391 3065 incredibile
1422 2994 1613 3063 dictu
1645 3008 1768 3075 est,
1803 3005 2059 3082 quanta
2088 3000 2534 3085 Mat-purgum
2574 2992 2896 3080 multitudo

410 3084 800 3154 convenerit
829 3084 1188 3171 utriusque
1227 3105 1452 3163 sexuS,
1492 3082 1817 3152 ordinum
1855 3097 1918 3152 et
1949 3096 2249 3153 statuum
2279 3083 2898 3168 diversissimorum}

410 3173 888 3243 Praesentibus
939 3173 1150 3273 igitur
1196 3177 1612 3262 Impera-tore
1661 3172 2037 3254 Frederico‚
2076 3193 2353 3242 auream
2406 3195 2731 3244 coronam
2778 3191 2898 3267 san*

409 3263 536 3332 ctis
574 3262 881 3349 reliquiis
920 3262 1211 3342 dicante,
1264 3283 1421 3331 cuin
1478 3260 2176 3331 honorificentissimo
2229 3261 2628 3332 inferiorum
2681 3259 2922 3352 princi-'-

411 3373 574 3442 pum
610 3365 828 3431 coctu,
875 3351 1292 3441 Moguntino‚
1332 3349 1714 3420 Coloniensi
1763 3372 1841 3419 ac
1873 3350 2216 3420 Bremensi
2254 3350 2633 3440 Episcopis‚
2673 3365 2892 3420 necnon

408 3440 563 3510 aliis
663 3440 935 3511 lurimis
996 3440 1402 3530 templorum
1460 3438 2087 3526 coenobiorumque
2156 3439 2633 3528 praesidibus,
2687 3439 2892 3508 effosso

408 3543 605 3600 tumu
635 3552 698 3610 0,
750 3529 1186 3599 sanctissima
1240 3528 1559 3598 >levantur
1614 3529 1791 3597 o'ssa.
1838 3534 2064 3615 Neque
2116 3549 2269 3597 vero
2315 3529 2664 3608 continu0‚
2717 3539 2890 3596 caete

408 3640 637 3688 rorum
672 3617 1079 3688 cadaverum
1120 3639 1328 3698 more,
1369 3616 1693 3687 horrendi
1728 3616 2001 3688 foetoris
2033 3615 2395 3696 exhalati0‚
2431 3617 2547 3686 sed
2584 3631 2885 3702 tamquam

408 3707 669 3777 reclusa
748 3707 1399 3797 pretiosissimorum
1481 3721 1865 3775 aromatum
1948 3705 2138 3793 theca
2171 3759 2188 3786 ,
2268 3705 2701 3807 gratissimus
2757 3700 2891 3800 odor

402 3817 744 3886 egressuS,
799 3796 1137 3875 omnium,
1192 3795 1312 3882 qui
1376 3794 1680 3873 aderant,
1720 3807 1783 3864 et
1831 3817 2030 3865 nares
2077 3795 2353 3875 imbuit,
2393 3808 2459 3862 et
2507 3795 2762 3863 animos
2811 3810 2888 3887 in·

402 3885 586 3976 genti
634 3884 890 3974 gaudio
942 3884 1264 3975 perfudit.
1327 3884 1656 3974 Imposita
1705 3904 1860 3953 mox
1915 3905 2159 3972 capsae
2207 3883 2614 3973 plumbeae,
2673 3876 2887 3976 sigillis

401 3975 889 4063 Episcoporum
944 3974 1366 4063 obsignatae,
1424 3995 1543 4063 per
1594 3972 1897 4041 medium
1953 3972 2212 4062 populi,
2252 3969 2687 4040 inenarrabili
2738 3968 2886 4035 desi-

402 4063 591 4131 derio
663 4062 1181 4152 praestolantis,
1253 4061 1939 4152 magnificentissima
2010 4082 2258 4151 pompa
2321 4059 2879 4153 circumferuntur·

400 4150 732 4222 Postridie
781 4152 1111 4240 patefacta
1149 4152 1357 4242 jussu
1405 4151 1786 4221 antistitum
1844 4172 2049 4242 capsa
2078 4204 2099 4232 ,
2166 4149 2670 4240 comperiuntur
2710 4145 2880 4233 (usu

458 4403 481 4427 *
515 4402 689 4450 Viginti
717 4405 917 4450 quatuor
946 4413 1091 4443 annos
1120 4408 1243 4443 nata,

456 4454 510 4480 *³*
537 4454 622 4495 Dte
648 4457 799 4504 prima
826 4457 948 4505 mm.
976 4467 1095 4496 anno
1126 4459 1235 4497 1236.
1296 4473 1303 4480 ’
