2993 4837
507 298 633 360 690
1136 313 1214 358 nr:
1262 315 1317 359 s.
1375 312 1616 358 qufflo
1669 313 2000 359 nunetensi
2049 313 2247 358 masc.
2619 293 2768 356 Nox&
2805 295 2862 357 Ξῖ

376 393 767 483 ‘praeclara
826 392 1339 461 conversatione
1388 392 1717 486 fulgeret,
1770 407 1838 461 at
1895 391 2353 461 nihilominus
2414 392 2577 460 vires
2634 391 2872 479 corporis
2945 443 2946 452 ,

415 481 866 551 abstinentiae
913 480 1313 550 assiduitate
1378 481 1753 569 frangebat,
1800 482 2029 549 carnis
2081 481 2241 549 vitia
2291 493 2479 558 ante,
2536 502 2719 566 quam
2763 493 2876 546 nata

414 583 661 648 essent,
708 590 1123 657 persequens
1171 582 1236 638 et
1272 571 1632 638 coercens:
1682 570 1770 637 ita
1820 586 1896 639 ut
1940 571 2002 638 ei
2036 569 2122 638 ad
2176 570 2575 656 martyrium
2627 590 2742 636 non
2783 568 2878 635 nisi
2945 591 2946 650 ;

418 679 778 744 percussor
825 657 1126 726 defuisse
1177 658 1508 726 videatur.
1553 662 1718 727 Nam
1764 659 1907 749 ipse
1946 658 2404 749 proculdubio
2458 670 2788 745 martyrem
2831 678 2878 723 se

414 748 569 817 fecit
615 759 680 815 et
725 747 1060 821 crucia-1,
1099 758 1165 814 et
1201 747 1463 815 merito,

499 840 534 923 ξ
581 840 672 906 3.
719 839 921 903 Porro
952 835 1155 903 etiam
1207 856 1481 903 omnem
1533 833 1935 903 facultatum
1973 857 2258 903 suarum
2294 835 2562 923 copiam
2599 833 2879 908 deserens,

418 926 765 993 Lirinense
802 923 1292 992 monasterium
1331 922 1540 1012 petiit,
1598 924 1711 991 ubi
1767 922 2221 1011 sempiternas
2271 923 2545 991 divitias
2583 923 2787 1010 justus
2811 921 2885 986 in·

416 1014 710 1082 veniret:
766 1011 1171 1111 Evangelica
1221 1025 1500 1081 secutus
1537 1024 1918 1100 praecepta,
1981 1013 2205 1081 sciens
2255 1034 2326 1081 se
2379 1010 2732 1100 perfectum
2781 1009 2886 1077 fieri

416 1124 546 1171 non
583 1123 802 1191 posse,
851 1100 983 1170 nist
1034 1100 1350 1169 venderet
1397 1101 1629 1168 omnia
1688 1122 1837 1181 sua,
1877 1112 1941 1169 et
1979 1123 2019 1168 a
2067 1101 2339 1169 cunctis
2368 1101 2618 1190 opibus
2649 1097 2886 1166 alienum

413 1214 484 1260 se
531 1191 799 1258 iaceret.
840 1194 912 1257 [n
949 1210 1027 1258 ea
1072 1201 1300 1257 autem
1332 1210 1456 1259 con
1519 1191 1862 1279 regatione
1909 1210 2069 1258 cum
2108 1211 2350 1258 omnes
2407 1189 2686 1275 perfecta
2719 1185 2888 1255 chari·

415 1291 548 1349 tate
586 1278 921 1367 diligeret,
966 1278 1112 1366 ipse
1148 1277 1379 1346 itidem
1431 1299 1467 1344 a
1558 1277 1882 1345 omnibus
1929 1279 2316 1347 amabatur.
2372 1284 2629 1346 Tantus
2680 1274 2885 1344 veroin

412 1390 491 1438 eo
524 1368 743 1436 fervor
771 1366 1007 1445 extitit,
1050 1378 1124 1435 ut
1152 1379 1329 1444 ante,
1368 1388 1576 1452 quam
1617 1367 2065 1434 monasticam
2103 1366 2375 1435 vivendi
2429 1367 2728 1456 regulam
2755 1385 2888 1432 com-

417 1456 655 1546 plexus
702 1466 878 1524 esset
913 1454 1011 1522 vel
1066 1455 1351 1538 mystica
1387 1455 1721 1533 instituta,
1771 1455 1918 1540 jam
1973 1457 2492 1526 conversatione
2546 1454 2886 1543 praecipuus

415 1545 779 1620 videretur,
832 1565 910 1611 ac
945 1527 1191 1611 deinde
1231 1556 1464 1612 sancto
1501 1548 1844 1611 Honorato
1883 1543 2221 1612 decessori
2271 1566 2422 1623 su0,
2481 1543 2761 1612 summis
2802 1541 2889 1606 vit·

414 1634 677 1703 tutibus
709 1631 1172 1710 ornatissimo,
1217 1633 1337 1717 qui
1371 1631 1513 1700 illic
1546 1632 1768 1701 Abbas
1828 1631 2068 1711 fuerat,
2113 1645 2176 1700 et
2216 1632 2478 1701 honore
2528 1630 2884 1700 succederet.

413 1736 477 1790 et
530 1721 789 1789 meritis
824 1733 1235 1805 aequaretur
1264 1721 1319 1787 ⁸.
1376 1724 1520 1801 Qua
1571 1722 1637 1788 in
1692 1721 2042 1789 functione
2088 1744 2246 1789 cuin
2295 1743 2579 1810 gregem
2632 1717 2889 1788 commis·

412 1833 566 1881 sum
608 1808 928 1898 pastorali
977 1807 1251 1876 solertia
1283 1809 1679 1889 custodiret,
1718 1808 2099 1898 etsingulis
2149 1811 2497 1886 noctibus,
2538 1809 2689 1877 aliis
2712 1826 2890 1875 somno

410 1896 785 1987 occupatiS,
842 1897 1330 1966 monasterium
1386 1896 1727 1977 lustraret,
1774 1913 2034 1986 praeter
2071 1920 2327 1967 morem
2364 1898 2641 1978 accidit,
2692 1909 2758 1963 ut
2797 1914 2891 1960 me

413 1988 677 2056 nachus
725 1985 1006 2073 quidam
1057 1985 1287 2053 adhuc
1338 2007 1528 2074 puer,
1571 1999 1798 2055 motus
1837 1986 2134 2072 quadam
2181 1987 2585 2056 curiositate
2626 1985 2717 2053 vel
2761 1981 2890 2075 sollij

411 2075 740 2155 citudine‚
795 2097 954 2143 eum
1006 2086 1425 2160 sequeretur.
1482 2080 1651 2144 Ecce
1680 2089 1907 2143 autem
1948 2075 2325 2144 beatissimi
2380 2077 2511 2145 viri
2562 2085 2887 2161 conspectui

410 2165 728 2233 diabolus
765 2162 1120 2232 insidiator
1177 2163 1395 2231 forma
1459 2164 1717 2252 ingenti
1766 2176 1970 2250 atque
2020 2164 2304 2233 terribili
2367 2186 2518 2233 sese
2558 2164 2763 2233 offert.
2805 2157 2887 2227 Sed

410 2275 570 2323 cum
608 2252 800 2321 illum
858 2251 1337 2339 spiritualibus
1386 2251 1707 2320 indutum
1759 2254 1972 2320 armis
2033 2264 2278 2321 terrere
2322 2276 2461 2322 non
2521 2264 2764 2342 posset,
2808 2268 2888 2314 nee

411 2342 805 2432 opinantem
860 2340 1276 2409 monachum
1328 2352 1513 2409 tanto
1561 2341 1784 2409 affecit
1835 2353 2107 2421 terrore,
2162 2354 2237 2410 ut
2287 2342 2557 2431 trepido
2608 2339 2799 2431 gradu
2831 2333 2886 2402 ad

413 2430 656 2500 cellam
700 2429 887 2498 illico
937 2441 1402 2509 revertentem,
1447 2430 1934 2500 ardentissima
1981 2429 2189 2499 febris
2240 2453 2393 2499 mox
2428 2429 2821 2519 corripuerit.

495 2524 530 2605 ξ
578 2522 664 2589 4.
718 2524 987 2588 Rursus
1039 2518 1345 2607 pertinax
1375 2518 1490 2587 ille
1526 2519 1876 2608 impostor,
1915 2541 2199 2608 sperans
2250 2542 2321 2588 se
2368 2533 2690 2588 sanctum
2725 2517 2887 2607 virum

409 2610 507 2676 vel
560 2607 792 2695 aliqua
851 2607 1108 2675 ratione
1161 2608 1763 2694 perturbaturum,
1832 2608 2012 2697 ignei
2074 2608 2396 2677 draconis
2446 2609 2676 2698 specie
2721 2627 2780 2674 se
2823 2602 2887 2667 illi

404 2696 723 2765 ostendit.
781 2695 906 2765 Sed
949 2694 1305 2764 confestim
1349 2697 1585 2765 Crucis
1634 2697 1831 2785 signo
1866 2697 2166 2778 territuS,
2204 2698 2513 2766 evanuit.
2566 2697 2710 2765 Jam
2757 2692 2886 2760 enim

406 2786 703 2854 invictus
752 2783 1004 2854 athleta
1053 2784 1313 2853 hostem
1367 2785 1643 2873 saepius
1709 2798 2107 2874 superatum
2172 2785 2458 2854 minime
2511 2782 2882 2855 formidabat¹

408 2880 769 2960 Postquam
817 2884 1047 2942 autem
1114 2873 1317 2942 totius
1368 2873 1634 2942 insulae
1693 2873 2067 2944 Lirinensis
2126 2876 2514 2964 peragravit
2563 2874 2882 2943 ambitum.

408 2984 621 3050 ocyus
654 2961 941 3031 accessit
994 2961 1076 3029 ad
1130 2961 1457 3030 lectulum
1516 2964 1931 3050 aegrotantis
1982 2963 2325 3043 monachi,
2382 2985 2590 3049 quem
2650 2962 2889 3029 diximus

410 3053 476 3119 in
536 3050 790 3119 febrem
844 3050 1191 3127 incidisse;
1252 3050 1567 3136 clamque
1616 3051 1801 3138 apud
1855 3050 2051 3129 illum
2102 3052 2281 3120 intra
2344 3073 2598 3120 arcana
2658 3044 2886 3138 pectoris

298 3224 305 3233 .
409 3139 542 3219 sui,
585 3161 816 3228 preces
851 3144 980 3207 Deo
1028 3138 1349 3218 fundens,
1396 3139 1464 3207 id
1515 3140 1757 3219 ess'eeit,
1811 3152 1886 3209 ut
1935 3161 2089 3208 mox
2153 3141 2507 3210 restitutus
2555 3141 2642 3209 sit
2687 3133 2888 3205 incolu-

413 3228 625 3298 mitati
682 3228 1029 3316 pristinae,
1070 3241 1134 3295 et
1170 3227 1420 3317 praeda
1469 3250 1594 3296 sua
1625 3227 1994 3297 frustratus
2026 3230 2112 3297 sit
2169 3229 2384 3298 hostis
2417 3229 2674 3297 elusus.
2711 3231 2886 3306 Itaque

409 3317 706 3386 obtinuit
730 3316 1002 3407 gemina
1039 3316 1251 3385 virtus
1288 3316 1606 3384 invictam
1640 3317 2015 3396 victoriam,
2055 3317 2335 3404 quando
2368 3331 2432 3387 et
2459 3320 2632 3387 vires
2673 3322 2886 3402 aegroto

407 3406 726 3483 reddidit,
781 3418 845 3474 et
883 3405 1350 3473 adversarium
1390 3406 1770 3494 superavit:
1812 3405 2210 3494 deplorante
2261 3406 2542 3475 inimico
2566 3408 2878 3492 jacturam.

408 3516 615 3581 quam
681 3493 949 3573 fecerat;
1008 3493 1297 3562 laetante
1348 3494 1683 3562 monacho
1733 3494 1973 3573 salute,
2043 3517 2251 3579 quam
2313 3494 2749 3584 recuperavit.
2810 3490 2881 3553 Sic

406 3597 634 3653 autem
685 3582 981 3668 singulis
1016 3583 1329 3651 noctibus
1375 3598 1601 3671 pastor
1626 3584 1944 3672 egregius
1978 3583 2151 3652 ovile
2179 3584 2604 3653 Dominicum
2645 3582 2881 3648 circum-

408 3672 734 3751 lustrans,
796 3694 876 3740 ne
924 3671 1089 3757 quid
1141 3672 1407 3739 adversi
1463 3671 1823 3752 accideret,
1870 3672 1954 3740 ad
1999 3672 2188 3740 littus
2223 3675 2562 3757 aequoris,
2610 3665 2772 3755 quod
2805 3682 2880 3759 vq-

407 3776 601 3830 catur
636 3760 863 3839 Moles,
916 3760 1327 3846 quandoque
1361 3763 1670 3840 accessit,
1713 3783 2004 3846 moxque
2042 3774 2371 3830 veterator
2401 3761 2518 3830 ille
2560 3754 2878 3848 praesti-‚012⁴

406 3850 551 3918 suis
592 3872 804 3917 ausus
853 3862 952 3917 est
1008 3863 1353 3935 tamquam
1411 3871 1645 3917 navem
1706 3863 2022 3918 onustam
2076 3849 2296 3918 oculis
2344 3852 2495 3940 ejus
2549 3859 2877 3934 repraesen-

406 3952 570 4015 tare,
636 3957 1014 4023 nautasque
1074 3959 1199 4005 suo
1250 3958 1435 4006 more
1492 3937 1822 4006 ferventes
1865 3939 1929 4005 in
1983 3960 2218 4027 opere,
2275 3940 2627 4024 nautisque
2672 3935 2875 4000 instra·

407 4040 637 4096 menta
686 4025 1122 4116 colligentes:
1164 4026 1338 4094 duos
1391 4048 1542 4094 vero
1575 4050 1652 4094 ex
1694 4026 1832 4095 illis
1865 4026 1947 4095 ad
1989 4027 2162 4096 beati
2216 4027 2344 4095 viri
2381 4027 2580 4095 latera
2613 4016 2872 4112 acceden-

411 4129 530 4196 tes,
584 4114 1022 4201 dicentesque
1072 4137 1141 4183 se
1189 4136 1266 4184 eo
1300 4114 1656 4185 advenisse
1693 4115 2087 4204 negotiandi
2120 4137 2353 4197 causa,
2388 4115 2564 4202 quod
2601 4131 2714 4179 non
2763 4119 2872 4171 sine

412 4205 671 4294 ingenti
723 4204 911 4273 lucro
962 4203 1025 4271 id
1065 4203 1205 4273 fore
1244 4204 1335 4272 rei
1386 4217 1668 4272 eventus
1707 4203 2141 4277 declarasset.
2184 4209 2265 4273 Se
2310 4226 2505 4273 nosse
2559 4201 2726 4269 illum
2773 4194 2870 4285 Mt?-

410 4295 697 4371 ximum,
752 4314 883 4361 non
929 4292 1161 4362 minus
1200 4293 1590 4371 sanctitate,
1645 4316 1851 4379 quam
1908 4293 2221 4361 nomine:
2285 4314 2570 4381 eumque
2624 4290 2678 4355 in
2738 4281 2867 4349 locis

463 4418 484 4437 ³*
516 4419 644 4455 Anno
667 4419 756 4457 426.
777 4419 817 4458 S.
844 4419 1126 4461 Honoratus,
1147 4420 1226 4467 qui
1249 4420 1304 4459 ad
1330 4420 1489 4460 sedem
1516 4421 1837 4459 arelatensem
1857 4421 2050 4461 evectus
2072 4422 2160 4467 est,
2177 4418 2354 4461 colitur
2371 4421 2446 4462 die
2466 4411 2709 4467 lcjmunrii-
