2993 4837
68 387 204 454 Nov.
252 388 286 454 4
860 406 935 452 nn
982 407 1035 453 s.
1087 406 1325 456 cnoro
1373 406 1705 455 noanonao
2333 392 2456 455 ‘147

67 503 223 576 atque
247 488 390 560 aliis
432 489 796 579 deincep3‚
837 490 1024 561 novis
1076 512 1346 582 semper
1393 491 1774 562 rationibus
1829 512 2068 561 omnes
2127 493 2268 563 vias
2317 513 2542 582 perse-

63 591 221 649 cutus
257 591 371 660 est,
415 591 493 649 ut
539 577 808 649 diaboli
855 577 1212 650 fraudibus
1259 592 1327 650 at
1373 601 1461 650 ue
1513 580 1785 650 insidiis
1828 602 2031 650 suum
2079 581 2190 650 tali
2240 593 2544 671 tempore

62 687 281 757 gregem
308 667 624 757 eriperet.
667 671 837 737 Dum
869 681 1089 738 autem
1134 669 1200 737 in
1226 674 1352 740 Ecc
1381 670 1524 740 esia
1563 669 2037 758 componenda
2088 683 2153 739 et
2202 669 2536 752 ornanda,

62 769 177 825 tum
237 754 504 912 ‘usfure
543 756 1040 839 conservando,
1072 758 1350 828 Carolus
1380 758 1660 828 assidua
1701 757 2131 848 cogitatione,
2181 758 2547 845 laboreque

64 846 155 912 inc
252 843 332 913 ibi
367 845 493 915 iter
537 858 936 927 exercetur,
1002 847 1441 935 quotidieque
1492 848 1712 938 magis
1762 847 1828 914 in
1879 868 2158 936 asperae
2217 848 2388 917 vitae
2434 847 2543 916 in-

64 932 265 1004 stitutis
300 932 623 1025 progredi
673 933 934 1015 studet;
991 936 1228 1006 tentari
1284 935 1588 1015 morbis,
1644 934 2032 1004 valetudine
2096 935 2353 1023 alioqui
2405 956 2540 1005 non

60 1021 284 1110 optima.
318 1023 579 1111 coepit:
620 1044 700 1091 ex
749 1023 1004 1110 quibus
1049 1045 1207 1100 cum
1245 1023 1715 1094 convalescere
1756 1024 2116 1104 videretur,
2156 1025 2240 1093 de
2273 1026 2538 1115 integro

34 1105 363 1208 {incideban
414 1132 553 1198 qua
608 1110 696 1180 de
751 1134 821 1180 re
867 1111 1071 1181 amici
1131 1112 1476 1182 interdum
1539 1134 1696 1181 eum
1751 1127 2208 1197 monuerunt;
2274 1125 2543 1183 curaret

34 1197 277 1268 *tandem
322 1198 704 1301 aliquando
738 1199 1223 1281 valetudinem,
1264 1223 1470 1288 seque
1516 1201 1877 1289 respiceret
1923 1215 1988 1271 et
2020 1224 2219 1283 snos;
2274 1203 2338 1270 in
2388 1201 2542 1290 ejus

34 1285 233 1380 {salute
274 1287 631 1377 publicum
672 1288 926 1358 bonum
983 1288 1375 1379 periclitari.
1417 1290 1483 1359 Si
1517 1288 1684 1379 quid
1735 1291 1795 1360 ei
1842 1290 2217 1373 accideret,
2279 1291 2542 1359 ruitura

34 1375 346 1461 :praeclara
400 1377 646 1447 omnia
692 1397 869 1466 quae
936 1377 1370 1467 incoeperat,
1428 1378 1576 1465 ejus
1629 1379 1722 1447 rei
1778 1378 2191 1448 reddendam
2256 1379 2541 1448 Domino

34 1479 178 1556 joese
226 1467 572 1535 rationem.
636 1466 903 1548 Quibus
949 1465 1064 1536 ille
1104 1466 1583 1556 respondebat:
1623 1489 1657 1533 «
1692 1468 1955 1538 Gratias
1987 1490 2208 1557 agere,
2247 1468 2429 1555 quod
2458 1466 2543 1537 de

34 1551 382 1648 {valetudine
411 1576 535 1624 cor
590 1556 733 1624 oris
767 1553 1040 1625 solliciti
1071 1569 1320 1635 essent;
1365 1577 1626 1647 rogare,
1660 1569 1737 1625 ut
1765 1578 1897 1625 non
1942 1559 2178 1626 minus
2210 1557 2294 1625 de
2324 1555 2544 1626 salute

41 1641 226 1713 nimi
265 1664 404 1712 esse
450 1577 744 1724 veilent,
809 1665 1035 1713 rerum
1099 1644 1563 1735 spiritualium
1626 1643 2072 1714 fundamenta
2123 1647 2189 1714 in
2245 1650 2374 1715 Deo
2426 1665 2543 1734 po·

74 1729 256 1810 -·nda,
286 1753 456 1819 quae
500 1733 571 1800 in
614 1732 1006 1801 mortalium
1059 1734 1193 1802 vita
1244 1746 1685 1823 ponerentur,
1746 1733 1929 1802 brevi
1978 1734 2259 1803 omnino
2313 1733 2537 1802 conci·

215 1833 535 1909 oportere;
592 1833 1161 1909 eventurumque,
1225 1821 1405 1908 quod
1471 1822 1686 1890 Isaias
1733 1822 1818 1891 de
1868 1823 1950 1890 iis
2009 1822 2533 1911 pronunciabat,

55 1905 145 1997 με’
176 1909 629 1979 arundinibus
658 1909 938 1999 Aegypti
976 1911 1389 1980 nitebantur.
1444 1937 1467 1973 ι
1511 1914 1714 1979 Porro
1747 1931 1978 1978 mense
2010 1911 2214 1980 lunio
2248 1912 2542 2000 graviter

88 1996 365 2067 niodum
400 1999 825 2089 aegrotavit3
877 2010 954 2067 ut
998 2000 1201 2067 etiam
1253 2000 1425 2067 vitae
1468 1997 1854 2088 periculum
1906 1998 2121 2068 adiret
2173 2020 2304 2068 non
2369 1998 2536 2069 leve.

83 2100 169 2145 'ww
212 2087 466 2156 tandem
510 2085 768 2157 melius
799 2107 869 2157 se
902 2086 1202 2168 haberet,
1238 2088 1911 2188 recognitionemque
1944 2110 2185 2156 rursus
2217 2087 2540 2156 ecclesia-

202 2175 432 2246 absens
464 2196 754 2266 operam
785 2174 1011 2254 daret,
1052 2180 1195 2245 Dux
1276 2177 1619 2245 rovinciae
1655 2175 2093 2266 gubernator,
2130 2197 2264 2245 non
2316 2174 2540 2244 dicam

182 2264 346 2345 tiis,
386 2277 507 2334 aut
556 2265 1075 2333 contentionum
1128 2198 1561 2353 puhlicarum
1596 2263 1970 2354 angoribus
2002 2263 2378 2348 confectus3
2422 2263 2540 2333 sed

189 2378 232 2415 s·
271 2367 445 2424 certe
504 2353 726 2434 curis,
791 2351 1513 2440 sollicitudinibusque
1560 2352 1682 2423 diu
1730 2353 2158 2442 graviterque
2210 2351 2539 2438 affectus;

47 2463 177 2500 ιιι-
218 2463 421 2530 neque
467 2447 633 2522 Deo,
682 2463 899 2529 neque
959 2442 1359 2512 hominibus
1413 2442 1799 2532 displicere,
1873 2455 1938 2511 et
1992 2443 2219 2522 homo,
2283 2454 2348 2512 et
2386 2442 2544 2533 pius

61 2545 213 2612 tw·
250 2548 428 2601 enter
463 2530 726 2609 studet,
784 2531 1020 2620 paucis
1074 2530 1319 2602 diebus
1365 2529 1534 2599 febri
1601 2543 2054 2620 consumptus
2102 2542 2240 2612 est,
2309 2552 2545 2601 mense

89 2633 194 2698 ·--·>,ι
243 2628 335 2688 to:
373 2631 448 2689 ut
499 2618 793 2689 Carolus
827 2619 910 2687 de
936 2619 1240 2709 periculo
1270 2619 1516 2689 certior
1555 2618 1774 2689 factus
1816 2620 1881 2688 in
1927 2633 2229 2710 tempore
2276 2619 2538 2701 adesse,

139 2735 165 2762 ¹·
217 2708 392 2779 valde
420 2707 919 2789 contendisset,
958 2708 1045 2777 ob
1088 2708 1412 2798 temporis
1461 2709 1881 2790 brevitatem,
1935 2709 2383 2796 subsidioque
2432 2729 2541 2777 ve-

69 2795 120 2862 „'.=
156 2825 161 2830 ·
199 2799 521 2877 morienti,
587 2818 723 2867 non
776 2796 1090 2886 potuerit.
1138 2801 1212 2865 In
1275 2797 1427 2885 ejus
1483 2796 1705 2866 locum
1768 2797 2076 2877 interim,
2131 2797 2297 2867 dum
2357 2797 2538 2867 alius

248 2897 417 2969 tur,
493 2885 921 2956 substitutus
981 2897 1081 2957 est
1130 2884 1413 2955 Alvarus
1477 2886 1655 2955 arcis
1710 2885 2072 2955 Mediolani
2132 2884 2535 2976 praefectus.

65 2985 199 3066 ξι
229 2994 330 3062 per
375 2975 443 3044 id
503 2986 788 3062 tempus
839 2986 1047 3043 toturn
1102 2973 1382 3044 Carolus
1416 2973 1717 3045 assiduis
1769 2974 2194 3044 medicorum
2246 2975 2540 3046 curatio-

67 3059 231 3122 *lm
267 3062 387 3133 fere
419 3063 750 3134 detentus
782 3074 994 3142 esset,
1043 3062 1286 3151 pituita
1319 3061 1625 3143 demum,
1665 3062 1860 3144 tussi,
1897 3063 2151 3132 incerta
2177 3062 2535 3144 febricula,

69 3151 78 3206 .’
100 3206 107 3213 „
144 3173 171 3206 εἴ
237 3149 293 3220 in
321 3150 747 3241 periculum;
783 3150 1367 3237 quemadmodum
1393 3151 1666 3239 scriptis
1694 3150 1843 3238 ejus
1873 3171 2117 3219 caussa
2156 3164 2316 3220 tunc
2350 3173 2544 3221 sum-

63 3261 154 3292 ··-³=···
189 3259 270 3307 m
317 3240 750 3309 medicorum
822 3238 1406 3328 disputationibus
1453 3239 1704 3323 didici;
1759 3259 1841 3307 ne
1911 3238 2238 3328 paulatim
2295 3239 2536 3308 morbo

187 3340 344 3415 ptus
377 3330 860 3408 intabesceret,
917 3328 1237 3415 brevique
1297 3341 1839 3406 consumeretur,
1884 3348 1963 3395 ac
2010 3347 2088 3395 ea
2148 3326 2540 3396 conditione

79 3416 306 3485 ·rvenit
347 3417 429 3486 ad
490 3416 775 3486 initium
831 3416 1104 3486 aestatis
1166 3416 1458 3507 proximi
1516 3417 1676 3485 anni
1746 3437 2024 3485 uncxxn.
2077 3419 2245 3483 Tum
2299 3414 2383 3483 de
2439 3414 2537 3482 Pii

107 3527 114 3557 ε
168 3502 344 3575 tificis
374 3505 576 3597 gravi
628 3504 864 3574 morbo
905 3505 1202 3575 nuncius
1235 3504 1549 3585 affertur,
1603 3503 1919 3574 assiduas
1952 3502 2142 3572 illius
2177 3501 2270 3571 rei
2321 3503 2542 3592 gratia

81 3613 116 3644 ⁴·
146 3609 349 3663 rarum
393 3615 683 3685 precum
737 3593 1248 3664 exercitationes
1305 3592 1635 3675 instituit,
1679 3591 1974 3661 eundern
2023 3586 2336 3661 Calendis
2387 3591 2542 3679 Maji

83 3705 94 3730 ι
145 3677 252 3749 hac
282 3682 407 3752 vita
441 3682 848 3762 decessisse,
894 3682 1164 3771 accipit,
1207 3682 1328 3770 qui
1372 3680 1651 3770 quidem
1703 3702 2045 3760 summuS,
2100 3680 2541 3770 optimusque

103 3786 222 3865 3er‚
270 3771 721 3841 christianam
787 3770 1282 3858 rempublicam
1337 3770 1677 3852 moriem,
1732 3792 1866 3838 non
1936 3770 2170 3839 minus
2218 3768 2539 3837 afflictam

79 3851 325 3942 ·ltquit;
374 3882 590 3948 quarn
643 3859 913 3928 Octobri
965 3860 1273 3949 proximo
1324 3859 1605 3929 victoria
1650 3871 1885 3927 contra
1934 3863 2188 3929 Turcas
2234 3857 2319 3926 ad
2370 3861 2547 3925 Nau-

67 3956 277 4028 f-ctum
326 3948 665 4018 divinitus
692 3948 988 4029 obtenta,
1047 3961 1487 4018 recreaverat.
1542 3946 2074 4037 Purgationibus
2123 3945 2546 4036 implicitum·

77 4059 82 4078 ·
127 4037 321 4104 anni
370 4048 679 4127 tempore
727 4036 1037 4106 Carolum
1094 4036 1338 4105 medici
1373 4036 1728 4105 tenebant:
1780 4057 1955 4122 quos
1981 4057 2138 4104 cum
2189 4034 2274 4104 de
2304 4034 2544 4102 itinere

81 4138 284 4190 ornam
333 4125 651 4196 faciendo
699 4124 1187 4204 consuluisses,
1246 4137 1620 4193 metuentes
1670 4124 1810 4201 illi,
1878 4144 1958 4192 ne
2015 4123 2405 4213 agitatione,
2464 4144 2544 4191 ac

83 4232 261 4289 mre,
308 4232 383 4282 eo
432 4213 864 4303 praesertim,
918 4227 994 4282 ut
1041 4234 1312 4301 semper
1359 4211 1639 4292 solebat,
1695 4224 1993 4298 tuncque
2030 4212 2325 4281 maxime
2365 4233 2543 4299 opus

125 4309 184 4377 t,
230 4315 671 4390 properante,
738 4303 1016 4371 morbus
1065 4303 1602 4390 ingravesceret,
1661 4300 1784 4371 iter
1830 4300 2342 4371 dissuadebant.
2413 4299 2539 4369 Sed

83 4381 165 4465 il,
207 4391 732 4481 purgationibus
761 4389 1056 4470 omissis,
1100 4388 1664 4476 medicorumque
1704 4389 2013 4460 consiliis
2064 4403 2223 4460 tunc
2257 4388 2539 4477 quidem

74 4473 431 4562 posthabitis,
474 4479 848 4550 Christiani
885 4479 1071 4548 orbis
1127 4498 1485 4559 caussam,
1553 4476 1759 4548 saluti
1806 4501 1971 4550 suae
2019 4479 2234 4550 satius
2286 4477 2550 4568 putavit
