<?xml version="1.0" encoding="UTF-8"?>
<!DOCTYPE html PUBLIC "-//W3C//DTD XHTML 1.0 Transitional//EN"
    "http://www.w3.org/TR/xhtml1/DTD/xhtml1-transitional.dtd">
<html xmlns="http://www.w3.org/1999/xhtml" xml:lang="en" lang="en">
 <head>
  <title>
</title>
<meta http-equiv="Content-Type" content="text/html;charset=utf-8" />
  <meta name='ocr-system' content='tesseract 3.04.00' />
  <meta name='ocr-capabilities' content='ocr_page ocr_carea ocr_par ocr_line ocrx_word'/>
</head>
<body>
  <div class='ocr_page' id='page_1' title='image "./historiaeseuvit05lippgoog_0431.png"; bbox 0 0 2993 4837; ppageno 0'>
   <div class='ocr_carea' id='block_1_1' title="bbox 31 330 2430 397">
    <p class='ocr_par' dir='ltr' id='par_1_1' title="bbox 31 330 2430 397">
     <span class='ocr_line' id='line_1_1' title="bbox 31 330 2430 397; baseline -0 0"><span class='ocrx_word' id='word_1_1' title='bbox 31 330 173 397; x_wconf 76' lang='lat' dir='ltr'>Nov.</span> <span class='ocrx_word' id='word_1_2' title='bbox 222 330 289 394; x_wconf 75' lang='lat' dir='ltr'>tt</span> <span class='ocrx_word' id='word_1_3' title='bbox 718 347 893 393; x_wconf 68' lang='lat' dir='ltr'>nes.</span> <span class='ocrx_word' id='word_1_4' title='bbox 937 346 1228 397; x_wconf 61' lang='lat' dir='ltr'>:marino</span> <span class='ocrx_word' id='word_1_5' title='bbox 1277 347 1377 393; x_wconf 73' lang='lat' dir='ltr'>nr.</span> <span class='ocrx_word' id='word_1_6' title='bbox 1431 346 1786 394; x_wconf 57' lang='lat' dir='ltr'>wammam</span> <span class='ocrx_word' id='word_1_7' title='bbox 2304 331 2430 396; x_wconf 79' lang='lat'>395</span> 
     </span>
    </p>
   </div>
   <div class='ocr_carea' id='block_1_2' title="bbox 28 430 2541 4244">
    <p class='ocr_par' dir='ltr' id='par_1_2' title="bbox 28 430 2525 2916">
     <span class='ocr_line' id='line_1_2' title="bbox 30 430 2519 522; baseline 0 -22"><span class='ocrx_word' id='word_1_8' title='bbox 30 433 320 501; x_wconf 85' lang='lat' dir='ltr'>dicantur.</span> <span class='ocrx_word' id='word_1_9' title='bbox 357 432 578 522; x_wconf 84' lang='lat' dir='ltr'>Igitur</span> <span class='ocrx_word' id='word_1_10' title='bbox 602 432 935 500; x_wconf 83' lang='lat' dir='ltr'>Martinus</span> <span class='ocrx_word' id='word_1_11' title='bbox 971 430 1132 500; x_wconf 92' lang='lat' dir='ltr'>inde</span> <span class='ocrx_word' id='word_1_12' title='bbox 1163 452 1594 521; x_wconf 76' lang='lat' dir='ltr'>progressuS,</span> <span class='ocrx_word' id='word_1_13' title='bbox 1634 454 1792 499; x_wconf 89' lang='lat' dir='ltr'>cum</span> <span class='ocrx_word' id='word_1_14' title='bbox 1827 430 2285 501; x_wconf 80' lang='lat' dir='ltr'>Mediolanum</span> <span class='ocrx_word' id='word_1_15' title='bbox 2326 454 2519 521; x_wconf 91' lang='lat' dir='ltr'>prae-</span> 
     </span>
     <span class='ocr_line' id='line_1_3' title="bbox 30 520 2519 609; baseline 0 -18"><span class='ocrx_word' id='word_1_16' title='bbox 30 523 268 600; x_wconf 84' lang='lat' dir='ltr'>terisset,</span> <span class='ocrx_word' id='word_1_17' title='bbox 300 521 622 589; x_wconf 84' lang='lat' dir='ltr'>diabolus</span> <span class='ocrx_word' id='word_1_18' title='bbox 673 522 744 588; x_wconf 90' lang='lat' dir='ltr'>in</span> <span class='ocrx_word' id='word_1_19' title='bbox 792 521 1058 599; x_wconf 88' lang='lat' dir='ltr'>itinere,</span> <span class='ocrx_word' id='word_1_20' title='bbox 1107 520 1411 589; x_wconf 73' lang='lat' dir='ltr'>humana</span> <span class='ocrx_word' id='word_1_21' title='bbox 1454 522 1683 609; x_wconf 87' lang='lat' dir='ltr'>specie</span> <span class='ocrx_word' id='word_1_22' title='bbox 1737 524 2116 609; x_wconf 71' lang='lat' dir='ltr'>assumpta,</span> <span class='ocrx_word' id='word_1_23' title='bbox 2172 544 2243 589; x_wconf 91' lang='lat' dir='ltr'>se</span> <span class='ocrx_word' id='word_1_24' title='bbox 2290 524 2349 590; x_wconf 92' lang='lat' dir='ltr'>ei</span> <span class='ocrx_word' id='word_1_25' title='bbox 2398 523 2519 591; x_wconf 92' lang='lat' dir='ltr'>ob-</span> 
     </span>
     <span class='ocr_line' id='line_1_4' title="bbox 30 608 2516 699; baseline 0.001 -23"><span class='ocrx_word' id='word_1_26' title='bbox 30 610 163 678; x_wconf 76' lang='lat' dir='ltr'>viam</span> <span class='ocrx_word' id='word_1_27' title='bbox 195 609 363 690; x_wconf 91' lang='lat' dir='ltr'>tulit,</span> <span class='ocrx_word' id='word_1_28' title='bbox 402 632 543 696; x_wconf 91' lang='lat' dir='ltr'>quo</span> <span class='ocrx_word' id='word_1_29' title='bbox 578 609 905 687; x_wconf 77' lang='lat' dir='ltr'>tenderet,</span> <span class='ocrx_word' id='word_1_30' title='bbox 955 610 1333 695; x_wconf 83' lang='lat' dir='ltr'>requirenS.</span> <span class='ocrx_word' id='word_1_31' title='bbox 1380 614 1687 694; x_wconf 84' lang='lat' dir='ltr'>Cumque</span> <span class='ocrx_word' id='word_1_32' title='bbox 1722 608 1785 676; x_wconf 94' lang='lat' dir='ltr'>id</span> <span class='ocrx_word' id='word_1_33' title='bbox 1821 631 1855 676; x_wconf 88' lang='lat' dir='ltr'>a</span> <span class='ocrx_word' id='word_1_34' title='bbox 1887 610 2174 679; x_wconf 86' lang='lat' dir='ltr'>Martino</span> <span class='ocrx_word' id='word_1_35' title='bbox 2210 611 2516 699; x_wconf 78' lang='lat' dir='ltr'>responsi</span> 
     </span>
     <span class='ocr_line' id='line_1_5' title="bbox 30 697 2515 788; baseline 0 -20"><span class='ocrx_word' id='word_1_36' title='bbox 30 700 372 788; x_wconf 73' lang='lat' dir='ltr'>accepisset,</span> <span class='ocrx_word' id='word_1_37' title='bbox 409 720 483 767; x_wconf 92' lang='lat' dir='ltr'>se</span> <span class='ocrx_word' id='word_1_38' title='bbox 512 720 655 785; x_wconf 92' lang='lat' dir='ltr'>quo</span> <span class='ocrx_word' id='word_1_39' title='bbox 687 699 1017 767; x_wconf 87' lang='lat' dir='ltr'>Dominus</span> <span class='ocrx_word' id='word_1_40' title='bbox 1049 712 1340 778; x_wconf 88' lang='lat' dir='ltr'>vocaret,</span> <span class='ocrx_word' id='word_1_41' title='bbox 1376 697 1747 773; x_wconf 78' lang='lat' dir='ltr'>intendere,</span> <span class='ocrx_word' id='word_1_42' title='bbox 1783 699 1877 767; x_wconf 88' lang='lat' dir='ltr'>ait</span> <span class='ocrx_word' id='word_1_43' title='bbox 1907 698 1990 767; x_wconf 91' lang='lat' dir='ltr'>ad</span> <span class='ocrx_word' id='word_1_44' title='bbox 2027 721 2218 766; x_wconf 89' lang='lat' dir='ltr'>eum:</span> <span class='ocrx_word' id='word_1_45' title='bbox 2259 722 2293 764; x_wconf 84' lang='lat'>«</span> <span class='ocrx_word' id='word_1_46' title='bbox 2339 704 2515 781; x_wconf 88' lang='lat' dir='ltr'>Quo·</span> 
     </span>
     <span class='ocr_line' id='line_1_6' title="bbox 30 785 2516 874; baseline -0 -18"><span class='ocrx_word' id='word_1_47' title='bbox 30 809 275 874; x_wconf 80' lang='lat' dir='ltr'>cumque</span> <span class='ocrx_word' id='word_1_48' title='bbox 320 788 505 866; x_wconf 77' lang='lat' dir='ltr'>ieris.</span> <span class='ocrx_word' id='word_1_49' title='bbox 564 787 667 855; x_wconf 88' lang='lat' dir='ltr'>vel</span> <span class='ocrx_word' id='word_1_50' title='bbox 714 808 1193 873; x_wconf 85' lang='lat' dir='ltr'>quaecumque</span> <span class='ocrx_word' id='word_1_51' title='bbox 1234 790 1621 867; x_wconf 80' lang='lat' dir='ltr'>tentaveriS,</span> <span class='ocrx_word' id='word_1_52' title='bbox 1674 785 1993 855; x_wconf 89' lang='lat' dir='ltr'>diabolus</span> <span class='ocrx_word' id='word_1_53' title='bbox 2045 787 2165 855; x_wconf 87' lang='lat' dir='ltr'>tibi</span> <span class='ocrx_word' id='word_1_54' title='bbox 2200 787 2516 855; x_wconf 87' lang='lat' dir='ltr'>adversa-</span> 
     </span>
     <span class='ocr_line' id='line_1_7' title="bbox 30 874 2524 966; baseline -0 -21"><span class='ocrx_word' id='word_1_55' title='bbox 30 876 193 945; x_wconf 84' lang='lat' dir='ltr'>bitur.</span> <span class='ocrx_word' id='word_1_56' title='bbox 233 899 266 941; x_wconf 84' lang='lat'><strong>»</strong></span> <span class='ocrx_word' id='word_1_57' title='bbox 305 882 494 945; x_wconf 87' lang='lat' dir='ltr'>Tunc</span> <span class='ocrx_word' id='word_1_58' title='bbox 528 876 592 944; x_wconf 89' lang='lat' dir='ltr'>ei</span> <span class='ocrx_word' id='word_1_59' title='bbox 629 876 1024 964; x_wconf 88' lang='lat' dir='ltr'>prophetica</span> <span class='ocrx_word' id='word_1_60' title='bbox 1059 896 1218 945; x_wconf 87' lang='lat' dir='ltr'>voce</span> <span class='ocrx_word' id='word_1_61' title='bbox 1254 874 1639 965; x_wconf 83' lang='lat' dir='ltr'>respondit:</span> <span class='ocrx_word' id='word_1_62' title='bbox 1687 877 2009 944; x_wconf 83' lang='lat' dir='ltr'>Dominus</span> <span class='ocrx_word' id='word_1_63' title='bbox 2046 877 2223 943; x_wconf 74' lang='lat' dir='ltr'>mihi</span> <span class='ocrx_word' id='word_1_64' title='bbox 2249 877 2524 966; x_wconf 80' lang='lat' dir='ltr'>adjutor</span> 
     </span>
     <span class='ocr_line' id='line_1_8' title="bbox 30 964 2519 1056; baseline 0 -22"><span class='ocrx_word' id='word_1_65' title='bbox 30 977 133 1043; x_wconf 72' lang='lat' dir='ltr'>cst,</span> <span class='ocrx_word' id='word_1_66' title='bbox 177 988 298 1034; x_wconf 82' lang='lat' dir='ltr'>non</span> <span class='ocrx_word' id='word_1_67' title='bbox 343 966 583 1034; x_wconf 78' lang='lat' dir='ltr'>timebo</span> <span class='ocrx_word' id='word_1_68' title='bbox 631 965 796 1056; x_wconf 77' lang='lat' dir='ltr'>quid</span> <span class='ocrx_word' id='word_1_69' title='bbox 839 967 1052 1053; x_wconf 81' lang='lat' dir='ltr'>saciat</span> <span class='ocrx_word' id='word_1_70' title='bbox 1107 965 1282 1033; x_wconf 71' lang='lat' dir='ltr'>mihi</span> <span class='ocrx_word' id='word_1_71' title='bbox 1325 965 1516 1033; x_wconf 77' lang='lat' dir='ltr'>homo</span> <span class='ocrx_word' id='word_1_72' title='bbox 1579 964 1717 1052; x_wconf 67' lang='lat' dir='ltr'>(Px.</span> <span class='ocrx_word' id='word_1_73' title='bbox 1781 964 1985 1052; x_wconf 70' lang='lat'><strong>⁴⁴7);</strong></span> <span class='ocrx_word' id='word_1_74' title='bbox 2041 965 2412 1051; x_wconf 81' lang='lat' dir='ltr'>statimque</span> <span class='ocrx_word' id='word_1_75' title='bbox 2484 987 2519 1034; x_wconf 95' lang='lat' dir='ltr'>e</span> 
     </span>
     <span class='ocr_line' id='line_1_9' title="bbox 28 1053 2519 1143; baseline 0 -22"><span class='ocrx_word' id='word_1_76' title='bbox 28 1066 344 1143; x_wconf 87' lang='lat' dir='ltr'>conspectu</span> <span class='ocrx_word' id='word_1_77' title='bbox 372 1054 527 1142; x_wconf 84' lang='lat' dir='ltr'>ejus</span> <span class='ocrx_word' id='word_1_78' title='bbox 576 1053 907 1121; x_wconf 90' lang='lat' dir='ltr'>inimicus</span> <span class='ocrx_word' id='word_1_79' title='bbox 939 1054 1236 1121; x_wconf 89' lang='lat' dir='ltr'>evanuit.</span> <span class='ocrx_word' id='word_1_80' title='bbox 1278 1058 1513 1139; x_wconf 89' lang='lat' dir='ltr'>Itaque</span> <span class='ocrx_word' id='word_1_81' title='bbox 1563 1066 1638 1121; x_wconf 89' lang='lat' dir='ltr'>ut</span> <span class='ocrx_word' id='word_1_82' title='bbox 1684 1053 1917 1121; x_wconf 87' lang='lat' dir='ltr'>animo</span> <span class='ocrx_word' id='word_1_83' title='bbox 1949 1075 2027 1121; x_wconf 89' lang='lat' dir='ltr'>ac</span> <span class='ocrx_word' id='word_1_84' title='bbox 2081 1066 2303 1121; x_wconf 83' lang='lat' dir='ltr'>mente</span> <span class='ocrx_word' id='word_1_85' title='bbox 2351 1074 2519 1121; x_wconf 90' lang='lat' dir='ltr'>con·</span> 
     </span>
     <span class='ocr_line' id='line_1_10' title="bbox 28 1141 2516 1232; baseline 0 -22"><span class='ocrx_word' id='word_1_86' title='bbox 28 1156 267 1231; x_wconf 80' lang='lat' dir='ltr'>ceperat,</span> <span class='ocrx_word' id='word_1_87' title='bbox 308 1156 598 1211; x_wconf 88' lang='lat' dir='ltr'>matrem</span> <span class='ocrx_word' id='word_1_88' title='bbox 635 1141 1036 1232; x_wconf 84' lang='lat' dir='ltr'>gentilitatis</span> <span class='ocrx_word' id='word_1_89' title='bbox 1074 1141 1363 1211; x_wconf 89' lang='lat' dir='ltr'>absolvit</span> <span class='ocrx_word' id='word_1_90' title='bbox 1394 1163 1645 1221; x_wconf 90' lang='lat' dir='ltr'>errore,</span> <span class='ocrx_word' id='word_1_91' title='bbox 1688 1154 1877 1231; x_wconf 88' lang='lat' dir='ltr'>patre</span> <span class='ocrx_word' id='word_1_92' title='bbox 1926 1141 1994 1209; x_wconf 90' lang='lat' dir='ltr'>in</span> <span class='ocrx_word' id='word_1_93' title='bbox 2049 1141 2249 1210; x_wconf 90' lang='lat' dir='ltr'>malis</span> <span class='ocrx_word' id='word_1_94' title='bbox 2286 1163 2516 1229; x_wconf 90' lang='lat' dir='ltr'>perse-</span> 
     </span>
     <span class='ocr_line' id='line_1_11' title="bbox 29 1230 2522 1320; baseline 0.002 -27"><span class='ocrx_word' id='word_1_95' title='bbox 29 1244 281 1299; x_wconf 72' lang='lat' dir='ltr'>verante:</span> <span class='ocrx_word' id='word_1_96' title='bbox 335 1231 574 1320; x_wconf 90' lang='lat' dir='ltr'>plures</span> <span class='ocrx_word' id='word_1_97' title='bbox 625 1245 845 1299; x_wconf 84' lang='lat' dir='ltr'>tamen</span> <span class='ocrx_word' id='word_1_98' title='bbox 885 1252 1010 1299; x_wconf 89' lang='lat' dir='ltr'>suo</span> <span class='ocrx_word' id='word_1_99' title='bbox 1040 1230 1325 1300; x_wconf 77' lang='lat' dir='ltr'>salvavit</span> <span class='ocrx_word' id='word_1_100' title='bbox 1355 1230 1691 1320; x_wconf 86' lang='lat' dir='ltr'>exemp10.</span> <span class='ocrx_word' id='word_1_101' title='bbox 1728 1230 1979 1299; x_wconf 85' lang='lat' dir='ltr'>Deinde</span> <span class='ocrx_word' id='word_1_102' title='bbox 2011 1251 2168 1298; x_wconf 76' lang='lat' dir='ltr'>cuin</span> <span class='ocrx_word' id='word_1_103' title='bbox 2217 1230 2522 1299; x_wconf 83' lang='lat' dir='ltr'>haeresis</span> 
     </span>
     <span class='ocr_line' id='line_1_12' title="bbox 30 1318 2515 1409; baseline 0 -23"><span class='ocrx_word' id='word_1_104' title='bbox 30 1321 259 1388; x_wconf 71' lang='lat' dir='ltr'>Arriana</span> <span class='ocrx_word' id='word_1_105' title='bbox 302 1342 419 1409; x_wconf 90' lang='lat' dir='ltr'>per</span> <span class='ocrx_word' id='word_1_106' title='bbox 457 1334 672 1389; x_wconf 90' lang='lat' dir='ltr'>totum</span> <span class='ocrx_word' id='word_1_107' title='bbox 724 1319 983 1396; x_wconf 87' lang='lat' dir='ltr'>orbem,</span> <span class='ocrx_word' id='word_1_108' title='bbox 1024 1331 1087 1387; x_wconf 90' lang='lat' dir='ltr'>et</span> <span class='ocrx_word' id='word_1_109' title='bbox 1130 1319 1423 1387; x_wconf 86' lang='lat' dir='ltr'>maxime</span> <span class='ocrx_word' id='word_1_110' title='bbox 1462 1319 1641 1387; x_wconf 87' lang='lat' dir='ltr'>intra</span> <span class='ocrx_word' id='word_1_111' title='bbox 1681 1318 2035 1408; x_wconf 84' lang='lat' dir='ltr'>Illyricum</span> <span class='ocrx_word' id='word_1_112' title='bbox 2083 1318 2515 1407; x_wconf 72' lang='lat' dir='ltr'>pullulasset,</span> 
     </span>
     <span class='ocr_line' id='line_1_13' title="bbox 29 1406 2515 1497; baseline 0 -22"><span class='ocrx_word' id='word_1_113' title='bbox 29 1428 151 1475; x_wconf 87' lang='lat' dir='ltr'>cnm</span> <span class='ocrx_word' id='word_1_114' title='bbox 199 1408 521 1477; x_wconf 86' lang='lat' dir='ltr'>adversus</span> <span class='ocrx_word' id='word_1_115' title='bbox 574 1408 929 1495; x_wconf 87' lang='lat' dir='ltr'>perfidiam</span> <span class='ocrx_word' id='word_1_116' title='bbox 974 1407 1402 1476; x_wconf 80' lang='lat' dir='ltr'>sacerdotum</span> <span class='ocrx_word' id='word_1_117' title='bbox 1458 1406 1648 1477; x_wconf 90' lang='lat' dir='ltr'>solus</span> <span class='ocrx_word' id='word_1_118' title='bbox 1700 1429 1871 1496; x_wconf 88' lang='lat' dir='ltr'>pene</span> <span class='ocrx_word' id='word_1_119' title='bbox 1928 1407 2257 1476; x_wconf 89' lang='lat' dir='ltr'>acerrime</span> <span class='ocrx_word' id='word_1_120' title='bbox 2315 1428 2515 1497; x_wconf 91' lang='lat' dir='ltr'>repu-</span> 
     </span>
     <span class='ocr_line' id='line_1_14' title="bbox 32 1494 2517 1586; baseline 0 -22"><span class='ocrx_word' id='word_1_121' title='bbox 32 1510 241 1584; x_wconf 74' lang='lat' dir='ltr'>gnaret,</span> <span class='ocrx_word' id='word_1_122' title='bbox 276 1498 652 1583; x_wconf 88' lang='lat' dir='ltr'>multisque</span> <span class='ocrx_word' id='word_1_123' title='bbox 700 1496 1064 1585; x_wconf 85' lang='lat' dir='ltr'>suppliciis</span> <span class='ocrx_word' id='word_1_124' title='bbox 1091 1509 1270 1565; x_wconf 89' lang='lat' dir='ltr'>esset</span> <span class='ocrx_word' id='word_1_125' title='bbox 1316 1496 1601 1565; x_wconf 83' lang='lat' dir='ltr'>affectus</span> <span class='ocrx_word' id='word_1_126' title='bbox 1637 1496 1833 1585; x_wconf 90' lang='lat' dir='ltr'>(nam</span> <span class='ocrx_word' id='word_1_127' title='bbox 1882 1508 1948 1564; x_wconf 88' lang='lat' dir='ltr'>et</span> <span class='ocrx_word' id='word_1_128' title='bbox 1996 1494 2268 1584; x_wconf 89' lang='lat' dir='ltr'>publice</span> <span class='ocrx_word' id='word_1_129' title='bbox 2305 1497 2517 1586; x_wconf 85' lang='lat' dir='ltr'>virgis</span> 
     </span>
     <span class='ocr_line' id='line_1_15' title="bbox 33 1584 2522 1674; baseline 0 -23"><span class='ocrx_word' id='word_1_130' title='bbox 33 1602 224 1653; x_wconf 74' lang='lat' dir='ltr'>caesus</span> <span class='ocrx_word' id='word_1_131' title='bbox 252 1586 397 1674; x_wconf 88' lang='lat' dir='ltr'>est),</span> <span class='ocrx_word' id='word_1_132' title='bbox 450 1600 517 1653; x_wconf 87' lang='lat' dir='ltr'>et</span> <span class='ocrx_word' id='word_1_133' title='bbox 557 1585 644 1653; x_wconf 89' lang='lat' dir='ltr'>ad</span> <span class='ocrx_word' id='word_1_134' title='bbox 693 1597 1069 1654; x_wconf 81' lang='lat' dir='ltr'>extremum</span> <span class='ocrx_word' id='word_1_135' title='bbox 1107 1584 1192 1653; x_wconf 92' lang='lat' dir='ltr'>de</span> <span class='ocrx_word' id='word_1_136' title='bbox 1239 1585 1512 1653; x_wconf 88' lang='lat' dir='ltr'>civitate</span> <span class='ocrx_word' id='word_1_137' title='bbox 1552 1585 1734 1653; x_wconf 84' lang='lat' dir='ltr'>exire</span> <span class='ocrx_word' id='word_1_138' title='bbox 1767 1584 2196 1670; x_wconf 77' lang='lat' dir='ltr'>compulsuS,</span> <span class='ocrx_word' id='word_1_139' title='bbox 2253 1585 2522 1654; x_wconf 87' lang='lat' dir='ltr'>Italiam</span> 
     </span>
     <span class='ocr_line' id='line_1_16' title="bbox 35 1672 2515 1760; baseline 0 -19"><span class='ocrx_word' id='word_1_140' title='bbox 35 1687 311 1760; x_wconf 80' lang='lat' dir='ltr'>repetenS,</span> <span class='ocrx_word' id='word_1_141' title='bbox 349 1696 510 1743; x_wconf 90' lang='lat' dir='ltr'>cum</span> <span class='ocrx_word' id='word_1_142' title='bbox 552 1674 733 1742; x_wconf 89' lang='lat' dir='ltr'>intra</span> <span class='ocrx_word' id='word_1_143' title='bbox 780 1673 1033 1743; x_wconf 87' lang='lat' dir='ltr'>Gallias</span> <span class='ocrx_word' id='word_1_144' title='bbox 1080 1694 1355 1760; x_wconf 89' lang='lat' dir='ltr'>quoque</span> <span class='ocrx_word' id='word_1_145' title='bbox 1401 1672 1716 1742; x_wconf 87' lang='lat' dir='ltr'>discessu</span> <span class='ocrx_word' id='word_1_146' title='bbox 1765 1678 1826 1741; x_wconf 91' lang='lat' dir='ltr'>S.</span> <span class='ocrx_word' id='word_1_147' title='bbox 1868 1673 2133 1749; x_wconf 87' lang='lat' dir='ltr'>Hilarii,</span> <span class='ocrx_word' id='word_1_148' title='bbox 2172 1695 2375 1759; x_wconf 92' lang='lat' dir='ltr'>quem</span> <span class='ocrx_word' id='word_1_149' title='bbox 2431 1673 2515 1741; x_wconf 93' lang='lat' dir='ltr'>ad</span> 
     </span>
     <span class='ocr_line' id='line_1_17' title="bbox 35 1761 2523 1851; baseline 0.001 -22"><span class='ocrx_word' id='word_1_150' title='bbox 35 1761 257 1829; x_wconf 80' lang='lat' dir='ltr'>exilium</span> <span class='ocrx_word' id='word_1_151' title='bbox 313 1763 816 1831; x_wconf 87' lang='lat' dir='ltr'>haereticorum</span> <span class='ocrx_word' id='word_1_152' title='bbox 869 1764 970 1831; x_wconf 90' lang='lat' dir='ltr'>vis</span> <span class='ocrx_word' id='word_1_153' title='bbox 1015 1766 1350 1851; x_wconf 76' lang='lat' dir='ltr'>coegerat,</span> <span class='ocrx_word' id='word_1_154' title='bbox 1405 1762 1746 1830; x_wconf 84' lang='lat' dir='ltr'>turbatam</span> <span class='ocrx_word' id='word_1_155' title='bbox 1810 1761 2180 1830; x_wconf 81' lang='lat' dir='ltr'>Ecclesiam</span> <span class='ocrx_word' id='word_1_156' title='bbox 2241 1784 2523 1851; x_wconf 84' lang='lat' dir='ltr'>compe-</span> 
     </span>
     <span class='ocr_line' id='line_1_18' title="bbox 37 1848 2516 1935; baseline 0.001 -18"><span class='ocrx_word' id='word_1_157' title='bbox 37 1848 225 1929; x_wconf 82' lang='lat' dir='ltr'>risset,</span> <span class='ocrx_word' id='word_1_158' title='bbox 285 1851 653 1920; x_wconf 83' lang='lat' dir='ltr'>Mediolani</span> <span class='ocrx_word' id='word_1_159' title='bbox 730 1851 861 1920; x_wconf 88' lang='lat' dir='ltr'>sibi</span> <span class='ocrx_word' id='word_1_160' title='bbox 945 1852 1436 1919; x_wconf 87' lang='lat' dir='ltr'>monasterium</span> <span class='ocrx_word' id='word_1_161' title='bbox 1500 1850 1759 1919; x_wconf 86' lang='lat' dir='ltr'>statuit.</span> <span class='ocrx_word' id='word_1_162' title='bbox 1830 1852 1931 1919; x_wconf 91' lang='lat' dir='ltr'>Ibi</span> <span class='ocrx_word' id='word_1_163' title='bbox 2007 1871 2281 1935; x_wconf 90' lang='lat' dir='ltr'>quoque</span> <span class='ocrx_word' id='word_1_164' title='bbox 2359 1873 2516 1919; x_wconf 91' lang='lat' dir='ltr'>eum</span> 
     </span>
     <span class='ocr_line' id='line_1_19' title="bbox 36 1938 2523 2028; baseline 0 -21"><span class='ocrx_word' id='word_1_165' title='bbox 36 1938 349 2010; x_wconf 77' lang='lat' dir='ltr'>Auxentius</span> <span class='ocrx_word' id='word_1_166' title='bbox 380 1941 436 2020; x_wconf 74' lang='lat'>*‚</span> <span class='ocrx_word' id='word_1_167' title='bbox 476 1954 720 2008; x_wconf 87' lang='lat' dir='ltr'>auctor</span> <span class='ocrx_word' id='word_1_168' title='bbox 750 1954 812 2007; x_wconf 89' lang='lat' dir='ltr'>et</span> <span class='ocrx_word' id='word_1_169' title='bbox 847 1940 1165 2028; x_wconf 88' lang='lat' dir='ltr'>princeps</span> <span class='ocrx_word' id='word_1_170' title='bbox 1199 1945 1667 2015; x_wconf 76' lang='lat' dir='ltr'>Arrianorum,</span> <span class='ocrx_word' id='word_1_171' title='bbox 1707 1939 2110 2026; x_wconf 81' lang='lat' dir='ltr'>gravissime</span> <span class='ocrx_word' id='word_1_172' title='bbox 2146 1939 2523 2008; x_wconf 84' lang='lat' dir='ltr'>insectatus</span> 
     </span>
     <span class='ocr_line' id='line_1_20' title="bbox 37 2026 2519 2117; baseline 0.001 -25"><span class='ocrx_word' id='word_1_173' title='bbox 37 2038 129 2093; x_wconf 59' lang='grc' dir='ltr'>ωε</span> <span class='ocrx_word' id='word_1_174' title='bbox 173 2027 531 2116; x_wconf 87' lang='lat' dir='ltr'>multisque</span> <span class='ocrx_word' id='word_1_175' title='bbox 565 2028 880 2097; x_wconf 77' lang='lat' dir='ltr'>affectum</span> <span class='ocrx_word' id='word_1_176' title='bbox 922 2029 1218 2117; x_wconf 89' lang='lat' dir='ltr'>injuriis,</span> <span class='ocrx_word' id='word_1_177' title='bbox 1255 2028 1340 2096; x_wconf 92' lang='lat' dir='ltr'>de</span> <span class='ocrx_word' id='word_1_178' title='bbox 1368 2028 1640 2097; x_wconf 87' lang='lat' dir='ltr'>civitate</span> <span class='ocrx_word' id='word_1_179' title='bbox 1686 2027 2090 2095; x_wconf 84' lang='lat' dir='ltr'>exturbavit.</span> <span class='ocrx_word' id='word_1_180' title='bbox 2128 2026 2519 2095; x_wconf 82' lang='lat' dir='ltr'>Cedendum</span> 
     </span>
     <span class='ocr_line' id='line_1_21' title="bbox 39 2110 2521 2219; baseline 0.002 -40"><span class='ocrx_word' id='word_1_181' title='bbox 39 2110 216 2201; x_wconf 81' lang='lat' dir='ltr'>itaque</span> <span class='ocrx_word' id='word_1_182' title='bbox 260 2117 994 2219; x_wconf 74' lang='lat' dir='ltr'>tempori,arbitratu5,</span> <span class='ocrx_word' id='word_1_183' title='bbox 1034 2117 1116 2186; x_wconf 88' lang='lat' dir='ltr'>ad</span> <span class='ocrx_word' id='word_1_184' title='bbox 1169 2117 1468 2185; x_wconf 90' lang='lat' dir='ltr'>insulam</span> <span class='ocrx_word' id='word_1_185' title='bbox 1521 2114 1964 2185; x_wconf 87' lang='lat' dir='ltr'>Gallinariam</span> <span class='ocrx_word' id='word_1_186' title='bbox 2002 2115 2071 2149; x_wconf 71' lang='lat'>⁴²*</span> <span class='ocrx_word' id='word_1_187' title='bbox 2102 2115 2379 2183; x_wconf 92' lang='lat' dir='ltr'>nomine</span> <span class='ocrx_word' id='word_1_188' title='bbox 2414 2138 2521 2185; x_wconf 89' lang='lat' dir='ltr'>se-</span> 
     </span>
     <span class='ocr_line' id='line_1_22' title="bbox 43 2203 2517 2296; baseline 0 -26"><span class='ocrx_word' id='word_1_189' title='bbox 43 2203 213 2281; x_wconf 74' lang='lat' dir='ltr'>cessit,</span> <span class='ocrx_word' id='word_1_190' title='bbox 247 2222 490 2276; x_wconf 78' lang='lat' dir='ltr'>comite</span> <span class='ocrx_word' id='word_1_191' title='bbox 540 2206 837 2292; x_wconf 88' lang='lat' dir='ltr'>quodam</span> <span class='ocrx_word' id='word_1_192' title='bbox 893 2208 1309 2296; x_wconf 83' lang='lat' dir='ltr'>presbytero,</span> <span class='ocrx_word' id='word_1_193' title='bbox 1353 2226 1763 2295; x_wconf 83' lang='lat' dir='ltr'>magnarum</span> <span class='ocrx_word' id='word_1_194' title='bbox 1803 2206 2127 2272; x_wconf 87' lang='lat' dir='ltr'>virtutum</span> <span class='ocrx_word' id='word_1_195' title='bbox 2182 2204 2348 2271; x_wconf 85' lang='lat' dir='ltr'>viro.</span> <span class='ocrx_word' id='word_1_196' title='bbox 2394 2204 2517 2271; x_wconf 83' lang='lat' dir='ltr'>Hic</span> 
     </span>
     <span class='ocr_line' id='line_1_23' title="bbox 46 2288 2523 2381; baseline 0.002 -26"><span class='ocrx_word' id='word_1_197' title='bbox 46 2288 386 2378; x_wconf 76' lang='lat' dir='ltr'>aliquandiu</span> <span class='ocrx_word' id='word_1_198' title='bbox 440 2295 798 2364; x_wconf 86' lang='lat' dir='ltr'>radicibus</span> <span class='ocrx_word' id='word_1_199' title='bbox 857 2295 1018 2363; x_wconf 89' lang='lat' dir='ltr'>vixit</span> <span class='ocrx_word' id='word_1_200' title='bbox 1066 2296 1460 2364; x_wconf 88' lang='lat' dir='ltr'>herbarum.</span> <span class='ocrx_word' id='word_1_201' title='bbox 1507 2299 1654 2375; x_wconf 86' lang='lat' dir='ltr'>Quo</span> <span class='ocrx_word' id='word_1_202' title='bbox 1718 2305 2018 2381; x_wconf 89' lang='lat' dir='ltr'>tempore</span> <span class='ocrx_word' id='word_1_203' title='bbox 2060 2292 2523 2369; x_wconf 87' lang='lat' dir='ltr'>helleborum,</span> 
     </span>
     <span class='ocr_line' id='line_1_24' title="bbox 43 2380 2513 2473; baseline 0.002 -29"><span class='ocrx_word' id='word_1_204' title='bbox 43 2397 415 2466; x_wconf 84' lang='lat' dir='ltr'>venenatum,</span> <span class='ocrx_word' id='word_1_205' title='bbox 470 2398 549 2455; x_wconf 89' lang='lat' dir='ltr'>ut</span> <span class='ocrx_word' id='word_1_206' title='bbox 591 2382 838 2462; x_wconf 80' lang='lat' dir='ltr'>ferunt,</span> <span class='ocrx_word' id='word_1_207' title='bbox 895 2405 1175 2473; x_wconf 88' lang='lat' dir='ltr'>gramen</span> <span class='ocrx_word' id='word_1_208' title='bbox 1225 2384 1294 2453; x_wconf 89' lang='lat' dir='ltr'>in</span> <span class='ocrx_word' id='word_1_209' title='bbox 1344 2383 1578 2452; x_wconf 89' lang='lat' dir='ltr'>cibum</span> <span class='ocrx_word' id='word_1_210' title='bbox 1630 2382 1951 2471; x_wconf 85' lang='lat' dir='ltr'>sumpsit.</span> <span class='ocrx_word' id='word_1_211' title='bbox 1990 2380 2115 2451; x_wconf 90' lang='lat' dir='ltr'>Sed</span> <span class='ocrx_word' id='word_1_212' title='bbox 2168 2404 2322 2450; x_wconf 89' lang='lat' dir='ltr'>cum</span> <span class='ocrx_word' id='word_1_213' title='bbox 2380 2382 2513 2449; x_wconf 87' lang='lat' dir='ltr'>vim</span> 
     </span>
     <span class='ocr_line' id='line_1_25' title="bbox 39 2471 2520 2564; baseline 0.002 -31"><span class='ocrx_word' id='word_1_214' title='bbox 39 2474 229 2540; x_wconf 71' lang='lat' dir='ltr'>veneni</span> <span class='ocrx_word' id='word_1_215' title='bbox 270 2475 335 2541; x_wconf 92' lang='lat' dir='ltr'>in</span> <span class='ocrx_word' id='word_1_216' title='bbox 388 2496 459 2544; x_wconf 90' lang='lat' dir='ltr'>se</span> <span class='ocrx_word' id='word_1_217' title='bbox 518 2473 921 2564; x_wconf 82' lang='lat' dir='ltr'>grassantis.</span> <span class='ocrx_word' id='word_1_218' title='bbox 977 2474 1198 2542; x_wconf 86' lang='lat' dir='ltr'>vicina</span> <span class='ocrx_word' id='word_1_219' title='bbox 1249 2472 1393 2559; x_wconf 89' lang='lat' dir='ltr'>jam</span> <span class='ocrx_word' id='word_1_220' title='bbox 1447 2485 1687 2552; x_wconf 86' lang='lat' dir='ltr'>morte,</span> <span class='ocrx_word' id='word_1_221' title='bbox 1740 2472 2087 2549; x_wconf 86' lang='lat' dir='ltr'>sensisset,</span> <span class='ocrx_word' id='word_1_222' title='bbox 2145 2471 2520 2539; x_wconf 90' lang='lat' dir='ltr'>imminens</span> 
     </span>
     <span class='ocr_line' id='line_1_26' title="bbox 37 2560 2516 2714; baseline 0.001 -90"><span class='ocrx_word' id='word_1_223' title='bbox 37 2560 366 2714; x_wconf 46' lang='lat' dir='ltr'>periculum</span> <span class='ocrx_word' id='word_1_224' title='bbox 417 2563 729 2631; x_wconf 88' lang='lat' dir='ltr'>oratione</span> <span class='ocrx_word' id='word_1_225' title='bbox 791 2561 1064 2650; x_wconf 88' lang='lat' dir='ltr'>repulit,</span> <span class='ocrx_word' id='word_1_226' title='bbox 1104 2563 1472 2647; x_wconf 86' lang='lat' dir='ltr'>statimque</span> <span class='ocrx_word' id='word_1_227' title='bbox 1528 2560 1754 2630; x_wconf 89' lang='lat' dir='ltr'>omnis</span> <span class='ocrx_word' id='word_1_228' title='bbox 1813 2560 2008 2629; x_wconf 89' lang='lat' dir='ltr'>dolor</span> <span class='ocrx_word' id='word_1_229' title='bbox 2068 2560 2345 2649; x_wconf 77' lang='lat' dir='ltr'>fugatus</span> <span class='ocrx_word' id='word_1_230' title='bbox 2393 2572 2516 2627; x_wconf 89' lang='lat' dir='ltr'>est.</span> 
     </span>
     <span class='ocr_line' id='line_1_27' title="bbox 77 2648 2525 2739; baseline 0.001 -27"><span class='ocrx_word' id='word_1_231' title='bbox 77 2667 137 2714; x_wconf 86' lang='lat' dir='ltr'>ec</span> <span class='ocrx_word' id='word_1_232' title='bbox 179 2651 376 2719; x_wconf 87' lang='lat' dir='ltr'>multo</span> <span class='ocrx_word' id='word_1_233' title='bbox 426 2665 604 2739; x_wconf 87' lang='lat' dir='ltr'>post,</span> <span class='ocrx_word' id='word_1_234' title='bbox 643 2672 800 2719; x_wconf 85' lang='lat' dir='ltr'>cum</span> <span class='ocrx_word' id='word_1_235' title='bbox 846 2655 909 2718; x_wconf 92' lang='lat' dir='ltr'>S.</span> <span class='ocrx_word' id='word_1_236' title='bbox 950 2650 1206 2719; x_wconf 86' lang='lat' dir='ltr'>Hilario</span> <span class='ocrx_word' id='word_1_237' title='bbox 1254 2671 1404 2719; x_wconf 90' lang='lat' dir='ltr'>com</span> <span class='ocrx_word' id='word_1_238' title='bbox 1462 2651 1703 2719; x_wconf 89' lang='lat' dir='ltr'>erisset</span> <span class='ocrx_word' id='word_1_239' title='bbox 1742 2650 1922 2738; x_wconf 83' lang='lat' dir='ltr'>regis</span> <span class='ocrx_word' id='word_1_240' title='bbox 1959 2648 2369 2737; x_wconf 88' lang='lat' dir='ltr'>poenitentia</span> <span class='ocrx_word' id='word_1_241' title='bbox 2409 2669 2525 2737; x_wconf 92' lang='lat' dir='ltr'>po·</span> 
     </span>
     <span class='ocr_line' id='line_1_28' title="bbox 37 2738 2519 2816; baseline 0.002 -15"><span class='ocrx_word' id='word_1_242' title='bbox 37 2743 288 2807; x_wconf 77' lang='lat' dir='ltr'>testatem</span> <span class='ocrx_word' id='word_1_243' title='bbox 341 2739 682 2808; x_wconf 85' lang='lat' dir='ltr'>indultam</span> <span class='ocrx_word' id='word_1_244' title='bbox 731 2738 945 2807; x_wconf 88' lang='lat' dir='ltr'>fuisse</span> <span class='ocrx_word' id='word_1_245' title='bbox 981 2738 1336 2816; x_wconf 90' lang='lat' dir='ltr'>redeundi,</span> <span class='ocrx_word' id='word_1_246' title='bbox 1451 2760 1647 2807; x_wconf 89' lang='lat' dir='ltr'>omae</span> <span class='ocrx_word' id='word_1_247' title='bbox 1693 2739 1754 2807; x_wconf 90' lang='lat' dir='ltr'>ei</span> <span class='ocrx_word' id='word_1_248' title='bbox 1807 2738 2087 2807; x_wconf 88' lang='lat' dir='ltr'>tentavit</span> <span class='ocrx_word' id='word_1_249' title='bbox 2134 2758 2519 2808; x_wconf 87' lang='lat' dir='ltr'>occurrere.</span> 
     </span>
     <span class='ocr_line' id='line_1_29' title="bbox 37 2823 1039 2916; baseline 0.006 -27"><span class='ocrx_word' id='word_1_250' title='bbox 37 2823 466 2916; x_wconf 81' lang='lat' dir='ltr'>Profectusque</span> <span class='ocrx_word' id='word_1_251' title='bbox 499 2840 604 2897; x_wconf 86' lang='lat' dir='ltr'>est</span> <span class='ocrx_word' id='word_1_252' title='bbox 635 2827 718 2896; x_wconf 91' lang='lat' dir='ltr'>ad</span> <span class='ocrx_word' id='word_1_253' title='bbox 767 2827 1039 2896; x_wconf 89' lang='lat' dir='ltr'>Urbem.</span> 
     </span>
    </p>

    <p class='ocr_par' dir='ltr' id='par_1_3' title="bbox 29 2914 2541 4244">
     <span class='ocr_line' id='line_1_30' title="bbox 106 2914 2530 3006; baseline -0.001 -21"><span class='ocrx_word' id='word_1_254' title='bbox 106 2914 246 2997; x_wconf 68' lang='grc' dir='ltr'>ἓὸ.</span> <span class='ocrx_word' id='word_1_255' title='bbox 298 2923 464 2986; x_wconf 90' lang='lat' dir='ltr'>Cum</span> <span class='ocrx_word' id='word_1_256' title='bbox 499 2918 646 3005; x_wconf 89' lang='lat' dir='ltr'>jam</span> <span class='ocrx_word' id='word_1_257' title='bbox 699 2916 1007 2985; x_wconf 86' lang='lat' dir='ltr'>Hilarius</span> <span class='ocrx_word' id='word_1_258' title='bbox 1059 2915 1512 3004; x_wconf 83' lang='lat' dir='ltr'>praeterisset,</span> <span class='ocrx_word' id='word_1_259' title='bbox 1553 2915 1641 2984; x_wconf 89' lang='lat' dir='ltr'>ita</span> <span class='ocrx_word' id='word_1_260' title='bbox 1696 2936 1852 2983; x_wconf 90' lang='lat' dir='ltr'>eum</span> <span class='ocrx_word' id='word_1_261' title='bbox 1889 2928 1989 2984; x_wconf 90' lang='lat' dir='ltr'>est</span> <span class='ocrx_word' id='word_1_262' title='bbox 2040 2916 2343 3006; x_wconf 84' lang='lat' dir='ltr'>vestigiis</span> <span class='ocrx_word' id='word_1_263' title='bbox 2378 2937 2530 3003; x_wconf 81' lang='lat' dir='ltr'>pro-</span> 
     </span>
     <span class='ocr_line' id='line_1_31' title="bbox 47 3003 2532 3096; baseline 0 -26"><span class='ocrx_word' id='word_1_264' title='bbox 47 3017 289 3096; x_wconf 60' lang='lat' dir='ltr'>secutus.</span> <span class='ocrx_word' id='word_1_265' title='bbox 341 3012 651 3092; x_wconf 84' lang='lat' dir='ltr'>Cumque</span> <span class='ocrx_word' id='word_1_266' title='bbox 700 3006 786 3073; x_wconf 88' lang='lat' dir='ltr'>ab</span> <span class='ocrx_word' id='word_1_267' title='bbox 847 3026 925 3073; x_wconf 83' lang='lat' dir='ltr'>eo</span> <span class='ocrx_word' id='word_1_268' title='bbox 975 3005 1363 3094; x_wconf 78' lang='lat' dir='ltr'>gratissime</span> <span class='ocrx_word' id='word_1_269' title='bbox 1423 3017 1602 3074; x_wconf 90' lang='lat' dir='ltr'>esset</span> <span class='ocrx_word' id='word_1_270' title='bbox 1664 3016 2050 3090; x_wconf 81' lang='lat' dir='ltr'>susceptuS‚</span> <span class='ocrx_word' id='word_1_271' title='bbox 2099 3003 2280 3071; x_wconf 90' lang='lat' dir='ltr'>haud</span> <span class='ocrx_word' id='word_1_272' title='bbox 2331 3003 2532 3093; x_wconf 87' lang='lat' dir='ltr'>longe</span> 
     </span>
     <span class='ocr_line' id='line_1_32' title="bbox 45 3086 2528 3184; baseline 0.003 -33"><span class='ocrx_word' id='word_1_273' title='bbox 45 3086 141 3155; x_wconf 74' lang='lat' dir='ltr'>sibi</span> <span class='ocrx_word' id='word_1_274' title='bbox 182 3093 260 3160; x_wconf 88' lang='lat' dir='ltr'>ab</span> <span class='ocrx_word' id='word_1_275' title='bbox 305 3095 562 3184; x_wconf 92' lang='lat' dir='ltr'>oppido</span> <span class='ocrx_word' id='word_1_276' title='bbox 615 3094 1105 3162; x_wconf 87' lang='lat' dir='ltr'>monasterium</span> <span class='ocrx_word' id='word_1_277' title='bbox 1157 3092 1536 3162; x_wconf 86' lang='lat' dir='ltr'>collocavit.</span> <span class='ocrx_word' id='word_1_278' title='bbox 1576 3097 1722 3175; x_wconf 85' lang='lat' dir='ltr'>Quo</span> <span class='ocrx_word' id='word_1_279' title='bbox 1781 3105 2081 3178; x_wconf 82' lang='lat' dir='ltr'>tempore</span> <span class='ocrx_word' id='word_1_280' title='bbox 2130 3091 2413 3177; x_wconf 87' lang='lat' dir='ltr'>quidam</span> <span class='ocrx_word' id='word_1_281' title='bbox 2467 3092 2528 3160; x_wconf 93' lang='lat' dir='ltr'>ei</span> 
     </span>
     <span class='ocr_line' id='line_1_33' title="bbox 43 3179 2525 3272; baseline 0.002 -32"><span class='ocrx_word' id='word_1_282' title='bbox 43 3193 98 3241; x_wconf 85' lang='lat' dir='ltr'>se</span> <span class='ocrx_word' id='word_1_283' title='bbox 114 3182 624 3252; x_wconf 84' lang='lat' dir='ltr'>catechumenus</span> <span class='ocrx_word' id='word_1_284' title='bbox 643 3183 887 3269; x_wconf 86' lang='lat' dir='ltr'>junxit,</span> <span class='ocrx_word' id='word_1_285' title='bbox 906 3182 1195 3272; x_wconf 88' lang='lat' dir='ltr'>cupiens</span> <span class='ocrx_word' id='word_1_286' title='bbox 1218 3182 1343 3249; x_wconf 89' lang='lat' dir='ltr'>viri</span> <span class='ocrx_word' id='word_1_287' title='bbox 1368 3180 1786 3252; x_wconf 90' lang='lat' dir='ltr'>sanctissimi</span> <span class='ocrx_word' id='word_1_288' title='bbox 1818 3179 2078 3247; x_wconf 89' lang='lat' dir='ltr'>institui</span> <span class='ocrx_word' id='word_1_289' title='bbox 2107 3179 2525 3268; x_wconf 76' lang='lat' dir='ltr'>disciplinis.</span> 
     </span>
     <span class='ocr_line' id='line_1_34' title="bbox 29 3263 2537 3366; baseline 0.002 -35"><span class='ocrx_word' id='word_1_290' title='bbox 29 3263 369 3356; x_wconf 50' lang='lat' dir='ltr'>¹Paucisque</span> <span class='ocrx_word' id='word_1_291' title='bbox 415 3271 841 3360; x_wconf 88' lang='lat' dir='ltr'>interpositis</span> <span class='ocrx_word' id='word_1_292' title='bbox 876 3271 1144 3351; x_wconf 87' lang='lat' dir='ltr'>diebus,</span> <span class='ocrx_word' id='word_1_293' title='bbox 1191 3271 1522 3358; x_wconf 74' lang='lat' dir='ltr'>languore</span> <span class='ocrx_word' id='word_1_294' title='bbox 1555 3281 1933 3356; x_wconf 80' lang='lat' dir='ltr'>correptuS‚</span> <span class='ocrx_word' id='word_1_295' title='bbox 1974 3267 2034 3334; x_wconf 89' lang='lat' dir='ltr'>vi</span> <span class='ocrx_word' id='word_1_296' title='bbox 2091 3266 2382 3366; x_wconf 81' lang='lat' dir='ltr'>febrium</span> <span class='ocrx_word' id='word_1_297' title='bbox 2441 3266 2537 3336; x_wconf 91' lang='lat' dir='ltr'>la-</span> 
     </span>
     <span class='ocr_line' id='line_1_35' title="bbox 43 3347 2529 3454; baseline 0.002 -37"><span class='ocrx_word' id='word_1_298' title='bbox 43 3347 299 3454; x_wconf 68' lang='lat' dir='ltr'>borabat.</span> <span class='ocrx_word' id='word_1_299' title='bbox 332 3365 407 3428; x_wconf 84' lang='lat' dir='ltr'>At</span> <span class='ocrx_word' id='word_1_300' title='bbox 441 3372 583 3428; x_wconf 90' lang='lat' dir='ltr'>tum</span> <span class='ocrx_word' id='word_1_301' title='bbox 639 3359 969 3429; x_wconf 85' lang='lat' dir='ltr'>Martinus</span> <span class='ocrx_word' id='word_1_302' title='bbox 1017 3360 1185 3428; x_wconf 88' lang='lat' dir='ltr'>forte</span> <span class='ocrx_word' id='word_1_303' title='bbox 1238 3359 1690 3428; x_wconf 87' lang='lat' dir='ltr'>discesserat:</span> <span class='ocrx_word' id='word_1_304' title='bbox 1735 3370 1799 3425; x_wconf 90' lang='lat' dir='ltr'>et</span> <span class='ocrx_word' id='word_1_305' title='bbox 1837 3378 1995 3425; x_wconf 86' lang='lat' dir='ltr'>curn</span> <span class='ocrx_word' id='word_1_306' title='bbox 2067 3377 2186 3444; x_wconf 91' lang='lat' dir='ltr'>per</span> <span class='ocrx_word' id='word_1_307' title='bbox 2223 3355 2529 3423; x_wconf 79' lang='lat' dir='ltr'>triduum</span> 
     </span>
     <span class='ocr_line' id='line_1_36' title="bbox 43 3435 2537 3538; baseline 0.002 -33"><span class='ocrx_word' id='word_1_308' title='bbox 43 3435 340 3524; x_wconf 83' lang='lat' dir='ltr'>defuisset.</span> <span class='ocrx_word' id='word_1_309' title='bbox 386 3469 740 3538; x_wconf 85' lang='lat' dir='ltr'>regressus</span> <span class='ocrx_word' id='word_1_310' title='bbox 777 3448 1092 3517; x_wconf 85' lang='lat' dir='ltr'>exanime</span> <span class='ocrx_word' id='word_1_311' title='bbox 1140 3470 1394 3537; x_wconf 90' lang='lat' dir='ltr'>corpus</span> <span class='ocrx_word' id='word_1_312' title='bbox 1428 3447 1710 3515; x_wconf 87' lang='lat' dir='ltr'>invenit.</span> <span class='ocrx_word' id='word_1_313' title='bbox 1752 3451 1851 3515; x_wconf 89' lang='lat' dir='ltr'>Ita</span> <span class='ocrx_word' id='word_1_314' title='bbox 1892 3443 2118 3514; x_wconf 88' lang='lat' dir='ltr'>subita</span> <span class='ocrx_word' id='word_1_315' title='bbox 2162 3465 2343 3512; x_wconf 91' lang='lat' dir='ltr'>mors</span> <span class='ocrx_word' id='word_1_316' title='bbox 2392 3443 2537 3512; x_wconf 89' lang='lat' dir='ltr'>fue·</span> 
     </span>
     <span class='ocr_line' id='line_1_37' title="bbox 42 3532 2534 3626; baseline -0.004 -17"><span class='ocrx_word' id='word_1_317' title='bbox 42 3542 140 3609; x_wconf 86' lang='lat' dir='ltr'>rat,</span> <span class='ocrx_word' id='word_1_318' title='bbox 176 3547 243 3602; x_wconf 90' lang='lat' dir='ltr'>ut</span> <span class='ocrx_word' id='word_1_319' title='bbox 278 3537 536 3623; x_wconf 90' lang='lat' dir='ltr'>absque</span> <span class='ocrx_word' id='word_1_320' title='bbox 596 3537 1005 3626; x_wconf 88' lang='lat' dir='ltr'>baptismate</span> <span class='ocrx_word' id='word_1_321' title='bbox 1058 3537 1388 3605; x_wconf 90' lang='lat' dir='ltr'>humanis</span> <span class='ocrx_word' id='word_1_322' title='bbox 1437 3535 1645 3605; x_wconf 89' lang='lat' dir='ltr'>rebus</span> <span class='ocrx_word' id='word_1_323' title='bbox 1706 3533 2080 3603; x_wconf 81' lang='lat' dir='ltr'>excederet.</span> <span class='ocrx_word' id='word_1_324' title='bbox 2152 3538 2413 3621; x_wconf 89' lang='lat' dir='ltr'>Corpus</span> <span class='ocrx_word' id='word_1_325' title='bbox 2462 3532 2534 3599; x_wconf 90' lang='lat' dir='ltr'>in</span> 
     </span>
     <span class='ocr_line' id='line_1_38' title="bbox 46 3619 2530 3721; baseline 0.002 -39"><span class='ocrx_word' id='word_1_326' title='bbox 46 3619 229 3690; x_wconf 86' lang='lat' dir='ltr'>medio</span> <span class='ocrx_word' id='word_1_327' title='bbox 275 3626 594 3712; x_wconf 90' lang='lat' dir='ltr'>positum,</span> <span class='ocrx_word' id='word_1_328' title='bbox 634 3626 803 3695; x_wconf 89' lang='lat' dir='ltr'>tristi</span> <span class='ocrx_word' id='word_1_329' title='bbox 857 3626 1309 3695; x_wconf 89' lang='lat' dir='ltr'>moerentium</span> <span class='ocrx_word' id='word_1_330' title='bbox 1352 3623 1640 3694; x_wconf 85' lang='lat' dir='ltr'>fratrum</span> <span class='ocrx_word' id='word_1_331' title='bbox 1687 3623 2247 3710; x_wconf 85' lang='lat' dir='ltr'>frequentabatur</span> <span class='ocrx_word' id='word_1_332' title='bbox 2280 3620 2530 3721; x_wconf 72' lang='lat' dir='ltr'>ossicio:</span> 
     </span>
     <span class='ocr_line' id='line_1_39' title="bbox 45 3711 2536 3803; baseline 0.004 -34"><span class='ocrx_word' id='word_1_333' title='bbox 45 3723 167 3773; x_wconf 87' lang='lat' dir='ltr'>cum</span> <span class='ocrx_word' id='word_1_334' title='bbox 213 3715 535 3783; x_wconf 87' lang='lat' dir='ltr'>Martinus</span> <span class='ocrx_word' id='word_1_335' title='bbox 576 3716 748 3784; x_wconf 86' lang='lat' dir='ltr'>flens</span> <span class='ocrx_word' id='word_1_336' title='bbox 778 3728 843 3784; x_wconf 89' lang='lat' dir='ltr'>et</span> <span class='ocrx_word' id='word_1_337' title='bbox 874 3714 1168 3803; x_wconf 80' lang='lat' dir='ltr'>ejulanS,</span> <span class='ocrx_word' id='word_1_338' title='bbox 1222 3714 1541 3784; x_wconf 86' lang='lat' dir='ltr'>accurrit.</span> <span class='ocrx_word' id='word_1_339' title='bbox 1583 3719 1750 3781; x_wconf 91' lang='lat' dir='ltr'>Tum</span> <span class='ocrx_word' id='word_1_340' title='bbox 1806 3734 1960 3781; x_wconf 89' lang='lat' dir='ltr'>vero</span> <span class='ocrx_word' id='word_1_341' title='bbox 2010 3724 2143 3780; x_wconf 90' lang='lat' dir='ltr'>tota</span> <span class='ocrx_word' id='word_1_342' title='bbox 2202 3711 2536 3798; x_wconf 81' lang='lat' dir='ltr'>Spiritum</span> 
     </span>
     <span class='ocr_line' id='line_1_40' title="bbox 48 3793 2538 3894; baseline 0.004 -37"><span class='ocrx_word' id='word_1_343' title='bbox 48 3793 320 3868; x_wconf 85' lang='lat' dir='ltr'>Sanctum</span> <span class='ocrx_word' id='word_1_344' title='bbox 369 3817 594 3873; x_wconf 88' lang='lat' dir='ltr'>mente</span> <span class='ocrx_word' id='word_1_345' title='bbox 639 3804 1061 3894; x_wconf 75' lang='lat' dir='ltr'>concipienS,</span> <span class='ocrx_word' id='word_1_346' title='bbox 1098 3803 1329 3894; x_wconf 77' lang='lat' dir='ltr'>egredi</span> <span class='ocrx_word' id='word_1_347' title='bbox 1379 3801 1731 3880; x_wconf 90' lang='lat' dir='ltr'>cellulam,</span> <span class='ocrx_word' id='word_1_348' title='bbox 1775 3801 1839 3868; x_wconf 89' lang='lat' dir='ltr'>in</span> <span class='ocrx_word' id='word_1_349' title='bbox 1891 3822 2028 3887; x_wconf 92' lang='lat' dir='ltr'>qua</span> <span class='ocrx_word' id='word_1_350' title='bbox 2067 3821 2322 3888; x_wconf 89' lang='lat' dir='ltr'>corpus</span> <span class='ocrx_word' id='word_1_351' title='bbox 2357 3798 2538 3885; x_wconf 85' lang='lat' dir='ltr'>jace-</span> 
     </span>
     <span class='ocr_line' id='line_1_41' title="bbox 49 3877 2535 3980; baseline -0.003 -18"><span class='ocrx_word' id='word_1_352' title='bbox 49 3877 172 3962; x_wconf 85' lang='lat' dir='ltr'>bat,</span> <span class='ocrx_word' id='word_1_353' title='bbox 217 3902 508 3961; x_wconf 88' lang='lat' dir='ltr'>caeteros</span> <span class='ocrx_word' id='word_1_354' title='bbox 554 3893 781 3980; x_wconf 85' lang='lat' dir='ltr'>jubet:</span> <span class='ocrx_word' id='word_1_355' title='bbox 842 3915 922 3961; x_wconf 89' lang='lat' dir='ltr'>ac</span> <span class='ocrx_word' id='word_1_356' title='bbox 970 3892 1235 3962; x_wconf 84' lang='lat' dir='ltr'>foribus</span> <span class='ocrx_word' id='word_1_357' title='bbox 1283 3890 1617 3961; x_wconf 90' lang='lat' dir='ltr'>obseratis</span> <span class='ocrx_word' id='word_1_358' title='bbox 1649 3945 1663 3970; x_wconf 91' lang='lat'>,</span> <span class='ocrx_word' id='word_1_359' title='bbox 1722 3911 1933 3970; x_wconf 90' lang='lat' dir='ltr'>super</span> <span class='ocrx_word' id='word_1_360' title='bbox 1978 3889 2367 3957; x_wconf 84' lang='lat' dir='ltr'>exanimata</span> <span class='ocrx_word' id='word_1_361' title='bbox 2416 3886 2535 3955; x_wconf 92' lang='lat' dir='ltr'>de-</span> 
     </span>
     <span class='ocr_line' id='line_1_42' title="bbox 52 3964 2530 4070; baseline 0.003 -34"><span class='ocrx_word' id='word_1_362' title='bbox 52 3964 225 4062; x_wconf 58' lang='lat' dir='ltr'>functi</span> <span class='ocrx_word' id='word_1_363' title='bbox 280 3977 503 4048; x_wconf 86' lang='lat' dir='ltr'>fratris</span> <span class='ocrx_word' id='word_1_364' title='bbox 543 3983 850 4050; x_wconf 91' lang='lat' dir='ltr'>membra</span> <span class='ocrx_word' id='word_1_365' title='bbox 902 3981 1379 4070; x_wconf 87' lang='lat' dir='ltr'>prosternitur.</span> <span class='ocrx_word' id='word_1_366' title='bbox 1433 3985 1511 4048; x_wconf 91' lang='lat' dir='ltr'>Et</span> <span class='ocrx_word' id='word_1_367' title='bbox 1570 4000 1726 4048; x_wconf 91' lang='lat' dir='ltr'>cum</span> <span class='ocrx_word' id='word_1_368' title='bbox 1781 3977 2186 4062; x_wconf 88' lang='lat' dir='ltr'>aliquandiu</span> <span class='ocrx_word' id='word_1_369' title='bbox 2241 3975 2530 4044; x_wconf 88' lang='lat' dir='ltr'>orationi</span> 
     </span>
     <span class='ocr_line' id='line_1_43' title="bbox 57 4064 2533 4158; baseline 0.002 -32"><span class='ocrx_word' id='word_1_370' title='bbox 57 4064 466 4150; x_wconf 80' lang='lat' dir='ltr'>mcubuisset,</span> <span class='ocrx_word' id='word_1_371' title='bbox 523 4070 981 4156; x_wconf 86' lang='lat' dir='ltr'>sensissetque</span> <span class='ocrx_word' id='word_1_372' title='bbox 1033 4091 1153 4158; x_wconf 90' lang='lat' dir='ltr'>per</span> <span class='ocrx_word' id='word_1_373' title='bbox 1202 4069 1517 4157; x_wconf 89' lang='lat' dir='ltr'>spiritum</span> <span class='ocrx_word' id='word_1_374' title='bbox 1576 4068 1840 4136; x_wconf 87' lang='lat' dir='ltr'>Domini</span> <span class='ocrx_word' id='word_1_375' title='bbox 1899 4065 2139 4133; x_wconf 89' lang='lat' dir='ltr'>adesse</span> <span class='ocrx_word' id='word_1_376' title='bbox 2189 4065 2533 4143; x_wconf 88' lang='lat' dir='ltr'>virtutem,</span> 
     </span>
     <span class='ocr_line' id='line_1_44' title="bbox 53 4153 2541 4244; baseline 0.003 -31"><span class='ocrx_word' id='word_1_377' title='bbox 53 4163 270 4221; x_wconf 76' lang='lat' dir='ltr'>erectus</span> <span class='ocrx_word' id='word_1_378' title='bbox 316 4157 722 4244; x_wconf 88' lang='lat' dir='ltr'>paululum,</span> <span class='ocrx_word' id='word_1_379' title='bbox 775 4171 838 4227; x_wconf 92' lang='lat' dir='ltr'>et</span> <span class='ocrx_word' id='word_1_380' title='bbox 908 4159 976 4226; x_wconf 89' lang='lat' dir='ltr'>in</span> <span class='ocrx_word' id='word_1_381' title='bbox 1055 4157 1363 4226; x_wconf 85' lang='lat' dir='ltr'>defuncti</span> <span class='ocrx_word' id='word_1_382' title='bbox 1428 4178 1548 4226; x_wconf 94' lang='lat' dir='ltr'>ora</span> <span class='ocrx_word' id='word_1_383' title='bbox 1622 4155 1911 4233; x_wconf 81' lang='lat' dir='ltr'>defixuS,</span> <span class='ocrx_word' id='word_1_384' title='bbox 1978 4153 2307 4222; x_wconf 87' lang='lat' dir='ltr'>orationis</span> <span class='ocrx_word' id='word_1_385' title='bbox 2379 4173 2541 4222; x_wconf 90' lang='lat' dir='ltr'>suae</span> 
     </span>
    </p>
   </div>
   <div class='ocr_carea' id='block_1_3' title="bbox 57 4290 2542 4502">
    <p class='ocr_par' dir='ltr' id='par_1_4' title="bbox 57 4290 2542 4468">
     <span class='ocr_line' id='line_1_45' title="bbox 81 4290 2540 4351; baseline 0.002 -20"><span class='ocrx_word' id='word_1_386' title='bbox 81 4290 109 4345; x_wconf 28' lang='lat'>‘⁸</span> <span class='ocrx_word' id='word_1_387' title='bbox 137 4296 364 4338; x_wconf 69' lang='lat' dir='ltr'>auxentius</span> <span class='ocrx_word' id='word_1_388' title='bbox 393 4303 742 4346; x_wconf 64' lang='lat' dir='ltr'>Alexandrinus.</span> <span class='ocrx_word' id='word_1_389' title='bbox 769 4303 864 4351; x_wconf 78' lang='lat' dir='ltr'>qut,</span> <span class='ocrx_word' id='word_1_390' title='bbox 906 4304 1015 4342; x_wconf 86' lang='lat' dir='ltr'>dum</span> <span class='ocrx_word' id='word_1_391' title='bbox 1048 4303 1091 4342; x_wconf 87' lang='lat' dir='ltr'>S.</span> <span class='ocrx_word' id='word_1_392' title='bbox 1125 4300 1378 4349; x_wconf 74' lang='lat' dir='ltr'>Dionysius</span> <span class='ocrx_word' id='word_1_393' title='bbox 1411 4302 1666 4341; x_wconf 75' lang='lat' dir='ltr'>Mediolani</span> <span class='ocrx_word' id='word_1_394' title='bbox 1705 4299 2083 4348; x_wconf 76' lang='lat' dir='ltr'>archiepiscopus</span> <span class='ocrx_word' id='word_1_395' title='bbox 2117 4307 2200 4346; x_wconf 76' lang='lat' dir='ltr'>per</span> <span class='ocrx_word' id='word_1_396' title='bbox 2232 4297 2436 4335; x_wconf 73' lang='lat' dir='ltr'>remotas</span> <span class='ocrx_word' id='word_1_397' title='bbox 2472 4307 2540 4336; x_wconf 90' lang='lat' dir='ltr'>re-</span> 
     </span>
     <span class='ocr_line' id='line_1_46' title="bbox 57 4348 2542 4404; baseline 0.001 -17"><span class='ocrx_word' id='word_1_398' title='bbox 57 4348 179 4382; x_wconf 59' lang='lat' dir='ltr'>mones</span> <span class='ocrx_word' id='word_1_399' title='bbox 204 4353 420 4398; x_wconf 74' lang='lat' dir='ltr'>exulabat.</span> <span class='ocrx_word' id='word_1_400' title='bbox 448 4357 843 4397; x_wconf 70' lang='lat' dir='ltr'>mediolanensem</span> <span class='ocrx_word' id='word_1_401' title='bbox 873 4358 1033 4397; x_wconf 74' lang='lat' dir='ltr'>sedem</span> <span class='ocrx_word' id='word_1_402' title='bbox 1053 4353 1286 4395; x_wconf 78' lang='lat' dir='ltr'>violenter</span> <span class='ocrx_word' id='word_1_403' title='bbox 1306 4359 1633 4404; x_wconf 69' lang='lat' dir='ltr'>occupaverat.</span> <span class='ocrx_word' id='word_1_404' title='bbox 1653 4355 1779 4394; x_wconf 74' lang='lat' dir='ltr'>Obiit</span> <span class='ocrx_word' id='word_1_405' title='bbox 1799 4363 1920 4392; x_wconf 74' lang='lat' dir='ltr'>anno</span> <span class='ocrx_word' id='word_1_406' title='bbox 1942 4353 2032 4391; x_wconf 73' lang='lat'>874.</span> <span class='ocrx_word' id='word_1_407' title='bbox 2052 4352 2181 4390; x_wconf 84' lang='lat' dir='ltr'>Tune</span> <span class='ocrx_word' id='word_1_408' title='bbox 2204 4350 2248 4391; x_wconf 86' lang='lat' dir='ltr'>S.</span> <span class='ocrx_word' id='word_1_409' title='bbox 2269 4349 2542 4390; x_wconf 75' lang='lat' dir='ltr'>Ambrosius</span> 
     </span>
     <span class='ocr_line' id='line_1_47' title="bbox 60 4394 833 4468; baseline 0.022 -35"><span class='ocrx_word' id='word_1_410' title='bbox 60 4394 226 4468; x_wconf 54' lang='lat' dir='ltr'>&#39;&#39;danhm</span> <span class='ocrx_word' id='word_1_411' title='bbox 243 4407 497 4448; x_wconf 70' lang='lat' dir='ltr'>cathedram</span> <span class='ocrx_word' id='word_1_412' title='bbox 518 4413 713 4448; x_wconf 74' lang='lat' dir='ltr'>evectus</span> <span class='ocrx_word' id='word_1_413' title='bbox 732 4409 833 4450; x_wconf 71' lang='lat' dir='ltr'>tuit.</span> 
     </span>
    </p>

    <p class='ocr_par' dir='ltr' id='par_1_5' title="bbox 123 4449 530 4502">
     <span class='ocr_line' id='line_1_48' title="bbox 123 4449 530 4502; baseline -0.002 -1"><span class='ocrx_word' id='word_1_414' title='bbox 123 4449 143 4475; x_wconf 73' lang='lat'>⁴¹</span> <span class='ocrx_word' id='word_1_415' title='bbox 168 4456 283 4501; x_wconf 67' lang='lat' dir='ltr'>Apud</span> <span class='ocrx_word' id='word_1_416' title='bbox 309 4460 530 4502; x_wconf 73' lang='lat' dir='ltr'>Genuam.</span> 
     </span>
    </p>
   </div>
  </div>
 </body>
</html>
