2993 4837
41 375 181 441 NOV.
231 377 292 438 Η
714 395 795 440 ue
843 394 899 440 s.
955 392 1234 439 manno
1282 394 1378 438 Er.
1435 390 1788 438 rumosam
2307 378 2421 440 tot

27 492 355 568 :correptus,
406 477 697 547 dolendo
745 478 926 547 exitu
977 477 1440 547 cruciabatur.
1498 482 1798 567 Rogatus
1847 500 2009 567 ergo
2044 479 2396 559 Martinus,
2453 492 2526 548 ut

27 566 84 637 Ι’(Ξί
122 589 368 635 manum
420 568 825 656 imponeret,
863 566 1113 635 deduci
1161 587 1319 635 eum
1372 566 1453 634 ad
1509 590 1580 635 se
1618 567 1836 655 jubet.
1895 567 2017 636 Sed
2058 590 2349 654 nequam
2388 568 2527 657 spi-

43 654 179 723 ritus
206 654 381 723 nullo
415 655 699 743 proferri
752 656 953 724 modo
1001 677 1081 724 ex
1129 654 1325 733 cella,
1372 655 1439 723 in
1475 677 1611 742 qua
1647 668 1809 725 erat,
1855 657 2116 744 potuit:
2173 659 2265 725 ita
2299 657 2366 724 in
2404 656 2524 725 ad-

43 745 326 813 venientes
386 744 644 815 rabidis
703 744 1028 814 dentibus
1081 744 1443 814 saeviebat.
1514 749 1679 811 Tum
1746 745 2101 815 Tetradius
2151 745 2232 813 ad
2301 767 2527 834 genua

39 829 177 901 beati
210 833 319 900 viri
369 832 775 914 advolvitur,
830 854 1036 901 orans
1085 845 1161 902 ut
1209 832 1289 900 ad
1343 831 1675 911 domum,
1734 832 1803 900 in
1854 855 1991 919 qua
2039 834 2529 902 daemoniacus

39 916 382 1001 habebatur,
436 922 582 1010 ipse
622 921 1088 991 descenderet.
1141 927 1307 988 Tum
1363 942 1518 989 vero
1568 921 1900 989 Martinus
1953 936 2190 1011 negat,
2251 944 2321 991 se
2373 943 2532 1012 pro-

41 1004 146 1076 fani
191 1022 245 1076 et
288 1011 556 1098 gentilis
607 1010 912 1079 hominis
961 1009 1243 1077 domum
1315 1010 1503 1077 adire
1555 1031 1773 1097 posse.
1830 1015 1992 1079 Nam
2049 1010 2405 1081 Tetradius
2453 1032 2531 1079 eo

42 1106 290 1187 tempore
335 1099 560 1168 adbuc
624 1098 1026 1189 gentilitatis
1073 1118 1300 1166 errore
1349 1097 1731 1195 implicitus
1793 1099 2170 1167 tenebatur.
2236 1100 2530 1188 Spondet

41 1204 166 1273 ergo
207 1208 304 1267 se,
358 1189 412 1255 si
453 1188 546 1256 de
601 1209 812 1276 puero
877 1187 1167 1254 daemon
1221 1184 1425 1254 suerit
1471 1186 1777 1272 ejectuS,
1836 1186 2291 1256 Christianum
2362 1188 2525 1256 fore.

41 1275 116 1342 lta
159 1276 445 1363 imposita
501 1298 715 1345 manu
767 1297 1002 1364 puero,
1057 1274 1500 1342 immundum
1538 1274 1624 1342 ab
1657 1297 1735 1343 eo
1770 1276 2089 1364 spiritum
2132 1277 2347 1364 ejecit.
2386 1281 2532 1359 Quo

43 1361 538 1443 viso‚'1'etradius
590 1366 957 1434 Dominum
1015 1366 1318 1432 nostrum
1371 1363 1600 1431 lesum
1657 1364 1994 1432 Christum
2050 1365 2361 1446 credidit,
2400 1378 2533 1434 sta-

45 1449 254 1537 timque
298 1454 835 1522 catechumenus
868 1451 1112 1530 factuS,
1169 1472 1293 1519 nec
1328 1451 1541 1520 multo
1578 1465 1728 1541 post
1768 1453 2148 1543 baptizatus
2188 1467 2310 1534 est,
2358 1476 2533 1522 sem-

45 1556 251 1627 perque
281 1543 642 1610 Martinum
684 1541 927 1611 salutis
976 1560 1139 1609 suae
1188 1551 1536 1608 auctorem
1583 1541 1756 1610 miro
1805 1542 2016 1610 coluit
2049 1543 2298 1612 affectu
2308 1592 2437 1610 .....

108 1629 305 1713 διδ.
355 1635 567 1717 Atque
617 1643 694 1698 ut
742 1629 1009 1698 minora
1075 1629 1281 1697 tantis
1340 1628 1638 1697 inseram
1673 1684 1687 1708 ,
1741 1632 2055 1715 quamvis
2101 1631 2207 1720 (ut
2267 1642 2366 1701 est
2419 1652 2535 1700 no-

45 1718 286 1785 ntorum
335 1733 518 1789 aetas
571 1731 1000 1808 temporum,
1054 1717 1312 1804 quibus
1366 1717 1511 1806 jam
1573 1717 1937 1807 depravata
1988 1721 2267 1800 omnia,
2335 1733 2543 1809 atque·

45 1818 306 1896 corrupta
362 1807 581 1896 sunt)
630 1828 800 1895 pene
850 1807 1301 1896 praecipuum
1353 1806 1439 1874 sit
1488 1805 1867 1875 adulationi
1940 1808 2163 1896 regiae
2223 1808 2537 1877 sacerdo-

47 1890 202 1963 tutem
249 1919 373 1965 non
409 1899 703 1966 cessisse
734 1896 1226 1965 constantiam:
1280 1916 1437 1963 cum
1483 1894 1565 1961 ad
1606 1899 2089 1983 Imperatorem
2138 1897 2532 1976 Maximum,

47 1977 240 2052 ferocis
300 1987 558 2075 ingenii
641 1984 860 2053 virum
899 2039 913 2064 ‚
980 1997 1045 2052 et
1107 1983 1441 2051 bellorum
1518 1983 1826 2052 civilium
1897 1984 2178 2052 victoria
2226 1985 2480 2053 elatum
2520 2039 2534 2065 ,

84 2066 232 2140 lures
274 2096 347 2143 ex
394 2073 690 2143 diversis
741 2072 1053 2162 partibus
1103 2071 1416 2161 Episcopi
1469 2072 1972 2149 convenissent,
2027 2086 2090 2141 et
2126 2072 2317 2141 foeda
2359 2074 2541 2141 circa

118 2158 373 2250 ‘ncipem
433 2163 752 2232 omnium
824 2161 1128 2230 adulatio
1189 2173 1582 2240 notaretur,
1653 2182 1860 2247 seque
1927 2160 2247 2250 degeneri
2307 2162 2543 2229 incon-

53 2251 242 2319 stantia
291 2253 516 2341 regiae
565 2250 923 2319 clientelae
972 2249 1414 2318 sacerdotalis
1455 2249 1758 2339 dignitas
1808 2249 2252 2325 subdidisset,
2294 2249 2359 2316 in
2400 2248 2544 2317 solo

49 2336 278 2408 llartino
314 2339 698 2432 Apostolica
748 2339 1118 2407 auctoritas
1157 2340 1620 2427 permanebat.
1660 2343 1824 2407 Nam
1864 2339 1987 2407 etsi
2034 2361 2155 2429 pro
2196 2337 2545 2426 aliquibus

46 2428 529 2516 supplicandum
605 2429 747 2518 regi
811 2428 984 2507 fuit,
1043 2428 1399 2515 imperavit
1451 2429 1723 2516 potiuS,
1778 2449 1982 2514 quam
2037 2430 2319 2518 rogavit.
2385 2433 2461 2495 Et
2509 2449 2549 2495 a

45 2517 300 2586 convivio
346 2520 500 2606 ejus
539 2518 935 2603 frequenter
969 2529 1245 2606 rogatus
1276 2517 1632 2596 abstinuit,
1678 2516 1937 2597 dicens,
1979 2539 2051 2586 se
2086 2538 2361 2586 mensae
2394 2517 2546 2605 ejus

45 2605 398 2696 'participem
450 2628 604 2676 esse
657 2627 785 2674 non
844 2627 1063 2694 posse,
1117 2606 1235 2690 qui
1285 2604 1460 2673 duos
1511 2609 1986 2694 Imperatores,
2032 2629 2248 2675 unum
2306 2627 2542 2695 regno,

45 2689 288 2782 ={lterum
337 2696 472 2765 vita
524 2694 902 2784 expulisset
939 2693 995 2761 ⁴.
1046 2699 1387 2762 Postremo
1435 2715 1592 2761 cum
1648 2693 1982 2764 Maximus
2023 2718 2092 2763 se
2126 2717 2256 2764 non
2312 2706 2550 2784 sponte

45 2783 376 2872 sumpsisse
425 2782 801 2874 imperium
854 2780 1271 2862 affirmaret,
1325 2780 1439 2851 sed
1494 2782 1885 2869 impositam
1940 2783 2067 2852 sibi
2121 2806 2158 2852 a
2211 2783 2550 2852 militibus

45 2861 236 2940 divino
283 2886 452 2941 nutu
497 2872 971 2941 necessitatem
1017 2871 1233 2960 regni,
1270 2871 1485 2938 armis
1519 2870 1940 2942 defendisse:
1976 2886 2041 2941 et
2080 2894 2213 2942 non
2256 2872 2549 2942 alienam

47 2956 114 3052 ab
138 2979 203 3028 eo
251 2963 354 3030 Uei
408 2961 832 3030 voluntatem
885 2958 1124 3040 videri,
1181 2980 1387 3048 penes
1434 2980 1635 3044 quem
1693 2975 1826 3027 tam
1879 2961 2266 3031 incredibili
2304 2975 2553 3031 eventu

45 3049 278 3118 victoria
309 3049 577 3130 fuisset,
623 3047 1033 3134 nullumque
1059 3071 1137 3117 ex
1170 3047 1605 3127 adversariis,
1642 3048 1775 3116 nisi
1813 3048 1878 3116 in
1917 3049 2083 3126 acie,
2117 3050 2547 3118 occubuisse.

29 3136 274 3205 ‘tandem
308 3140 529 3208 victus
559 3137 663 3205 vel
701 3137 981 3217 ratione,
1016 3136 1113 3205 vel
1157 3137 1496 3225 precibuS‚
1531 3137 1611 3204 ad
1644 3137 2029 3205 convivium
2062 3139 2263 3216 venit,
2300 3140 2550 3206 mirum

49 3217 101 3287 in
135 3225 390 3296 modum
446 3225 794 3316 gaudente
835 3247 1030 3316 rege,
1091 3224 1272 3312 quod
1333 3225 1398 3293 id
1451 3225 1903 3313 impetrasset.
1960 3226 2288 3295 Convivae
2328 3240 2553 3295 autem

49 3309 311 3394 aderant,
357 3316 571 3385 veluti
613 3314 696 3383 ad
726 3313 904 3382 diem
937 3314 1182 3382 festum
1218 3314 1498 3393 evocati,
1541 3315 1794 3382 summi
1831 3326 2033 3400 atque
2066 3314 2369 3384 illustres
2402 3314 2552 3392 viri,

49 3399 426 3484 Praefectus,
474 3404 800 3490 idemque
850 3402 1095 3471 Consul
1160 3403 1476 3481 EvodiuS,
1542 3424 1677 3489 quo
1722 3401 1889 3470 nibil
1946 3424 2253 3489 unquam
2299 3403 2561 3491 justius
2606 3485 2609 3486 γ

49 3483 170 3562 luit.
209 3495 494 3562 Comites
553 3492 736 3571 du0,
800 3513 1067 3559 summa
1124 3503 1448 3580 potestate
1499 3491 1809 3577 praediti,
1863 3491 2071 3560 frater
2110 3492 2289 3581 regis
2330 3505 2393 3558 et
2447 3513 2558 3580 pa-

51 3585 251 3647 truus:
295 3582 569 3650 medius
605 3582 781 3650 inter
819 3580 944 3649 bos
979 3580 1245 3647 Martini
1286 3580 1638 3668 presbyter
1669 3580 2114 3648 accubuerat:
2156 3582 2299 3670 ipse
2331 3593 2557 3649 autem

52 3663 258 3736 sellula
283 3669 473 3754 juxta
513 3692 742 3760 regem
780 3669 997 3759 posita
1033 3668 1456 3737 consederat.
1512 3668 1603 3736 Ad
1661 3668 1960 3736 medium
2002 3669 2138 3738 fere
2170 3669 2559 3738 convivium

52 3755 134 3832 (ut
161 3759 359 3826 moris
392 3759 528 3847 est)
566 3763 864 3848 pateram
903 3758 1046 3846 regi
1083 3758 1395 3827 minister
1428 3756 1698 3827 obtulit.
1754 3757 1876 3825 Ille
1917 3771 2153 3827 sancto
2187 3756 2562 3827 admodum

52 3842 348 3935 Episcopo
380 3847 531 3916 dari
575 3848 801 3938 potius
824 3845 1044 3933 jubet,
1080 3860 1483 3936 exspectans
1518 3858 1719 3931 atque
1759 3846 2094 3926 ambiens,
2135 3860 2209 3916 ut
2249 3847 2336 3915 ab
2378 3844 2565 3914 illius

55 3927 290 4002 dextera
336 3934 663 4025 poculum
702 3946 1022 4003 sumeret.
1080 3936 1204 4003 Sed
1240 3935 1595 4014 Martium,
1634 3934 1756 4003 ubi
1797 3934 2032 4014 ebibit,
2074 3939 2377 4024 pateram
2415 3956 2568 4024 pre-

56 4018 293 4107 sbytero
348 4046 476 4093 suo
530 4023 857 4104 tradidit,
915 4023 1183 4092 nullum
1247 4023 1508 4092 scilicet
1539 4023 1941 4091 existimans
1975 4024 2403 4115 digniorem,
2450 4023 2571 4110 qui

56 4121 180 4192 post
202 4132 268 4180 se
300 4115 487 4202 prior
520 4113 825 4183 biberet:
883 4134 1003 4181 nec
1037 4112 1379 4201 integrum
1419 4111 1548 4181 sibi
1586 4109 1750 4189 fore,
1790 4112 1846 4180 si
1888 4126 2004 4180 aut
2040 4136 2109 4182 re
2161 4136 2264 4183 em
2310 4114 2567 4203 ipsum,

57 4210 151 4265 aut
190 4220 322 4282 eos,
375 4201 500 4288 qui
546 4225 584 4270 a
620 4224 775 4292 rege
822 4212 1015 4270 erant
1072 4200 1388 4290 proximi,
1436 4201 1832 4289 presbytero
1870 4213 2107 4291 praetu
2141 4204 2324 4272 isset.
2381 4202 2574 4285 Quod

87 4340 114 4399 ἡ*
141 4342 239 4382 Neci
269 4346 438 4384 alludit
469 4346 674 4386 Severus
706 4343 946 4394 Sulpicius
986 4343 1198 4386 Gratiani
1237 4342 1503 4385 occidentis
1540 4345 1861 4392 Imperatoris,
1882 4349 1963 4395 qui
1989 4358 2015 4386 a
2034 4349 2234 4388 Maximo
2254 4349 2303 4388 in
2323 4359 2480 4397 pugna
2499 4349 2582 4388 ‹lc-

56 4400 198 4440 vicius.
211 4399 428 4447 Lug-,tunt
447 4400 758 4448 interemptus
775 4400 866 4441 fuit
879 4398 1005 4450 (383),
1021 4405 1162 4448 atque
1181 4396 1510 4438 Valentiniano
1532 4399 1588 4440 11.
1609 4398 1822 4439 Gratiani
1845 4403 1954 4445 nuo,
1974 4399 2072 4449 qni,
2091 4403 2149 4440 ob
2168 4404 2315 4451 patris
2331 4411 2583 4442 cruentum

60 4447 223 4545 {xxigssum
257 4450 454 4544 {gazei-io
485 4454 676 4493 orbatus
713 4455 882 4494 suerat.
914 4457 1145 4497 Attamen.
1175 4453 1301 4501 quod
1324 4452 1380 4490 ad
1403 4452 1615 4490 Gratiani
1638 4451 1884 4494 interitum
1905 4457 2100 4504 spectat,
2120 4455 2349 4496 Maximus
2370 4455 2583 4497 criminis

159 4512 200 4540 ru
228 4513 255 4540 v
305 4516 329 4543 e
355 4516 426 4545 nr.

203 4587 436 4644 surius
467 4618 489 4630 ·
534 4587 698 4647 Vitae
726 4587 830 4649 SS.
864 4622 878 4633 ·
910 4587 1047 4649 Vol.
1082 4585 1180 4646 Xl.
2348 4587 2427 4648 26
