2993 4837
74 370 217 436 NOV.
269 371 349 434 47
765 387 843 434 nn
890 388 948 435 s.
1000 387 1312 435 cascomo
1360 387 1830 436 ‘rnAunAruaco
2351 374 2480 438 563

71 495 313 563 corpore
353 483 526 541 esset
572 471 988 551 sordidatus,
1032 472 1317 559 reliquis
1356 472 1627 558 quidem
1670 473 1739 541 in
1779 473 2005 544 medio
2053 488 2243 544 stans
2281 475 2569 545 Alexan-

69 560 163 630 der
193 563 362 632 risus
409 562 536 631 fuit
575 576 1060 651 argumentum
1095 583 1109 627 t
1167 562 1546 650 perspicaci
1579 574 1804 631 autem
1858 563 1959 632 illi
2009 564 2209 633 oculo
2244 586 2568 654 magnam

67 648 256 720 attulit
283 650 802 719 admirationem
847 650 941 731 id,
978 650 1159 736 quod
1211 650 1417 719 fiebat
1454 665 1520 720 et
1551 652 1983 733 cernebatur,
2022 653 2125 721 vir
2168 653 2234 721 in
2270 667 2573 723 extrema

67 754 447 828 paupertate,
487 753 552 807 et
601 738 908 827 neglecto
952 760 1236 827 corpore
1284 762 1356 808 se
1413 739 1639 811 solum
1691 742 2090 829 respicienS‚
2130 754 2194 811 et
2228 741 2436 811 veluti
2487 741 2574 811 iis

62 830 358 908 exultanS,
390 828 570 915 quod
606 841 750 896 erat
780 827 1146 896 ineruditis
1176 828 1397 897 oculis
1448 828 1852 898 ridiculum.
1888 834 1988 898 Ita
2022 831 2204 898 enim
2243 830 2564 913 habebat,

63 939 163 987 nec
200 931 465 1007 propter
520 939 655 1006 pau
708 917 942 985 ertatis
984 917 1454 986 necessitatem
1513 918 1596 986 ad
1655 918 1835 986 hanc
1894 919 2098 987 vitam
2153 919 2568 988 devenerat:

61 1006 155 1075 sed
199 1022 333 1075 erat
379 1006 482 1074 vir
514 1006 629 1092 qui
688 1029 796 1073 am
838 1005 1315 1095 pbilosophuS,
1371 1018 1448 1075 ut
1492 1007 1646 1095 ejus
1695 1020 1925 1096 postea
1960 1008 2094 1075 vita
2128 1008 2567 1098 significavit,

61 1116 206 1180 quae
248 1106 385 1164 erat
432 1095 721 1164 caeteris
768 1093 1119 1175 excelsior,
1167 1095 1338 1163 adeo
1393 1108 1468 1162 ut
1522 1096 1724 1163 etiam
1792 1097 2174 1185 pervenerit
2212 1118 2432 1183 usque
2481 1097 2569 1165 ad

63 1185 459 1273 martyrium,
498 1196 573 1251 ut
604 1184 724 1270 qui
758 1205 1040 1251 cursum
1085 1205 1201 1271 per
1234 1183 1460 1272 ignem
1499 1185 2028 1253 consummavit.
2077 1186 2309 1255 Latere
2339 1197 2571 1254 autem

65 1287 146 1339 est
176 1288 469 1353 conatus,
530 1272 627 1339 vel
678 1271 945 1341 studuit
987 1273 1236 1361 potius,
1287 1272 1515 1358 utqui
1563 1294 1665 1352 ea,
1719 1273 1831 1341 cui
1875 1295 1916 1342 a
1969 1273 2080 1342 vul
2136 1296 2175 1342 o
2224 1273 2563 1356 studetur,

66 1363 470 1518 prosperitate
515 1360 713 1449 longe
753 1374 927 1431 esset
968 1361 1305 1450 superior,
1359 1373 1424 1428 et
1474 1360 1715 1429 mundi
1768 1362 1972 1430 vitam
2028 1363 2093 1429 ni
2156 1361 2225 1430 ili
2277 1361 2559 1443 sacienS,

63 1470 189 1517 exce
218 1453 457 1519 siorem
499 1470 867 1535 veramque
914 1449 1118 1517 vitam
1168 1448 1711 1536 concupisceret,
1754 1461 1820 1518 et
1858 1462 1935 1519 ut
1971 1451 2396 1539 propositum
2439 1451 2569 1519 vir-

64 1540 197 1607 tutis
240 1561 519 1629 scopum
572 1537 846 1607 facilius
903 1539 1310 1625 attingeret,
1375 1538 1755 1606 conabatur
1812 1537 2040 1607 latere.
2096 1539 2276 1610 Talis
2337 1552 2570 1609 autem

61 1648 191 1694 cum
239 1642 407 1697 esset
458 1627 797 1697 vilissimo
846 1627 1138 1695 artificio
1186 1638 1538 1712 tamquam
1605 1626 1785 1716 turpi
1835 1628 2064 1714 aliqua
2120 1650 2412 1717 persona
2460 1651 2571 1697 oc-

61 1715 342 1797 cultatuS,
394 1730 461 1785 et
512 1716 768 1803 alioqui
808 1738 965 1784 cum
1009 1727 1185 1785 esset
1232 1715 1503 1784 florenti
1538 1728 1774 1801 aetate,
1834 1717 2323 1805 temperantiae
2371 1717 2571 1786 insti-

62 1816 179 1872 tuto
211 1806 670 1894 periculosum
722 1826 800 1872 ac
851 1804 1193 1872 lubricum
1236 1804 1691 1882 existimabat,
1749 1805 2185 1875 manifestare
2235 1805 2568 1896 pulcritu-

62 1891 255 1962 dinem
315 1895 671 1982 corporis,
737 1906 1021 1962 naturae
1082 1892 1516 1982 prosperitati
1579 1892 1785 1961 veluti
1848 1893 2238 1973 insultanS,
2292 1908 2358 1963 et
2417 1916 2567 1964 eam

62 1980 385 2051 insectans.
422 1984 694 2053 Sciebat
731 1983 915 2050 enim
944 2004 1093 2050 eam
1133 1981 1533 2071 praebuisse
1566 1980 1803 2051 multis
1840 1980 2077 2071 lapsus
2109 1983 2565 2052 occasionem.

64 2073 136 2137 Ne
176 2093 323 2163 ergo
378 2071 644 2158 aliquid
698 2093 933 2139 eorum
966 2125 980 2151 ,
1033 2092 1209 2156 quae
1260 2070 1507 2150 nollet,
1562 2070 1691 2139 sibi
1754 2071 2096 2151 eveniret,
2154 2092 2279 2140 nec
2327 2071 2575 2141 alienis

67 2158 247 2229 oculis
274 2174 448 2230 esset
485 2182 690 2229 causa
721 2158 1058 2229 excitandi
1098 2159 1261 2228 mali
1299 2159 1515 2228 animi
1553 2173 1803 2239 motu5‚
1839 2158 1990 2228 ideo
2017 2172 2257 2249 sponte
2284 2160 2578 2229 assumit

72 2260 239 2316 artem
276 2249 754 2319 carbonariam
790 2272 804 2317 :
908 2270 982 2316 er
1028 2269 1233 2333 quam
1272 2259 1335 2316 et
1369 2270 1622 2336 corpus
1655 2248 1737 2316 ad
1783 2248 2096 2317 virtutem
2131 2249 2577 2318 exercebatur

74 2330 395 2421 laboribus,
434 2351 504 2406 et
536 2337 835 2428 pulcritu
889 2359 928 2405 o
961 2336 1437 2405 occultabatur
1478 2336 1610 2405 sub
1661 2336 2039 2406 carbonum
2084 2337 2453 2418 sordibus;
2508 2348 2574 2406 et

70 2423 237 2494 simul
267 2429 447 2516 quod
504 2449 583 2496 ex
632 2427 778 2495 suis
831 2426 1094 2495 redibat
1144 2425 1498 2495 laboribus
1530 2481 1544 2507 ,
1600 2426 1667 2494 id
1724 2427 1815 2495 ita
1864 2426 2443 2516 dispensabatur,
2496 2438 2574 2496 ut

65 2516 300 2586 serviret
343 2516 752 2606 praeceptis.
807 2521 971 2585 Cum
1016 2536 1172 2583 eum
1219 2515 1448 2601 itaque
1496 2514 1894 2586 abduxisset
1941 2538 1978 2585 a
2027 2516 2343 2596 concili0,
2389 2526 2573 2585 etex

62 2621 125 2668 eo
166 2609 377 2675 omnia
428 2618 611 2674 esset
659 2619 974 2673 accurate
1023 2604 1710 2684 sciscitatus‚‘illum
1764 2604 2043 2691 quidem
2095 2605 2211 2674 dat
2259 2604 2406 2674 suis
2454 2603 2574 2672 do-

65 2693 348 2772 mesticis,
398 2695 660 2782 jubens
694 2715 797 2771 ea,
836 2713 1011 2780 quae
1044 2694 1420 2780 oportebat,
1460 2692 1703 2760 facere.
1750 2697 1815 2761 Is
1864 2706 2090 2763 autem
2134 2716 2291 2763 cum
2332 2714 2575 2762 rursus

62 2781 313 2852 venisset
346 2784 430 2852 ad
472 2780 872 2862 concilium,
913 2803 1027 2850 eos
1057 2781 1366 2861 docebat,
1405 2781 1526 2867 qui
1559 2793 1754 2850 erant
1783 2783 2201 2873 congregati,
2240 2782 2339 2852 eis
2369 2783 2573 2852 verba

60 2864 278 2941 faciens
309 2872 393 2941 de
443 2870 850 2949 sacerdotio,
897 2883 962 2938 et
999 2891 1116 2959 per
1162 2891 1239 2938 ea
1275 2870 1676 2939 describens
1723 2870 1927 2938 vitam
1980 2893 2060 2939 ex
2088 2872 2332 2941 virtute
2366 2893 2572 2961 agen-

61 2954 211 3026 dam.
263 2966 336 3029 Et
373 2962 438 3028 in
499 2959 612 3029 tali
654 2959 961 3027 oratione
1002 2958 1266 3027 tamdiu
1302 2972 1402 3027 est
1444 2958 1878 3038 immoratus,
1923 2972 2188 3028 coetum
2227 2959 2565 3040 detinen3‚

60 3042 240 3116 donec
292 3051 393 3131 ‚iis
464 3048 767 3137 impletis
813 3069 989 3133 quae
1030 3047 1354 3132 jusserat,
1412 3047 1456 3115 ii
1507 3047 1626 3133 qui
1687 3047 1745 3114 ei
1802 3047 2308 3129 ministrabant,
2363 3048 2569 3116 adve-

60 3150 298 3217 nerunt,
361 3159 598 3206 secum
660 3136 990 3205 habentes
1037 3135 1496 3204 Alexandrum
1530 3188 1550 3215 ,
1614 3135 1735 3221 qui
1783 3148 1848 3203 et
1896 3134 2163 3204 lavacro
2210 3135 2446 3205 sordes
2493 3158 2573 3206 ex

60 3218 315 3312 fuligine
363 3239 752 3294 contractas
801 3224 1253 3303 abluerat,·et
1302 3224 1536 3312 magni
1588 3223 1890 3313 Gregorii
1946 3224 2248 3294 vestibus
2285 3238 2429 3294 erat
2471 3226 2572 3293 in-

59 3308 282 3382 dutus:
340 3316 508 3383 haec
557 3314 739 3382 enim
792 3313 891 3382 eis
941 3313 1509 3401 sacerejusserat.
1566 3318 1729 3380 Cum
1781 3325 2004 3381 autern
2058 3334 2296 3382 omnes
2343 3324 2572 3382 essent

59 3404 332 3471 conversi
396 3402 478 3471 ad
546 3400 1046 3479 Alexandrum,
1109 3414 1175 3470 et
1234 3423 1314 3471 ex
1360 3423 1457 3482 ‚eo
1524 3401 1705 3487 quod
1770 3401 2169 3482 videbatur,
2223 3413 2452 3470 essent
2497 3402 2568 3470 in

60 3508 348 3579 magnam
403 3491 682 3560 adducti
734 3490 1305 3559 admirationem:
1362 3513 1396 3555 «
1428 3489 1609 3560 Nihil
1662 3490 1851 3559 vobis
1885 3490 2039 3558 novi
2090 3489 2571 3579 accidit(dixit

58 3576 137 3643 eis
183 3580 556 3670 magister),
610 3580 667 3647 si
717 3579 940 3648 oculis
988 3579 1248 3668 decepti
1300 3579 1464 3649 estis
1494 3633 1511 3658 ,
1564 3590 1628 3646 et
1676 3578 1801 3647 soli
1852 3577 2084 3648 sensui
2132 3579 2281 3667 ejus
2313 3633 2328 3659 ,
2382 3578 2568 3664 quod

54 3659 279 3735 bonum
346 3682 501 3748 est,
564 3668 912 3757 judicium
972 3667 1404 3757 permisistis.
1476 3667 1788 3736 Veritatis
1850 3668 2031 3737 enim
2083 3689 2319 3737 eorum
2392 3689 2573 3753 quae

56 3768 212 3835 sunt,
241 3757 453 3845 judex
490 3759 791 3826 incertus
838 3770 938 3825 est
987 3778 1254 3837 sensus,
1293 3756 1412 3843 qui
1457 3777 1578 3845 per
1626 3778 1696 3825 se
1743 3770 1968 3836 arcet,
2027 3778 2109 3823 ne
2147 3755 2568 3846 profundum

57 3843 239 3936 animi
294 3859 704 3935 penetretur.
761 3845 978 3913 Sim'ul
1029 3859 1254 3913 autem
1317 3844 1450 3934 ipsi
1506 3866 1778 3931 quoque
1837 3846 2137 3914 veritatis
2185 3859 2250 3916 et
2298 3844 2575 3934 pietatis

57 3931 307 4001 mimico
340 3935 658 4003 daemoni
708 3948 978 4021 gratum
1029 3947 1194 4015 erat,
1248 3949 1323 4002 ut
1370 3950 1547 4001 esset
1594 3934 1879 4002 omnino
1921 3933 2214 4002 otiosum
2267 3956 2385 4003 vas
2434 3932 2573 4001 ele·

57 4018 296 4102 ctionis,
339 4024 520 4109 quod
558 4022 945 4091 occultabat
982 4022 1342 4111 ignoratio,
1391 4043 1514 4090 nec
1550 4022 1607 4090 is
1650 4023 1751 4090 vir
1788 4022 2085 4109 prodiret
2118 4023 2186 4090 in
2227 4022 2560 4102 medium,

58 4109 155 4189 qui
191 4126 361 4179 esset
410 4111 684 4180 futurus
716 4133 986 4179 eversor
1017 4110 1202 4178 illius
1240 4110 1660 4199 potentiae.»
1689 4115 1868 4179 Haec
1902 4134 2059 4180 cum
2095 4111 2394 4188 dixisset,
2437 4115 2568 4179 Deo

59 4195 252 4266 virum
290 4201 484 4268 offert
520 4223 635 4289 per
668 4200 1152 4279 sacerdotium,
1196 4221 1354 4267 cum
1392 4220 1549 4267 eum
1589 4221 1707 4286 pro
1751 4222 1937 4268 more
1970 4200 2312 4269 initiatum
2347 4199 2569 4301 gratia

62 4302 519 4356 consecrasset.
575 4289 1042 4373 Omnibusque
1094 4310 1342 4357 novum
1380 4287 1813 4364 ,sacerdotem
1868 4288 2319 4371 intuentibuS,
2366 4312 2424 4360 ts
2466 4311 2570 4358 ro-

64 4386 237 4457 gatus
283 4390 358 4444 ut
396 4378 593 4446 verba
646 4378 892 4446 faceret
944 4377 1025 4444 ad
1085 4376 1484 4456 Ecclesiam,
1543 4379 1766 4445 statim
1827 4377 1912 4445 ab
1948 4378 2222 4447 exordio
2270 4376 2568 4447 ostendit

62 4460 432 4547 Alexander,
474 4488 601 4534 non
654 4465 904 4537 salsum
940 4465 1022 4534 de
1053 4487 1130 4535 eo
1179 4466 1483 4555 Gregorii
1533 4464 1745 4538 fuisse
1778 4466 2151 4553 judicium.
2189 4473 2344 4538 Erat
2372 4467 2558 4537 enim
