2993 4837
488 290 614 355 294
2663 286 2819 353 Nov.
2861 290 2892 352 ὃ

1099 508 1349 587 vrrA
1404 508 1537 586 ET
1593 508 2246 589 MARTYRmM

581 731 1194 833 SANCTORUM
1274 732 1947 832 GALACTIONtS
2019 733 2137 830 ET
2210 731 2762 832 EPtSTEMES

730 989 913 1038 AUCT.
970 991 1097 1037 811.
1150 987 1601 1038 HETAPHRASTB
1650 990 1940 1037 HABETUR
1991 990 2055 1037 ΙΝ
2104 990 2288 1037 ‘roms
2337 989 2614 1037 aborsu.

1058 1185 1250 1242 Pessi
1292 1189 1455 1242 sunt
1498 1199 1630 1241 sec.
1677 1186 1784 1240 111
1823 1213 1906 1228 -—
1943 1184 2286 1242 Phoenici.

393 1400 399 1406 ·
491 1369 526 1453 §
574 1370 649 1437 1.
704 1364 1130 1447 Phoeniciae,
1169 1386 1345 1451 quae
1375 1377 1475 1435 est
1507 1363 1591 1433 ad
1627 1378 1926 1434 montem
1973 1365 2337 1444 Libanum,
2383 1365 2646 1435 multae
2679 1363 2915 1451 quidem

405 1467 566 1526 sunt
610 1454 783 1525 aliae
813 1476 1086 1543 quoque
1113 1454 1441 1534 civitates,
1491 1466 1627 1523 tam
1663 1452 1748 1522 ad
1783 1466 2119 1533 austrum,
2157 1476 2365 1540 quam
2403 1454 2488 1522 ad
2527 1454 2917 1544 septemtrio·

405 1566 559 1613 nem
596 1567 610 1609 ε
655 1544 805 1645 ejus
853 1555 1076 1612 autem
1113 1555 1215 1612 est
1252 1565 1330 1612 ea
1367 1563 1665 1629 quoque,
1701 1563 1882 1631 quae
1912 1555 2012 1611 est
2059 1541 2354 1611 aliarum
2397 1543 2721 1611 omnium
2764 1562 2917 1631 prae·

406 1634 852 1712 stantisstma,
906 1645 970 1701 et
1001 1630 1085 1700 ad
1125 1644 1350 1721 partes
1385 1630 1514 1701 sita
1550 1630 1879 1711 boreales,
1920 1631 2236 1700 Emesa*:
2276 1652 2452 1717 quae
2481 1631 2771 1720 quidem
2801 1629 2922 1700 tulit

404 1734 470 1791 et
522 1721 694 1790 aluit
742 1721 964 1790 virum
1026 1720 1303 1789 nomine
1352 1718 1900 1808 Clitophontem,
1954 1740 2201 1809 genere
2263 1719 2656 1810 insignem,
2710 1718 2922 1788 divitiis

407 1808 585 1879 nulli.
650 1808 903 1880 civium
955 1807 1387 1879 inferiorern:
1444 1807 1899 1897 intelligentia
1957 1807 2113 1878 aliis
2178 1808 2378 1897 longe
2426 1809 2832 1879 acutiorem.
2865 1804 2916 1875 Ei

408 1899 776 1988 conjuncta
822 1910 967 1967 erat
998 1919 1167 1966 uxor
1214 1897 1493 1966 nomine
1535 1898 1899 1986 Leucippe,
1936 1896 2193 1983 alioqui
2228 1895 2514 1983 quidem
2572 1899 2774 1967 bonis
2816 1917 2922 1966 mo·

406 1987 623 2068 ribuS,
667 2000 731 2057 et
781 1986 894 2056 tali
947 1986 1191 2055 marito
1222 1986 1660 2066 conveniens,
1717 1999 1780 2053 et
1834 2006 1916 2054 ne
2016 1985 2458 2056 ulcherrimis
2508 1987 2798 2074 quidem
2839 2005 2918 2052 ee·

404 2076 576 2145 dens
611 2076 831 2146 forma
861 2075 1207 2163 corporis:
1259 2096 1401 2144 uno
1448 2087 1677 2144 autem
1718 2074 1844 2143 boc
1878 2096 1954 2142 so
1986 2094 2024 2142 o
2063 2086 2209 2143 erat
2250 2072 2511 2155 infelix,
2571 2074 2760 2162 quod
2791 2082 2919 2144 esset

407 2165 680 2235 sterilis.
735 2169 880 2247 Qua
914 2162 999 2232 de
1038 2186 1246 2233 causa
1295 2186 1454 2243 cum
1509 2162 1749 2233 multis
1784 2162 2053 2252 probris
2103 2185 2143 2231 a
2194 2163 2442 2231 marito
2491 2175 2914 2254 appeteretur,

408 2275 658 2353 magna
719 2253 1240 2344 opprimebatur
1287 2252 1502 2321 animi
1561 2249 2030 2342 aegritudine,
2085 2266 2148 2320 et
2206 2251 2395 2321 curis
2446 2255 2842 2332 vexabatur,
2878 2260 2923 2317 et

407 2342 578 2411 nibil
620 2364 752 2411 non
794 2341 1225 2422 moliebatur,
1271 2341 1561 2431 cupiens
1609 2339 1780 2409 solvi
1829 2340 1915 2409 ab
1966 2340 2074 2409 his
2127 2339 2447 2409 vinculiS.
2737 2340 2746 2348 “

494 2433 529 2519 ξ
582 2437 669 2504 2.
726 2436 891 2500 Cum
942 2429 1146 2500 ambo
1205 2452 1367 2519 ergo
1414 2429 1544 2498 hoc
1599 2430 1730 2500 sibi
1783 2429 2033 2519 probro
2099 2427 2432 2499 ducerent
2478 2443 2550 2500 et
2610 2425 2920 2522 dedecori,

408 2520 587 2606 quod
629 2541 760 2589 non
813 2531 1039 2590 essent
1075 2532 1388 2608 parentes
1437 2517 1780 2600 filiorum,
1836 2539 2057 2606 neque
2108 2516 2329 2587 ullum
2380 2533 2624 2589 essent
2675 2518 2924 2588 babituri

410 2608 770 2677 haeredem
824 2630 1110 2678 suarum
1154 2608 1598 2687 facultatum,
1662 2629 1780 2696 per
1824 2628 2029 2693 quern
2080 2628 2301 2696 genus
2360 2629 2616 2679 rursus
2664 2609 2763 2678 eis
2809 2624 2926 2675 coir*

410 2710 815 2777 servaretur,
854 2697 1181 2783 quoniam
1234 2695 1578 2765 acciderat
1625 2706 1701 2765 ut
1751 2694 1868 2764 illo
1911 2708 2212 2783 ternpore
2264 2694 2457 2764 valde
2516 2697 2922 2790 invalesceret

409 2784 637 2856 cultus
680 2784 1241 2865 simulacrorum,
1276 2796 1342 2854 et
1388 2782 1669 2853 cuidam
1752 2782 2068 2853 Secundo
2107 2784 2398 2854 civitatis
2435 2788 2731 2855 Emesae
2776 2793 2928 2853 rectit

410 2874 970 2954 committeretur,
1009 2873 1244 2963 gentili
1295 2871 1578 2960 quidem
1617 2872 1974 2961 religione,
2010 2871 2243 2941 animo
2290 2886 2521 2942 autem
2621 2874 2774 2943 lane
2808 2872 2926 2940 bar-

408 2961 597 3042 bam,
652 2962 766 3030 cui
817 2961 985 3030 nibil
1036 2961 1225 3031 aliud
1274 2974 1420 3038 erat
1466 2982 1697 3041 curae,
1735 2961 1866 3029 nisi
1899 2982 2139 3030 omnes
2176 2974 2474 3030 evertere
2512 2966 2559 3031 C
2624 2962 2922 3034 ristianos,

409 3065 473 3119 et
514 3050 826 3140 pietatem
879 3072 1003 3151 pro
1046 3051 1305 3119 viribus
1363 3050 1725 3119 excindere
1777 3050 2141 3120 radicitus:
2198 3051 2578 3135 quoniam,
2647 3053 2925 3145 inquant3

410 3161 517 3209 res
568 3140 834 3229 piorum
877 3161 942 3207 m
999 3154 1180 3208 tanto
1216 3140 1666 3208 versabantur
1702 3137 2028 3228 periculo,
2078 3138 2569 3225 unusquisque
2625 3140 2786 3229 fuga
2831 3133 2926 3204 sibi

409 3228 699 3298 salutem
734 3230 1196 3317 comparabat.
1242 3233 1427 3297 Unus
1467 3249 1646 3307 vero,
1691 3226 1967 3296 nomine
1995 3225 2392 3308 HonofriuS,
2435 3227 2690 3297 habitu
2735 3245 2928 3296 mona-

406 3319 603 3396 chus,
662 3317 970 3386 moribus
1008 3319 1230 3387 bonus
1268 3329 1332 3385 et
1380 3316 1770 3405 religiosuS,
1823 3315 2107 3383 omniuo
2159 3314 2439 3400 quidem
2504 3315 2840 3392 recedere,
2883 3321 2928 3374 εἰ

408 3406 476 3474 in
529 3406 644 3475 tali
683 3418 983 3494 tempore
1015 3428 1093 3474 ac
1133 3417 1527 3493 tempestate
1569 3403 1952 3490 relinquere
2006 3402 2469 3492 periclitantes
2510 3404 2788 3472 animas
2833 3401 2930 3495 iin-

409 3494 836 3564 becilliorum
873 3548 887 3575 ,
944 3494 1176 3564 statuit
1225 3515 1356 3562 non
1431 3514 1582 3562 esse
1632 3491 1758 3560 viri
1827 3492 1968 3581 pii,
2030 3505 2093 3560 et
2152 3492 2308 3580 ejus
2352 3491 2472 3578 qui
2524 3515 2602 3561 se
2651 3491 2931 3577 ascripsit

408 3584 617 3652 choro
691 3604 928 3651 eorum
980 3583 1097 3668 qui
1162 3594 1324 3651 sunt
1392 3580 1758 3670 ejusmodi.
1823 3582 2428 3650 Verumenimvero
2518 3604 2691 3650 cum
2760 3580 2932 3647 libere

406 3672 634 3759 eloqui
675 3673 1013 3760 pietatem,
1069 3681 1132 3739 et
1181 3671 1248 3739 in
1288 3668 1590 3758 pericula
1626 3669 1933 3758 seipsum
1972 3669 2337 3757 conjicere,
2391 3669 2782 3757 judicasset
2827 3681 2930 3732 non

407 3782 556 3830 esse
607 3760 910 3829 alienum
943 3781 982 3827 a
1033 3758 1586 3849 reprehensione,
1628 3779 1848 3843 neque
1875 3770 2418 3828 consentaneum
2465 3756 2742 3848 legibus
2774 3769 2931 3823 verae

409 3849 787 3941 religioniS‚
837 3849 1109 3918 tenebat
1151 3846 1488 3916 medium:
1543 3859 1607 3916 et
1653 3846 1811 3915 alba
1842 3859 2024 3916 veste
2055 3859 2426 3936 contegens
2478 3846 2920 3916 monasticam,

410 3953 554 4007 erat
584 3939 818 4007 animo
857 3958 1004 4005 vere
1044 3937 1461 4015 monachus,
1509 3947 1572 4004 et
1627 3956 1708 4004 ea
1754 3934 2108 4004 exercebat
2156 3955 2333 4021 quae
2379 3934 2441 4003 ei
2496 3935 2674 4003 vitae
2722 3948 2928 4002 conve·

412 4027 713 4108 mebant,
768 4038 832 4095 et
880 4026 971 4094 ita
1021 4025 1268 4095 callide
1314 4024 1634 4093 eludebat
1678 4024 2127 4112 impietatem.
2180 4028 2413 4110 [taque
2449 4038 2725 4114 propter
2759 4021 2926 4110 pieta·

415 4127 547 4184 tem
601 4138 737 4205 pau
790 4127 1070 4184 ertatem
1126 4112 1486 4193 simulans,
1523 4125 1667 4181 erat
1720 4111 2081 4181 mendicus
2114 4111 2571 4193 voluntarius,
2617 4126 2683 4181 et
2725 4109 2925 4177 domos

415 4203 655 4273 obiens
701 4227 739 4273 o
826 4226 1034 4272 usum
1068 4224 1296 4272 rerum
1353 4201 1924 4282 necessariarum,
1971 4200 2119 4291 ipse
2168 4200 2375 4270 dabat
2415 4201 2638 4290 potius
2688 4213 2918 4288 panem,

415 4291 535 4376 qui
578 4303 792 4376 potest
853 4292 1264 4361 confirmare
1313 4291 1606 4371 animOS,
1666 4311 1781 4359 eos
1837 4290 1907 4358 in
1958 4311 2133 4376 quos
2184 4289 2554 4370 inciderat,
2616 4290 2921 4358 instruens

469 4416 492 4437 ‘
522 4416 655 4455 Nunc
674 4416 807 4455 Heme
825 4416 903 4455 vel
924 4417 1062 4456 mma.
1084 4417 1180 4456 Hac
1205 4415 1252 4455 in
1272 4416 1387 4456 urbe
1407 4414 1663 4465 imper-tor
1683 4416 1921 4456 salutatus
1940 4412 2033 4456 ruit
2055 4414 2405 4472 Heliogabalus.
