2993 4837
68 334 215 397 Nov.
267 337 327 405 8,
2367 340 2492 403 335

791 585 1012 683 vlTA
1099 586 1175 683 S.
1248 582 1831 685 WlLLEHADl

578 823 877 887 Palm
940 823 1399 889 EPISCOPI
1467 825 2039 893 BREMENsm

180 1054 282 1100 PER
328 1056 383 1100 L.
440 1055 681 1101 sumus
730 1054 810 1100 Ex
858 1056 958 1101 MS.
1013 1053 1256 1114 comen,
1316 1056 1566 1104 MUTATO
1615 1059 1772 1104 FERE
1822 1055 2430 1115 STYLO,DESCR[PTA.

62 1160 149 1206 EST
188 1160 473 1207 HISTORIA
524 1161 677 1206 FIDE
725 1160 936 1219 mGNA,
990 1161 1254 1208 TAMETsl
1301 1160 1611 1209 AUCTOBIS
1656 1162 1871 1211 Nouam
1921 1163 2119 1211 conssx
2167 1166 2292 1214 NON
2345 1167 2572 1224 HABET,

725 1267 836 1312 SED
870 1268 948 1313 AB
980 1267 1126 1314 ALIO
1155 1268 1551 1315 ABBREVlATA
1591 1269 1885 1316 VIDETUR·

674 1462 857 1518 Obiit
909 1479 1086 1519 anno
1145 1466 1266 1520 ’789
1310 1494 1387 1504 -
1439 1466 1591 1521 Nat.
1647 1467 1935 1535 Anglus.

132 1663 160 1747 ξ
201 1669 270 1734 1.
326 1663 758 1732 willehadus
803 1665 902 1730 vir
950 1663 1380 1745 venerabili&
1418 1687 1496 1733 ex
1536 1665 1887 1734 Britannia
1942 1668 2186 1756 majori
2235 1670 2571 1759 originem

64 1748 239 1819 duxit.
282 1757 490 1822 Porro
542 1752 1027 1840 spiritualibus
1080 1754 1457 1822 instructus
1507 1753 1931 1843 disciplinis,
2000 1757 2377 1827 sacerdotio
2444 1760 2576 1827 ini-

68 1837 238 1908 tiatus
280 1856 400 1911 est.
458 1841 591 1910 Ubi
647 1862 800 1909 vero
867 1842 1201 1929 comperit
1249 1842 1588 1923 Frisones‚
1643 1841 1976 1915 hactenus
2036 1846 2408 1936 gentilismi
2472 1870 2578 1916 er-

68 1928 296 1997 roribus
361 1929 804 2019 implicatOS,
856 1929 1276 1999 Christianae
1346 1929 1506 1998 fidei
1555 1943 1865 2020 expetere
1917 1936 2264 2022 mysteria,
2324 1958 2574 2026 magno

70 2015 179 2085 zelo
222 2018 566 2098 incitatus,
617 2031 934 2087 accurate
972 2020 1193 2108 coepit
1245 2020 1660 2108 perquirere,
1697 2041 1832 2106 qua
1894 2038 2118 2110 posset
2171 2025 2430 2093 ratione
2486 2025 2568 2093 ad

72 2125 187 2172 eam
231 2122 497 2196 gentem
564 2107 939 2195 pervenire.
1001 2112 1212 2193 Atque
1259 2130 1338 2177 eo
1386 2107 1630 2177 salutis
1679 2109 2068 2177 animorum
2123 2111 2288 2192 zelo,
2333 2128 2575 2203 agente

77 2193 109 2260 S
153 2192 289 2264 iritu
349 2196 512 2275 Dei,
574 2197 643 2263 in
696 2196 842 2264 dies
890 2210 1343 2286 augescente,
1411 2198 1699 2267 accessit
1747 2197 1831 2266 ad
1894 2204 2144 2289 Regem
2197 2200 2570 2289 Anglorum

70 2283 455 2354 Aachintum
514 2284 574 2363 *,
621 2285 819 2371 eique
868 2285 1158 2374 aperuit,
1212 2306 1350 2371 quo
1398 2286 1539 2354 zelo
1588 2300 1764 2356 esset
1812 2288 2160 2367 incensus,
2207 2290 2575 2379 petivitque

69 2368 186 2460 ejus
215 2374 555 2461 permissu
590 2375 720 2443 sibi
766 2372 968 2444 licere
1001 2373 1442 2464 praedicandi
1495 2376 1679 2444 verbi
1733 2376 1907 2447 vitae
1954 2399 2161 2447 causa
2213 2378 2295 2448 ad
2352 2378 2574 2449 Friso-

70 2480 165 2528 nes
210 2463 576 2550 proficisci.
634 2467 794 2538 Rex.
833 2469 1181 2553 comperta
1224 2465 1376 2553 ejus
1425 2465 1860 2535 sanctissima
1910 2466 2278 2547 voluntate,
2327 2491 2573 2537 convo-

67 2561 188 2616 cato
230 2551 309 2619 ad
363 2574 437 2620 se
502 2552 999 2641 Episcoporum
1053 2574 1545 2638 servorumque
1599 2554 1708 2621 Dei
1775 2577 1904 2624 non
1962 2578 2166 2646 parvo
2216 2571 2436 2636 coetu,
2490 2559 2574 2627 de

67 2641 377 2708 communi
408 2641 732 2709 omnium
767 2642 1101 2710 sententia
1131 2656 1196 2711 et
1228 2663 1598 2720 consensu,
1630 2643 1842 2730 jussit
1875 2668 2034 2714 eum
2072 2646 2263 2715 adire
2297 2661 2568 2737 gentem

68 2723 249 2807 illam,
293 2730 493 2815 eique
548 2728 840 2798 fidenter
885 2730 1296 2799 annuntiare
1340 2729 1618 2798 verbum
1674 2732 1811 2799 Dei.

138 2816 166 2900 ἓ
210 2822 288 2886 2.
339 2823 415 2887 At
467 2817 728 2902 virDei
778 2818 1328 2906 gratulabundus
1378 2818 1667 2888 accessit
1713 2821 1795 2888 ad
1837 2845 2047 2905 mare,
2088 2846 2303 2912 eoque
2355 2838 2571 2895 trans·

72 2903 264 2984 misso,
318 2908 500 2976 venit
556 2907 624 2974 in
679 2908 932 2976 Frisiae
981 2906 1207 2977 locum
1265 2906 1639 2994 quendam,
1684 2931 1887 2993 quem
1945 2912 2290 3004 Dockinge
2338 2915 2406 2950 ²⁵*
2458 2937 2572 2984 vo-

73 3004 237 3073 cant,
286 2995 401 3065 ubi
454 2996 607 3083 jam
661 3008 817 3064 ante
876 2996 1114 3066 beatus
1164 2996 1557 3066 Bonifacius
1606 2996 1734 3067 fuit
1797 3001 2124 3089 martyrio
2172 3015 2566 3072 coronatus.

77 3079 245 3175 llujus
277 3085 740 3154 concionibus
791 3083 985 3154 multi
1024 3085 1163 3154 illic
1199 3085 1405 3155 fidem
1441 3084 1685 3164 edocti,
1726 3098 1791 3154 et
1826 3087 2206 3158 Christiana
2245 3091 2572 3181 religione

72 3168 275 3240 initiati
324 3173 543 3243 fuere.
606 3172 790 3242 Unde
839 3171 1093 3243 factum
1144 3189 1293 3255 est,
1361 3187 1438 3243 ut
1509 3173 1884 3245 honorifice
1957 3176 2096 3246 illic
2145 3178 2571 3251 Willehadus

68 3258 476 3347 exciperetur.
516 3261 729 3331 Multo
766 3283 919 3330 vero
957 3278 1254 3351 tempore
1295 3263 1388 3333 ibi
1443 3261 1785 3345 habitam,
1820 3263 2054 3334 docuit
2084 3287 2159 3335 ea
2194 3289 2370 3353 quae
2410 3279 2574 3338 sunt

71 3345 180 3425 Dei,
227 3350 307 3417 ita
355 3366 433 3420 ut
471 3351 679 3420 etiam
722 3350 1042 3439 permulti
1095 3351 1380 3432 nobileS,
1426 3373 1591 3422 suos
1641 3351 1819 3422 filios
1866 3353 1929 3421 ei
1980 3354 2323 3423 traderent
2373 3356 2571 3424 insti—

68 3436 343 3520 tuendos,
395 3454 461 3508 et
514 3438 712 3507 multi
765 3439 851 3508 ab
898 3461 1125 3509 errore
1174 3443 1242 3509 in
1296 3441 1471 3510 viam
1527 3455 2028 3520 revocarentur,
2067 3456 2132 3512 et
2183 3466 2431 3532 magna
2470 3445 2571 3511 in-

68 3519 338 3624 fidelium
390 3530 597 3598 turba
661 3528 812 3616 ejus
863 3529 1367 3618 praedicatione
1432 3530 1766 3600 instructa
1805 3586 1820 3612 ‚
1875 3532 2086 3601 undis
2149 3531 2572 3602 salutaribus

67 3629 438 3697 expiaretur.

136 3703 292 3784 §a
345 3705 512 3774 Inde
560 3716 787 3775 autem
843 3705 1283 3796 proficiscens
1333 3709 1434 3777 vir
1482 3709 1622 3790 Dei,
1671 3710 1949 3796 trajecto
1989 3709 2280 3778 flumine
2331 3708 2569 3776 Lavin-

68 3807 129 3885 ca
150 3789 264 3869 Ψ,
310 3795 489 3863 venit
534 3793 621 3864 ad
675 3794 924 3876 locum,
964 3817 1164 3882 quem
1203 3797 1649 3868 Hucbmarke
1678 3798 1819 3833 *W*
1852 3797 2234 3888 appellant:
2275 3817 2574 3882 cumque

68 3894 190 3960 ejus
227 3880 635 3952 habitatores
667 3884 755 3953 ab
797 3884 1137 3953 idolorum
1188 3885 1460 3955 cultura
1508 3887 1593 3956 ad
1650 3908 1880 3956 verum
1936 3892 2145 3957 Deum
2198 3883 2567 3955 colendum

70 3983 400 4050 revocaret,
443 3973 538 4041 illi
582 3972 810 4041 furore
851 3973 1114 4061 perciti,
1155 3973 1650 4056 exclamarunt,
1714 3974 1937 4044 virum
2008 3989 2139 4044 tarn
2207 3971 2570 4063 profanum

73 4072 318 4137 prorsus
378 4082 414 4129 e
466 4062 690 4131 medio
744 4062 882 4131 tolli
936 4075 1268 4154 oportere.
1322 4069 1454 4133 Nec
1504 4064 1785 4133 deerant
1834 4078 2058 4133 tamen
2113 4061 2576 4130 moderatores

72 4237 497 4334 v{nxo}·tl11111t2b1·iae
525 4252 621 4283 rex.
649 4242 988 4284 Nox-thumbria
1016 4245 1171 4284 autem
1201 4253 1346 4284 unum
1367 4255 1390 4284 e
1417 4248 1600 4294 septem
1619 4244 1806 4293 Regula.
1827 4254 1946 4294 quae
1966 4243 2056 4284 sub
2076 4238 2386 4291 Heptarchiae
2407 4250 2579 4282 nomon

96 4300 114 4323 e
158 4300 213 4329 un
234 4320 247 4334 2
264 4304 337 4334 era
366 4325 375 4334 .

115 4343 157 4362 ¹⁸
185 4345 379 4387 Dockum.

117 4396 183 4420 '⁴'
207 4399 348 4448 Vulgo
370 4404 589 4448 Lautam-n,
607 4404 793 4446 medius
814 4402 937 4444 inter
956 4404 1155 4444 Frisium
1178 4404 1526 4445 occidentalem
1548 4403 1595 4441 et
1616 4403 1933 4455 Groningiaxn.

118 4447 207 4476 ’ν’
232 4453 283 4492 In
303 4465 355 4494 ea.
373 4459 624 4505 provincia.
642 4468 762 4508 quae
787 4459 1045 4498 over-Yam!
1069 4461 1381 4506 nuncupatur.
