2993 4837
54 265 206 331 NOV.
258 267 336 330 ⁵28
721 285 799 330 nn
848 285 902 330 s.
958 283 1281 331 srssrnfflo
1327 281 1600 330 sumone
1647 285 1838 331 MART.
2347 271 2473 334 713

51 379 248 458 utpote
289 367 616 439 adversus
671 367 911 438 Christi
966 368 1342 457 imaginem
1396 368 1575 438 male
1614 390 1692 438 ac
1734 368 2051 458 pestifere
2098 370 2551 441 concitatum.
2612 376 2622 388 '

56 456 371 528 Consimili
429 473 718 544 ’quoque
778 456 981 526 modo
1045 456 1159 525 ille
1231 456 1459 547 lepida
1525 457 1766 547 lingua
1835 458 2191 547 praeditus
2261 481 2340 530 ac
2404 462 2563 550 pius

54 545 372 634 presbyter
415 551 715 615 Joannes
769 546 845 624 ⁴²,
900 567 1104 632 quem
1165 545 1281 615 ille
1351 545 1687 635 petulanti
1757 568 1836 616 ac
1897 547 2263 617 maledicta
2321 548 2563 638 lingua

53 648 373 723 tyrannus,
420 646 623 721 atque
669 635 1055 703 eruditione
1092 633 1373 720 quidem
1424 638 1745 724 angusta,
1781 648 2124 706 caeterum
2162 637 2247 706 ad
2295 639 2565 726 vitupe-

52 723 310 793 randum
361 724 638 814 copiosa
689 738 755 793 et
809 728 1158 814 peracuta,
1209 729 1490 794 Mansur
1544 724 1960 812 appellabat,
1999 726 2070 794 in
2125 725 2364 794 multis
2414 728 2562 815 epi-

51 811 215 882 stolis
255 834 410 881 eum
445 812 779 882 acerrime
813 813 1227 902 perstrinxit,
1282 834 1536 882 novum
1582 813 2088 883 Mahometbum
2134 837 2291 883 eum
2329 815 2561 905 appel·

50 900 195 982 lans,
224 902 604 989 Christique
635 901 896 970 hostem
939 924 1019 970 ac
1060 914 1456 971 sanctorum
1511 902 1902 984 inimicum,
1942 915 2145 990 atque
2186 904 2563 1004 Episcopos

49 991 149 1076 qui
209 990 436 1059 eadem
515 990 945 1070 sentiebant,
1008 1000 1289 1059 ἐπισκότυς
1336 991 1610 1080 potius,
1674 991 1802 1059 hoc
1848 1003 1949 1061 est
1998 992 2431 1072 tenebslones
2482 1016 2563 1062 ac

50 1079 270 1147 ventris
315 1080 658 1168 mancipia
702 1101 1143 1168 nuncupan5‚
1187 1091 1260 1148 ut
1306 1080 1426 1166 qui
1479 1079 1736 1148 ventris
1774 1102 1984 1148 causa
2036 1080 2208 1149 nihil
2254 1102 2387 1148 non
2427 1082 2564 1150 sibi

49 1164 378 1236 dicendum
430 1190 511 1237 ac
559 1168 952 1238 faciendum
1004 1181 1385 1238 censerent.
1438 1173 1695 1255 Atque,
1748 1180 1824 1238 ut
1872 1168 2059 1237 brevi
2109 1169 2552 1257 complectar,

52 1276 252 1325 omnes
282 1279 417 1332 eos,
453 1259 574 1344 qui
625 1278 912 1326 vesanae
946 1257 1169 1346 ipsius
1202 1257 1577 1326 sententiae
1612 1257 2164 1339 subscribebant,
2204 1271 2558 1343 tamquam

52 1346 214 1426 Oreb,
262 1360 324 1416 et
369 1347 521 1427 Zeb,
558 1361 623 1415 et
670 1346 898 1426 Zebee,
945 1358 1008 1414 et
1059 1345 1405 1425 salmana,
1447 1369 1527 1416 ac
1579 1345 1760 1416 velut
1793 1369 2219 1438 synagogam
2268 1347 2552 1427 Abiron,

52 1435 424 1504 execrandos
479 1441 743 1522 Deoque
791 1435 1049 1505 invisos
1100 1435 1486 1523 reputabat.
1548 1458 1584 1500 »

122 1524 313 1607 §12
368 1529 546 1593 Haec
602 1528 805 1593 verba
852 1536 928 1592 ut
978 1524 1135 1613 pius
1189 1523 1305 1592 ille
1361 1535 1594 1592 coetus
1643 1523 1887 1604 audiit,
1946 1525 2276 1613 piumque
2328 1525 2552 1593 virum

53 1609 205 1679 velut
245 1624 621 1682 extremum
665 1613 1006 1684 allocutus
1053 1626 1256 1698 atque
1304 1613 1706 1701 complexus
1754 1625 1875 1692 est,
1922 1613 2004 1682 ad
2049 1635 2126 1680 ea
2179 1613 2347 1694 loca,
2381 1635 2558 1701 quae

51 1698 265 1785 cuique
310 1702 779 1770 commodiora
829 1701 973 1770 visa
1022 1714 1207 1780 sunt,
1246 1722 1393 1770 sese
1432 1700 1917 1782 contulerunt;
1980 1703 2048 1770 in
2102 1702 2229 1771 hoc
2277 1724 2553 1788 quoque

54 1786 326 1859 videlicet
373 1791 637 1860 Christo
671 1791 1259 1880 obtemperantes:
1313 1791 1571 1878 quippe
1621 1790 1739 1876 qui
1773 1812 1911 1869 εοε,
1968 1790 2087 1877 qui
2141 1792 2558 1880 persecutio-

55 1895 179 1943 nem
232 1879 605 1966 patiuntur,
656 1901 735 1948 ex
775 1900 914 1947 una
963 1879 1138 1948 urbe
1186 1879 1255 1946 in
1308 1879 1516 1948 aliam
1561 1878 1923 1968 profugere
1966 1879 2556 1980 jubeat.·Specta-

53 1961 221 2034 batur
256 1967 479 2055 itaque
526 1968 929 2057 Byzantium
967 1967 1150 2036 velut
1184 1968 1252 2035 in
1289 1968 1796 2058 expugnatione
1829 1968 2131 2054 quadam
2168 1970 2560 2069 captivitate

57 2072 444 2140 oppressum,
481 2057 997 2142 monasticoque
1047 2056 1284 2125 habitu
1330 2057 1696 2145 privatum,
1739 2079 1818 2125 ac
1860 2070 2210 2143 tamquam
2249 2079 2315 2125 ln
2356 2080 2558 2144 squa-

60 2137 228 2212 lorem
279 2146 668 2215 redactum:
713 2144 986 2215 sublato
1020 2145 1352 2213 nimirum
1390 2157 1537 2214 atro
1569 2144 1818 2224 colore,
1856 2147 1976 2231 qui
2013 2146 2207 2234 prius
2240 2146 2321 2214 ad
2363 2148 2562 2216 urbis

66 2244 327 2302 ornatum
378 2235 536 2305 albo
586 2235 931 2303 admixtus
958 2248 1124 2302 erat.
1162 2235 1424 2302 Etenim
1459 2234 1640 2304 alius
1670 2233 1754 2302 ad
1791 2236 2129 2303 Euxinum
2168 2240 2457 2304 Pontum
2492 2236 2560 2269 ⁴*

66 2320 423 2410 navigabam
488 2323 670 2392 alius
718 2323 803 2390 ad
879 2322 1316 2391 Parthenium
1374 2322 1658 2413 pelagus
1703 2322 1808 2357 μ’
1861 2324 2051 2392 omni
2124 2322 2558 2393 festinatione

62 2411 488 2482 contendebat.
528 2411 717 2481 Alius
767 2415 1063 2501 Cyprum
1107 2411 1394 2501 petebat,
1434 2412 1614 2481 alius
1649 2411 1732 2481 ad
1766 2412 2221 2499 antiquiorem
2269 2417 2556 2482 Romam

60 2504 446 2585 properabat.
506 2505 596 2570 Ac
647 2501 744 2571 sic
793 2502 976 2581 varie
1024 2502 1339 2587 quisque,
1396 2523 1434 2570 a
1484 2501 1633 2570 suis
1685 2501 2117 2571 monasteriis
2148 2501 2394 2582 avulsi,
2441 2503 2562 2571 ho-

57 2585 229 2669 spites
274 2604 335 2659 et
382 2590 689 2660 advenae
745 2589 815 2657 in
871 2590 1160 2658 diversis
1217 2590 1386 2659 locis
1435 2590 1798 2680 degebant.
1858 2596 1934 2660 At
2004 2612 2159 2659 vero
2237 2590 2350 2663 ille
2423 2612 2557 2659 non

57 2672 249 2769 rninus
293 2701 333 2747 a
381 2690 610 2747 mente
656 2699 865 2765 quarn
916 2701 956 2747 a
1007 2679 1139 2766 piis
1190 2679 1630 2768 dogmatibus
1670 2701 1951 2749 aversus
1987 2693 2346 2769 tyrannuS,
2403 2702 2561 2769 gra-

56 2774 192 2857 nter
220 2766 440 2837 adhuc
473 2767 808 2837 adversus
851 2767 1274 2838 venerandas
1324 2772 1465 2835 Ima
1524 2769 1670 2835 ines
1718 2768 2018 2858 spirans,
2058 2791 2136 2837 ac
2181 2768 2363 2837 velut
2397 2790 2563 2837 suae

56 2867 109 2943 ³¹¹
156 2850 543 2940 hujusmodi
611 2856 818 2925 rebus
883 2856 1221 2924 amentiae
1286 2854 1483 2945 colop
1540 2878 1739 2925 onem
1810 2857 2163 2945 imponere
2226 2857 2551 2946 gestienS,

55 2940 288 3097 insigne
333 2945 545 3025 illud,
614 2944 794 3032 quod
848 2945 1247 3013 Blachernis
1303 2957 1426 3025 est,
1486 2946 1815 3035 Deiparae
1884 2958 2012 3013 tem
2076 2946 2245 3026 lum,
2312 2946 2564 3015 eximia

54 3043 159 3123 qua
207 3053 310 3099 am
368 3055 447 3102 ac
498 3055 672 3123 pene
722 3033 1251 3122 incomparabili
1320 3033 1792 3122 pulcritudine
1843 3055 2003 3122 prae
2062 3036 2277 3115 itum,
2332 3048 2397 3104 et
2461 3034 2561 3102 la-

54 3115 209 3213 pillis
252 3123 477 3191 aureis
525 3122 595 3190 in
649 3135 936 3209 utroque
986 3123 1242 3211 pariete
1290 3135 1432 3190 arte
1495 3143 1771 3191 summa
1831 3136 2259 3202 coornatum,
2300 3123 2562 3192 abrasit

52 3212 101 3268 et
123 3212 523 3301 immutavit,
563 3209 803 3279 deletis
845 3210 1157 3280 videlicet
1189 3211 1516 3281 omnibus
1566 3211 1956 3300 Imaginum
1992 3210 2255 3281 formis,
2293 3211 2558 3279 Etenim

52 3295 266 3392 eximio
312 3322 388 3369 ac
438 3299 833 3389 pererudito
880 3296 1171 3369 artificio
1220 3298 1521 3369 carnalis
1561 3300 1807 3370 Christi
1851 3300 2191 3377 nativitas,
2227 3313 2291 3368 et
2324 3300 2561 3368 divina

52 3397 242 3465 ipsius
265 3387 621 3468 miracula,
649 3401 711 3457 et
738 3387 1282 3458 venerandorum
1320 3388 1797 3476 mysteriorum
1830 3388 2129 3470 traditio,
2161 3411 2239 3458 ac
2261 3388 2561 3474 denique

55 3486 151 3567 per
195 3472 406 3562 ipsius
454 3482 737 3546 Crucem
791 3477 860 3545 in
911 3477 1258 3546 infernum
1318 3476 1732 3557 descensus,
1777 3490 1842 3545 et
1891 3479 2338 3559 resurrectio,
2382 3479 2562 3568 picta

52 3552 169 3625 11110
211 3578 420 3634 erant.
476 3565 742 3648 Quibus
774 3565 1102 3634 omnibus
1151 3565 1572 3635 horrendum
1627 3566 1693 3634 in
1741 3565 2022 3635 modum
2059 3569 2327 3636 abrasis
2358 3580 2562 3652 atque

51 3640 281 3746 deletis,
329 3653 444 3723 llle
494 3653 900 3744 perditionis
947 3653 1135 3724 filius
1183 3655 1508 3723 arborum
1571 3676 1602 3722 s
1656 3654 1856 3733 ecies,
1902 3669 2107 3741 atque
2168 3656 2397 3725 omnis
2445 3677 2561 3744 ge-

54 3750 209 3832 neris
253 3744 475 3812 avium
515 3742 769 3811 formas
818 3764 1053 3811 eorum
1096 3742 1241 3812 loco
1289 3743 1578 3831 sculpen
1636 3766 1711 3812 as
1758 3746 2044 3813 curavit.
2082 3750 2168 3813 Ac
2210 3759 2351 3814 tum
2397 3766 2564 3813 sane

52 3827 359 3913 quispiam
416 3852 549 3900 non
606 3831 1040 3900 incommode
1087 3831 1259 3901 illud
1316 3831 1588 3900 Davidis
1639 3832 1961 3901 dixisset:
2006 3838 2202 3911 Deus,
2239 3844 2565 3903 venerunt

54 3924 247 3992 (lentes
282 3920 349 3985 in
400 3919 882 3989 haereditatem
925 3931 1135 4000 tuam,
1172 3923 1566 4011 polluerunt
1615 3925 1940 4011 templum
1984 3932 2292 3991 sanctum
2343 3933 2559 4003 tuum,

53 4016 378 4087 posuerunt
414 4013 792 4079 Jerusalem
839 4011 911 4078 in
952 4031 1303 4099 pomorum
1352 4011 1748 4079 custodiam.
1794 4016 2167 4080 Posuerunl
2207 4011 2567 4079 morticina

55 4104 357 4163 servorum
399 4106 666 4166 tuorum
714 4119 897 4167 escas
928 4100 1318 4167 volatilibus
1366 4100 1556 4178 coeli,
1596 4122 1831 4167 car-nes
1876 4111 2260 4169 sanctorum
2294 4110 2564 4167 tuorum

58 4169 249 4289 bestiis
284 4193 507 4279 *terrae
550 4187 689 4277 (Ps.
744 4187 880 4274 78),
935 4186 1063 4257 hoc
1113 4201 1214 4257 est
1264 4187 1690 4257 venerandas
1759 4209 1839 4256 ac
1890 4210 2121 4258 sacras
2182 4191 2555 4274 Martyrum

100 4336 306 4411 :Jempe
327 4346 365 4386 S,
390 4348 591 4389 <loannes
608 4350 944 4389 Damascenus.
1318 4350 1373 4376 *¹⁸¹
1402 4351 1511 4391 Ital.
1545 4351 1651 4389 Μαι·
1677 4352 1809 4389 Sero.

189 4395 374 4447 Psslflssns
394 4403 587 4446 scilicet.
608 4405 729 4451 quod
752 4405 953 4452 Cyprum
978 4403 1125 4440 abluit
