2993 4837
100 259 249 324 NOV.
299 261 337 323 3
824 279 898 324 oz
945 279 1000 324 s.
1053 277 1340 325 nonanto
1390 279 1487 324 cr.
1541 277 1868 325 iconiensi
2441 262 2512 325 ’,Ἰ

96 362 324 450 Quique
351 361 433 430 ad
471 361 891 432 alterutrum
923 384 1026 444 ea,
1055 384 1233 449 quae
1268 362 1520 431 viritim
1557 362 1891 441 viderant,
1920 362 2368 443 conferenteS,
2406 385 2622 454 quae5

93 453 203 520 situ
246 471 324 520 ne
382 472 570 541 opus
632 463 811 521 esset
873 450 1236 533 dicebant,
1302 450 1486 539 quod
1550 452 1685 520 sibi
1750 452 1816 520 in
1886 451 2141 521 talibus
2186 451 2607 532 consilium,

89 537 307 627 quidve
357 537 538 610 foret
571 538 945 630 agendum.
983 540 1207 610 Etdiu
1239 561 1795 627 quaquaversum
1843 541 2253 610 sententiam
2304 552 2608 633 potuere,

92 630 494 709 trutinantes,
535 627 624 699 ad
679 628 743 697 id
787 629 1058 699 tandem
1111 627 1383 699 consilii
1422 641 1697 699 ventum
1749 639 1872 710 est,
1909 640 1986 698 ut
2032 629 2358 699 divinitas
2407 651 2618 719 super

95 717 187 788 his
223 717 719 799 consuleretur,
770 731 835 787 et
882 740 966 788 su
1016 739 1092 787 er
1147 718 1273 787 bac
1325 739 1393 787 re
1440 718 1593 807 ejus
1650 716 1964 788 voluntas
2021 730 2225 806 atque
2278 719 2614 788 sententia

100 806 616 894 praestolaretur.
657 807 876 898 Igitur
910 829 950 877 a
1039 806 1262 876 amica
1302 807 1436 875 sibi
1464 804 1776 876 subsidia
1812 827 1883 875 se
1919 819 2273 888 vertentes,
2321 808 2612 878 orationi

92 906 265 982 atque
297 896 572 985 jejunio
597 917 745 966 sese
778 896 1099 966 triduano
1148 895 1650 985 mancipavere,
1689 908 1903 982 utque
1952 896 2369 966 voluntatem
2398 917 2609 985 super

94 983 200 1052 lioc
240 985 508 1074 negotio
559 985 826 1053 Domini
865 1006 1065 1054 nosse
1114 996 1413 1074 possent,
1450 983 1537 1052 ab
1575 1005 1655 1052 eo
1680 984 1837 1054 totis
1887 984 2158 1054 nisibus
2207 1006 2602 1075 poposcere.

88 1077 163 1141 Ac
204 1075 386 1142 tertio
417 1072 699 1143 tandem
744 1073 994 1163 jejunii
1045 1072 1156 1142 die
1208 1073 1548 1152 instante,
1614 1072 1788 1142 duos
1841 1072 2053 1143 libros
2120 1095 2329 1163 super
2391 1073 2604 1143 altare

88 1161 475 1251 deposuere:
527 1182 824 1249 quorum
862 1184 1050 1232 unus
1071 1161 1519 1231 sacratissimi
1546 1161 1896 1252 Evangelii
1948 1161 2280 1232 retinebat
2321 1173 2602 1242 textum,

92 1249 238 1320 alter
278 1272 433 1321 vero
474 1250 986 1321 benedictiones
1032 1264 1238 1351 atque
1285 1250 1875 1330 consecrationes,
1930 1251 2187 1338 quibus
2241 1249 2603 1322 Missurum

98 1352 402 1430 peragunt
456 1354 994 1420 sacramentum,
1049 1339 1310 1409 scilicet
1348 1351 1424 1409 ut
1478 1362 1514 1408 a
1556 1339 1812 1409 divinis
1869 1338 2066 1410 libris
2120 1339 2601 1421 addiscerent,

92 1449 243 1512 quae
286 1429 415 1500 sibi
444 1428 533 1497 de
574 1429 683 1497 his
729 1427 994 1520 agenda
1025 1429 1269 1499 forent.
1311 1433 1708 1498 Reseratum
1744 1428 2203 1520 evangelium,
2260 1429 2439 1506 hanc
2472 1430 2610 1519 pri-

96 1538 261 1587 mum
307 1517 561 1608 legenti
608 1517 1015 1587 sententiam
1065 1516 1349 1586 obtulit:
1395 1522 1489 1586 Ne
1524 1518 1760 1586 timeas
1789 1520 2051 1588 Maria:
2102 1520 2421 1587 invenisti
2447 1542 2608 1608 qra-

96 1607 239 1674 tiam
280 1607 463 1698 apud
489 1608 844 1675 Domimcm
874 1611 1057 1692 (Luc.
1105 1606 1177 1695 1).
1229 1605 1421 1675 Liber
1472 1607 1678 1675 etiam
1736 1619 2325 1676 sacramentorum
2377 1606 2448 1674 in
2500 1606 2610 1676 sui

95 1696 411 1783 apertione
452 1696 580 1764 boc
615 1696 917 1785 primum
972 1695 1226 1764 videnti
1273 1694 1560 1782 objecit:
1614 1697 1845 1784 Diriqe
1885 1696 2068 1765 viam
2122 1697 2378 1784 famuli
2413 1697 2521 1764 tui
2547 1695 2604 1762 *.

97 1783 333 1864 Quibus
363 1784 679 1874 peractis,
719 1796 983 1853 noctem
1045 1784 1638 1874 supervenientem
1678 1783 2069 1873 vigiliarum
2120 1784 2604 1864 celebratione,

100 1870 479 1972 hymnorum
535 1894 622 1942 ue
654 1872 1128 1942 decantatione
1178 1871 1473 1941 reddunt
1522 1871 1856 1941 festivam.
1911 1871 2322 1943 Adveniente
2376 1884 2602 1943 autem

101 1958 235 2040 dte,
292 1983 481 2031 sacer
532 1974 677 2032 otes
739 1961 1032 2049 quique,
1086 1961 1215 2032 sibi
1268 1960 1535 2050 junctis
1602 1959 1893 2029 aliorum
1971 1960 2606 2031 Ecclesiasticorum

107 2049 408 2137 gnduum
457 2049 732 2130 turmis,
776 2050 1071 2137 itemque
1122 2051 1354 2140 populi
1393 2071 1473 2119 ac
1502 2069 1861 2139 procerum
1902 2048 2139 2138 palatii
2178 2049 2601 2140 agminibus

114 2137 293 2224 primo
342 2159 541 2208 mane
590 2140 943 2208 Dominica
993 2138 1451 2218 illucescente,
1488 2137 1846 2207 basilicam
1885 2137 2058 2208 beati
2106 2138 2276 2208 Petri
2325 2137 2604 2218 adeunt,

118 2224 213 2295 uhi
244 2227 653 2298 sanctissimi
703 2228 827 2297 viri
883 2227 1187 2297 membra
1237 2227 1471 2297 silicea
1521 2227 1914 2298 continebat
1960 2248 2160 2307 urna,
2216 2225 2504 2296 ferentes
2538 2226 2605 2294 in

118 2316 392 2386 mnibus
439 2315 679 2386 vexilla
732 2316 967 2386 Crucis
1012 2329 1076 2386 et
1113 2315 1551 2390 candelabra.
1606 2315 1721 2385 sed
1771 2330 1837 2385 et
1891 2314 2160 2385 diversa
2208 2315 2608 2384 odoramen·

112 2413 298 2475 lorum
346 2428 617 2496 genera.
685 2410 833 2489 Quo
887 2406 1401 2496 pervenientes,
1454 2404 1859 2496 operculum
1912 2429 1950 2474 a
2015 2404 2440 2496 sarcophago
2489 2427 2606 2473 su-

110 2492 359 2563 stulere:
399 2506 697 2565 attamen
737 2495 1063 2586 gravitate
1093 2517 1411 2585 pavorem
1462 2515 1621 2564 cum
1662 2495 2034 2564 reverentia
2069 2495 2437 2575 indicente,
2471 2514 2606 2561 non

109 2580 412 2652 audebant
458 2584 736 2675 plenius
783 2584 1008 2653 locum
1040 2584 1434 2676 sepulturae
1478 2584 1630 2673 ejus
1672 2584 1894 2653 oculis
1942 2584 2234 2653 visitare.
2276 2580 2612 2652 Putabant

110 2688 391 2758 namque,
446 2694 636 2741 more
686 2672 1107 2753 mortalium,
1165 2672 1333 2742 illud
1387 2672 1929 2742 sacratissimum
1983 2694 2236 2762 corpus
2283 2694 2321 2741 a
2370 2669 2606 2742 solidi·

114 2759 245 2829 tntis
277 2782 599 2851 compage
647 2761 1061 2850 sejunctum,
1117 2774 1183 2831 et
1234 2761 1493 2850 pulveri
1559 2760 1925 2831 redditum.
1982 2766 2070 2830 Ne
2121 2774 2344 2830 tamen
2378 2816 2393 2842 ,
2447 2760 2609 2847 quia

119 2855 336 2918 tannim
383 2872 560 2940 opus
594 2862 981 2941 coeperant,
1020 2851 1076 2920 si
1113 2849 1601 2937 relinquerent,
1644 2849 2177 2940 imperfectionis
2225 2850 2421 2941 argui
2453 2871 2609 2939 pos-

126 2948 260 3017 sent,
292 2939 614 3029 gravitate
667 2940 1015 3029 magistra,
1071 2938 1314 3008 leniter
1361 2960 1635 3025 quoque
1668 2951 2127 3019 accesserunt,
2180 2951 2244 3007 et
2290 2938 2608 3027 introspi-

125 3020 367 3106 cientes,
422 3027 802 3117 gloriosum
851 3028 1000 3116 ejus
1050 3049 1304 3117 corpus
1354 3027 1543 3097 nulla
1601 3026 2004 3097 detrimenta
2059 3049 2365 3117 passum,
2422 3026 2611 3096 illae-

122 3131 242 3180 sum
270 3115 800 3187 a'dissolutione
847 3130 1051 3203 atque
1100 3116 1463 3207 putredine
1492 3130 1913 3205 repererunt,
1940 3128 2004 3185 et
2053 3137 2174 3205 pro
2224 3115 2379 3185 tabo
2407 3126 2609 3203 atque

121 3204 455 3287 putredine.
507 3225 688 3292 quae
721 3227 871 3275 mos
910 3217 1010 3274 est
1061 3205 1453 3275 mortalium
1490 3226 1777 3293 corpora
1824 3203 2143 3273 defuncta
2177 3204 2602 3279 contrahere,

115 3307 451 3362 aromatum
509 3314 695 3363 more
746 3293 912 3362 illud
983 3307 1348 3363 senserunt
1413 3294 1741 3363 odorifico
1794 3293 2000 3364 odore
2065 3292 2339 3362 fervere.
2396 3297 2612 3381 Caput

113 3392 300 3449 autem
348 3382 540 3452 illius
588 3382 1079 3470 perlustrantes
1111 3382 1355 3462 oculis,
1411 3382 1642 3451 vident
1688 3382 1952 3452 vultum
1987 3383 2137 3470 ejus
2159 3380 2372 3470 (quod
2424 3379 2614 3448 dictu

112 3484 344 3557 quoqne
390 3470 707 3540 mirabile
754 3471 910 3559 est)
954 3470 1203 3540 sudore
1275 3470 1670 3561 perfusum,
1725 3484 1790 3541 et
1855 3469 2036 3539 velut
2098 3469 2314 3539 noctis
2362 3489 2613 3558 opacae

114 3559 443 3628 roscidulis
483 3559 840 3650 perfusum
893 3560 1206 3649 guttulis.
1261 3564 1592 3630 Coronam
1659 3581 1812 3629 vero
1855 3558 2263 3649 capillorum
2316 3557 2610 3626 alienam

115 3664 359 3731 prorsus
403 3649 490 3717 ab
523 3651 728 3718 'omni
783 3648 1103 3728 laesione,
1159 3649 1672 3735 caesariemque
1706 3661 1975 3718 auctam
2025 3661 2092 3717 et
2141 3646 2520 3737 prolixitate
2550 3658 2614 3715 et

115 3733 565 3819 pulcritudine.
618 3743 847 3824 Neque
891 3738 1073 3806 enim
1126 3737 1423 3807 candore
1489 3736 1688 3806 senili
1740 3736 2055 3816 albebat,
2114 3735 2230 3804 sed
2284 3733 2506 3804 colore
2552 3746 2618 3802 et

115 3822 337 3894 visione
382 3826 525 3905 sui,
571 3826 849 3913 juvenis
908 3840 1116 3916 caput
1167 3826 1698 3916 repromittebat.
1756 3825 1944 3907 Quod
2013 3825 2317 3894 videntes
2377 3844 2617 3892 omncs

113 3912 208 3995 qui
236 3914 530 3995 aderant,
560 3914 817 4005 gaudio
835 3915 1321 3985 inaestimabili
1343 3914 1547 3984 corde
1568 3927 1897 4002 concepto
1922 3914 2124 3982 etiam
2163 3914 2446 3983 vocibus
2467 3933 2620 3981 con·

115 3996 507 4073 clamabant:
548 4008 657 4074 «O
694 4003 937 4074 mundi
989 4002 1286 4073 fabricae
1325 4002 1857 4073 inaestimabilis
1890 4002 2225 4079 conditor,
2261 4024 2301 4069 o
2345 4000 2441 4069 fili
2475 4001 2611 4077 Dei,

120 4091 352 4240 fieneris
401 4092 686 4162 humani
737 4092 806 4161 in
839 4092 1036 4161 initio
1086 4092 1352 4172 mundi,
1393 4092 1606 4181 patris
1655 4090 1837 4161 socia
1889 4091 2133 4159 virtute
2172 4089 2622 4178 factor,ejus-

157 4195 375 4266 emque
423 4182 488 4250 in
540 4181 678 4251 {ine
713 4181 1126 4271 redemptor,
1172 4181 1495 4268 quisnam
1539 4179 1659 4249 tibi
1699 4177 1947 4249 similis
1999 4179 2064 4246 in
2119 4175 2617 4250 misericordia,

161 4334 180 4355 ⁶
204 4338 261 4377 Ru
286 4341 364 4380 tibi
393 4352 535 4383 unum
565 4353 619 4382 ex
650 4341 749 4383 {llis
776 4340 1126 4392 experimentis.
1153 4343 1211 4381 ab
1231 4339 1437 4382 Ecclesia
1456 4353 1644 4391 semper
1665 4340 1943 4389 improbatis
1966 4338 2263 4387 rejectisque.
2284 4347 2403 4386 quae
2430 4331 2632 4374 ordonum

124 4390 380 4439 'mutum
396 4398 567 4445 qulbus
587 4406 870 4446 cognoscere
888 4397 974 4436 Del
992 4393 1207 4438 consilia,
1226 4395 1595 4450 voluntatesque
1619 4391 1995 4434 existtmsbatur.

2673 4492 2758 4541 f
