2993 4837
477 318 563 382 36
1162 329 1244 378 us
1292 334 1347 378 s.
1403 330 1631 379 vlsoas
1678 333 1774 377 zv.
1831 328 2163 376 amoenum
2649 310 2817 375 NOV.
2867 311 2886 372 l

389 420 522 487 nisi
573 418 883 486 Christus
932 416 1121 485 filius
1158 416 1292 495 Dei,
1345 415 1465 502 qui
1513 414 1703 483 dedit
1750 412 2115 502 discipulis
2155 413 2302 481 suis
2345 426 2728 499 potestatem
2778 411 2897 480 cal—

387 507 591 576 candi
634 528 845 596 super
889 518 1235 594 serpentes
1267 516 1333 573 et
1381 505 1801 591 scorpiones,
1849 517 1915 570 et
1962 524 2170 589 super
2218 523 2490 570 omnem
2532 514 2896 590 potestatem

391 595 681 674 inimici,
736 595 1191 664 constantiam
1247 593 1415 661 mihi
1470 603 1763 682 praestet
1817 590 1899 659 ad
1963 590 2444 658 conterendam
2497 589 2900 663 callidissimi

392 685 728 775 serpentis
780 684 1179 770 nequitiam.
1233 684 1353 751 Abi
1399 704 1582 750 nunc
1634 681 1866 770 igitur,
1901 694 1966 748 et
2014 680 2126 748 die
2159 681 2351 747 tertio
2395 679 2524 747 huc
2569 691 2898 755 revertere,

388 789 452 843 et
488 774 542 842 si
582 779 708 842 Deo
751 773 969 840 visum
1005 773 1155 850 erit,
1199 772 1310 840 ibo
1346 784 1596 840 tecum.
1636 793 1672 835 »
1708 775 1841 838 Suo
1879 790 2043 857 ergo
2076 791 2262 837 more
2298 768 2409 835 Vir
2445 767 2555 835 Dei
2592 768 2657 835 in
2699 788 2904 855 preces

390 862 799 931 incumbens
835 916 849 940 ,
904 874 967 929 et
1016 860 1319 929 biduana
1352 859 1602 928 inedia
1652 880 1721 927 se
1771 856 2124 936 afficien3‚
2184 856 2573 942 multasque
2629 854 2904 923 fundens

393 954 755 1039 lacrytnaS‚
797 949 1207 1038 implorabat
1244 949 1352 1018 Dei
1400 947 1970 1016 misericordiam.
2016 946 2182 1014 Inde
2225 947 2420 1014 tertio
2459 946 2571 1012 die
2602 944 2907 1013 accedens

389 1040 470 1107 ad
522 1040 773 1116 locum,
830 1040 1080 1127 reperit
1134 1039 1307 1105 viam
1362 1060 1500 1124 qua
1561 1058 1844 1125 serpens
1892 1036 2033 1103 ibat
2071 1034 2154 1102 ad
2215 1034 2466 1103 fontem
2505 1088 2523 1113 ,
2580 1048 2645 1101 et
2694 1055 2908 1101 rursus

390 1128 763 1196 redibatad
817 1150 1096 1215 specum
1142 1149 1364 1195 suam.
1420 1132 1579 1194 Eam
1633 1139 1856 1193 autem
1904 1125 2078 1191 viam
2117 1124 2440 1209 antiquae
2491 1123 2818 1190 maceriae
2857 1136 2909 1187 et

389 1217 724 1304 quaedam
776 1218 1017 1306 ingens
1064 1216 1269 1284 arbor
1315 1217 1746 1305 obtegebant.
1805 1214 2091 1302 Propius
2134 1213 2344 1299 igitur
2391 1211 2473 1279 ad
2529 1234 2804 1299 specum
2853 1232 2909 1275 sc

391 1306 802 1393 adjungens,
857 1304 1192 1373 exclamat
1241 1305 1354 1373 Vir
1406 1306 1560 1372 Dei:
1618 1326 1652 1368 «
1688 1308 1980 1387 Serpens
2025 1302 2309 1386 antique
2353 1314 2419 1368 et
2468 1315 2686 1377 satan,
2743 1320 2909 1388 prae·

392 1395 573 1482 cipio
611 1394 727 1461 tibi
767 1394 833 1460 in
875 1394 1150 1461 nomine
1187 1394 1346 1461 lesu
1379 1393 1621 1461 Christi
1670 1391 1766 1459 fili
1812 1392 1919 1459 Dei
1962 1390 2115 1465 vivi,
2162 1391 2278 1475 qui
2316 1390 2528 1457 servis
2564 1389 2710 1457 suis
2749 1387 2910 1455 dedit

395 1485 708 1550 virtutem
762 1480 1163 1551 ambulandi
1216 1503 1424 1569 super
1458 1480 1766 1569 aspidem
1805 1494 1864 1547 et
1903 1479 2328 1557 basiliscum,
2368 1491 2433 1545 et
2479 1477 2908 1546 conculcandi

398 1572 659 1639 leonem
715 1585 778 1639 et
818 1571 1183 1639 draconem
1213 1625 1228 1647 ,
1284 1584 1358 1639 ut
1394 1592 1592 1638 exeas
1638 1568 1725 1636 ab
1783 1568 1909 1636 hac
1960 1590 2195 1657 specu.
2237 1590 2273 1633 »
2325 1572 2469 1634 Mox
2523 1566 2747 1655 prodit
2795 1565 2908 1638 ille,

393 1660 690 1729 stridens
717 1659 1061 1738 dentibus,
1106 1673 1171 1726 et
1202 1672 1423 1727 erecto
1457 1658 1679 1741 capite
1712 1658 2030 1725 flammas
2063 1678 2365 1734 vomenS,
2408 1669 2757 1742 tamquam
2788 1654 2909 1740 jani

393 1750 844 1816 devoraturus
909 1749 1252 1817 hominem
1326 1749 1460 1815 Dei.
1519 1752 1755 1815 Fertur
1803 1746 2051 1834 longus
2115 1745 2326 1813 fuisse
2374 1744 2455 1811 ad
2515 1744 2720 1831 pedes
2766 1764 2913 1830 qua-

390 1837 752 1926 draginta,
806 1837 1132 1925 adspectu
1186 1836 1536 1905 terribilis,
1595 1842 1952 1921 Postquam
2007 1847 2232 1901 autem
2299 1832 2466 1915 vidit
2504 1832 2752 1903 Christi
2801 1852 2916 1899 ser-

396 1948 580 1996 vum.
640 1947 792 1993 mox
842 1938 1186 1994 contracto
1234 1948 1349 1993 ore
1396 1939 1461 1994 et
1508 1926 1770 2013 abjecta
1809 1924 2094 2003 cervice,
2143 1922 2323 1990 venit
2356 1920 2437 1989 ad
2477 1943 2666 1990 eum.
2724 1927 2794 1988 At
2825 1920 2917 1987 Vit·

392 2029 673 2083 sanctus
721 2014 988 2083 sublata
1035 2034 1243 2082 manu
1284 2015 1521 2084 Crucis
1572 2015 1846 2101 signum
1898 2013 2313 2100 exprimens,
2367 2012 2676 2078 orarium
2735 2031 2915 2077 suunt

394 2103 617 2192 injicit
666 2104 733 2171 in
778 2102 1030 2191 collum
1074 2104 1246 2189 ejus,
1291 2125 1590 2189 eumque
1647 2098 1930 2190 ligatum
1988 2101 2193 2169 tradit
2249 2098 2597 2187 discipulo
2647 2120 2772 2166 suo
2816 2119 2917 2165 ceu

395 2214 585 2260 ovem
652 2206 1125 2268 mansuetam,
1184 2192 1421 2258 dicens
1466 2192 1575 2257 ei:
1631 2212 1665 2255 «
1717 2196 1854 2257 Duc
1899 2212 2057 2257 eum
2111 2188 2192 2256 ad
2260 2188 2451 2256 littus
2517 2189 2754 2263 maris,
2818 2207 2918 2252 ner.

396 2280 574 2349 ultra
613 2279 805 2348 liceat
856 2281 916 2346 ei
972 2280 1035 2346 in
1095 2281 1219 2347 hoc
1270 2279 1417 2347 loco
1464 2278 1900 2346 commorari.
1937 2302 1971 2343 »
2024 2282 2318 2345 Cernens
2371 2276 2536 2343 haec
2591 2274 2913 2364 populus.

393 2371 512 2456 qui
563 2369 645 2438 ad
707 2369 832 2438 hoc
896 2368 1364 2457 spectaculum
1438 2380 1897 2446 convenerat,
1966 2368 2030 2433 in
2101 2367 2209 2434 Dei
2278 2364 2516 2433 laudes
2576 2363 2917 2453 prorupit:

399 2484 424 2520 ε
467 2464 715 2527 Revera
750 2513 764 2528 .
830 2458 1187 2543 inquiens.
1250 2463 1424 2524 Deus
1471 2472 1572 2524 est
1624 2458 1688 2523 iu
1735 2478 1926 2523 servo
1968 2477 2114 2530 suo,
2165 2477 2284 2542 per
2316 2476 2521 2540 quem
2571 2455 2703 2522 tale
2733 2450 2920 2522 edidit

396 2548 805 2614 miraculum
860 2547 990 2613 sub
1025 2545 1243 2612 oculis
1288 2546 1559 2614 nostris.
1602 2567 1636 2610 »
1694 2550 1893 2612 Porro
1934 2543 2347 2612 Volusianus
2381 2542 2721 2628 abjiciens
2755 2565 2822 2610 se
2851 2538 2918 2607 ad

395 2636 600 2722 pedes
637 2635 809 2702 beati
849 2636 1009 2711 Viri,
1055 2635 1417 2702 Dominum
1448 2634 1906 2702 confitebatur
1940 2632 2321 2700 mirabilem
2365 2632 2431 2698 in
2462 2635 2724 2700 sanctis
2760 2630 2917 2700 suist

394 2724 805 2808 donavitque
841 2735 1075 2790 sancto
1120 2723 1339 2812 vigori
1378 2722 1631 2800 locum,
1679 2723 1795 2806 qui
1829 2722 2205 2789 Cerisiacus
2239 2720 2517 2798 dicitur,
2563 2722 2685 2807 qui
2721 2721 2786 2787 iu
2815 2719 2924 2786 cir-

396 2813 584 2880 cuitu
621 2812 831 2879 ferme
865 2813 1168 2898 quinque
1208 2823 1273 2879 et
1314 2811 1554 2900 viginti
1601 2809 1860 2878 viculos
1899 2810 2160 2877 habuit.

480 2903 516 2984 ,8
565 2907 647 2970 5.
708 2899 893 2968 Alius
940 2902 1141 2968 etiam
1194 2922 1476 2987 serpens
1524 2900 1685 2966 exiit
1716 2923 1751 2966 e
1786 2898 1953 2976 locu,
1998 2920 2200 2983 quem
2241 2897 2490 2965 Cellam
2530 2898 2918 2966 nominant:

394 2990 511 3058 sed
558 2989 751 3057 illum
794 3010 1065 3075 quoque
1108 2991 1217 3057 Vir
1254 2992 1489 3058 beatus
1530 2988 1938 3078 profligavit.
1988 2987 2110 3055 Sed
2164 3001 2227 3054 et
2276 2988 2458 3074 apud
2500 2992 2921 3055 Camcronem

398 3092 585 3147 trans
643 3077 886 3145 fretum
948 3078 1129 3146 alius
1182 3078 1392 3146 mirae
1453 3077 1957 3169 magnitudinis
2003 3097 2346 3163 egressuS‚
2402 3076 2666 3143 audivit
2715 3098 2753 3143 a
2794 3075 2927 3141 Viro

399 3168 551 3235 Dei:
609 3189 642 3232 «
678 3167 1025 3256 Praecipio
1077 3167 1192 3236 tibi
1246 3167 1477 3247 draco,
1536 3189 1620 3234 ne
1670 3166 1960 3233 humum
2001 3165 2329 3253 deinceps
2362 3165 2687 3252 attinga5‚
2730 3181 2928 3248 neque

396 3255 519 3324 ulli
581 3256 844 3324 homini
907 3263 1413 3324 nocereausus
1472 3255 1611 3335 sis;
1659 3277 1693 3320 »
1744 3269 1947 3339 atque
2000 3255 2084 3321 ita
2141 3275 2294 3321 mox
2348 3252 2459 3320 ille
2503 3275 2826 3342 praeceps
2874 3252 2925 3314 in

398 3366 583 3413 mare
627 3347 785 3412 ruit.
842 3349 976 3412 Has
1023 3346 1109 3414 ob
1143 3367 1415 3423 causaS‚
1454 3367 1530 3412 ea
1562 3365 1741 3431 quae
1789 3344 2116 3421 diximuS‚
2161 3342 2435 3431 praedia
2475 3343 2587 3408 Vir
2630 3342 2735 3408 liei
2769 3341 2930 3408 dono

394 3433 679 3522 accepit.
737 3437 936 3500 Fama
989 3447 1211 3501 autem
1251 3434 1576 3502 virtutum
1616 3433 1764 3521 ejus
1798 3433 1863 3500 in
1899 3432 2046 3500 dies
2079 3444 2510 3517 augescente,
2551 3454 2709 3498 cum
2747 3453 2782 3497 e
2815 3429 2926 3494 vita

395 3523 677 3592 abiisset
724 3523 1111 3608 Bajocensis
1158 3521 1453 3590 civitatis
1513 3523 1891 3609 Episcopus
1923 3576 1938 3601 ‚
2004 3521 2238 3589 Clarus
2274 3520 2502 3587 omnis
2541 3533 2606 3588 et
2651 3517 2931 3608 populus

399 3625 713 3680 sanctum
762 3613 1068 3710 Vigorem
1125 3609 1257 3678 sibi
1322 3611 1510 3700 petiit
1561 3611 2001 3699 Episcopum.
2060 3610 2169 3677 Dei
2220 3631 2380 3696 ergo
2431 3622 2602 3676 nutu
2656 3624 2720 3676 et
2772 3603 2930 3674 mul·

399 3714 620 3768 torum
676 3699 1081 3768 Pontificum
1136 3699 1362 3768 favore
1412 3701 1790 3784 Episcopus
1839 3699 2201 3766 ordinatus
2247 3712 2370 3765 est.
2427 3701 2586 3764 Eam
2635 3719 2789 3763 vero
2836 3692 2928 3760 di·

398 3789 777 3878 gnitatem.
836 3789 1162 3857 virtutum
1229 3789 1481 3856 studiis
1549 3789 2026 3872 bonorumque
2096 3787 2404 3853 omnium
2465 3785 2931 3853 exercitatione

397 3879 685 3946 ornavit.
742 3883 902 3946 Nam
948 3877 1272 3966 deinceps
1320 3899 1597 3965 operam
1634 3877 1844 3952 dedit,
1901 3890 1974 3944 ut
2013 3875 2232 3961 magis
2285 3875 2639 3964 magisque
2693 3892 2927 3962 purum

402 3966 685 4034 Domino
716 3966 1062 4034 exhiberet
1114 3966 1551 4044 famulatum,
1590 3966 1701 4033 die
1737 3980 2077 4050 noctuque
2118 3963 2428 4050 jejuniis,
2473 3963 2750 4050 vigiliis,
2790 3980 2929 4027 ora·
2973 4001 2974 4010 κ

400 4054 727 4132 tionibu5‚
766 4055 1022 4122 divinis
1054 4054 1463 4124 lectionibus
1495 4069 1560 4123 et
1594 4055 2047 4122 concionibus
2084 4073 2351 4119 vacans.
2394 4056 2484 4119 Ea
2522 4062 2924 4139 tempestate.

395 4165 555 4210 cum
613 4150 696 4210 ad
741 4143 1292 4212 concionandum
1349 4145 1518 4222 iret,
1586 4144 1766 4211 venit
1819 4145 1883 4209 in
1934 4155 2256 4219 montem,
2298 4142 2412 4224 qui
2460 4154 2602 4208 tum
2662 4137 2926 4224 quidem

400 4232 714 4301 Phoenus
764 4233 1267 4322 appellabatur,
1326 4255 1513 4301 nunc
1559 4245 1786 4300 autem
1841 4231 2267 4299 Chrismatus
2300 4229 2578 4307 dicitur,
2621 4222 2928 4319 milliario
2973 4299 2974 4310 ἵ

399 4330 538 4387 u‘no
577 4322 664 4388 ab
697 4322 888 4388 urbe.
938 4327 1010 4389 In
1062 4343 1141 4389 eo
1184 4339 1410 4389 monte
1441 4337 1586 4388 erat
1621 4341 1816 4388 saxea
1869 4318 2127 4406 effigies
2167 4317 2517 4397 mulieris,
2568 4338 2770 4403 qnam
2813 4313 2924 4408 luci
2973 4397 2974 4408 ἵ

394 4410 545 4495 ejus
594 4409 858 4478 incolae
898 4422 1245 4496 tamquam
1282 4431 1556 4490 sacrum
1593 4410 1924 4496 quiddam
1962 4407 2299 4476 colebant.
2340 4412 2649 4492 Cumque
2686 4407 2791 4472 Vir
2824 4406 2923 4468 Det
