2993 4837
528 273 654 335 226
1285 290 1361 334 ns
1411 291 1464 334 s.
1519 287 1758 334 canoto
1808 287 2140 335 nonnoneo
2691 271 2840 335 Nov.

441 395 614 443 usus
648 373 716 441 in
753 372 1291 461 Quadragesima
1341 372 1625 453 ratione,
1663 371 2002 462 gradatim
2052 372 2121 440 in
2158 374 2514 463 angustias
2544 394 2682 442 sese
2709 373 2858 442 ficuu
2894 407 2917 434 ψ-
2955 454 2956 461 ¹

437 461 815 540 aridarum,
856 460 1395 551 lupinorumque
1442 460 1778 530 deducere
1817 462 2105 531 curavit.
2158 460 2459 531 Alterum
2495 460 2824 550 adjument
2955 514 2956 553 3

436 549 587 630 fuit,
626 548 807 637 quod
843 569 1019 636 quae
1053 549 1262 619 semel
1314 562 1731 640 susceperat,
1769 549 1859 618 ita
1893 562 2285 619 constanter
2317 550 2608 629 tenebat,
2651 563 2721 619 ut
2751 572 2854 635 neq
2955 602 2956 641 Ξ

437 639 689 718 labore,
730 659 947 725 neque
980 637 1561 717 incommoditate,
1601 660 1822 725 neque
1852 637 2184 719 humano,
2226 638 2647 709 diabolicove
2672 637 2891 728 impul
2953 700 2957 714 .

436 727 522 797 ab
555 726 641 796 iis
671 725 921 796 deduci
956 738 1235 817 posset:
1290 726 1573 816 plurimi
1607 727 1791 796 enim
1830 749 2073 816 parum
2129 749 2538 886 firogressus
2573 726 2805 796 idcirco
2846 756 2901 788 n:-
2954 728 2956 732 ‘

436 817 597 885 bere
646 815 963 886 videntur
1010 817 1078 884 in
1129 815 1234 884 via
1270 815 1536 896 salutiS,
1581 814 1762 903 quod
1806 814 2040 885 leviter
2086 839 2120 884 a
2222 816 2537 887 instituto
2585 816 2808 885 dessect
2864 844 2889 874 n

436 903 873 992 quotidieque
909 925 1081 973 nova
1125 904 1469 974 ordientes
1500 958 1515 986 ,
1569 903 1742 972 nihil
1783 904 1869 972 ad
1920 904 2177 974 exitum
2227 904 2655 993 perducunt;
2695 904 2895 975 omni·
2955 958 2956 983 ;

439 993 614 1062 mira
647 993 887 1073 inerat,
929 993 1038 1062 his
1072 992 1467 1083 praesertim
1503 991 1948 1082 temporibus,
1982 994 2308 1094 patientia
2348 993 2642 1075 inediae,
2681 992 2893 1079 vigili
2955 994 2956 1087 g

438 1080 700 1153 assidui
735 1080 1011 1162 laboris,
1037 1081 1351 1151 omnium
1385 1081 1705 1168 denique,
1736 1103 2202 1172 corporiquae
2233 1093 2394 1152 sunt
2418 1081 2856 1152 incommoda:
2955 1172 2956 1175 Ἴ

437 1169 741 1251 demum,
797 1192 931 1239 non
983 1191 1103 1260 pro
1149 1170 1298 1257 ejus
1327 1170 1658 1260 appetitu,
1691 1181 1755 1239 et
1789 1192 1873 1239 nc
1915 1192 2034 1261 pro
2069 1194 2203 1241 usu
2242 1170 2527 1258 quidem
2568 1193 2830 1241 necessa
2860 1170 2873 1181 '

440 1258 553 1327 sed
599 1280 722 1349 pro
755 1281 920 1328 occu
976 1258 1280 1328 ationum
1316 1259 1846 1349 opportunitate,
1878 1271 1942 1327 et
1976 1281 2099 1349 pro
2133 1281 2259 1329 suo
2291 1259 2596 1346 denique
2623 1260 2909 1332 arbitra-²
2955 1316 2956 1321 η

441 1347 712 1437 corpori
760 1347 924 1416 satis
956 1368 1148 1416 acere
1188 1346 1550 1416 videretur.
1591 1348 1856 1425 Cibum,
1895 1347 1956 1416 si
1994 1346 2295 1417 officium
2341 1348 2689 1427 divinum,
2726 1347 2812 1417 vel
2842 1348 2892 1414 h

440 1457 724 1505 manum
778 1437 869 1505 ita
906 1434 1316 1524 postularet,
1370 1435 1554 1522 quod
1589 1436 1942 1506 eveniebat
1989 1436 2573 1524 frequentissime,
2621 1451 2752 1507 tam
2785 1435 2888 1504 fac
2955 1490 2956 1499 ,

439 1523 794 1593 differebat
824 1524 892 1593 in
929 1524 1133 1593 horas
1151 1523 1439 1680 ssplures,
1482 1545 1688 1611 quam
1734 1524 1912 1596 alius
1947 1546 2086 1594 rem
2122 1524 2503 1612 quamlibet
2540 1526 2895 1595 levissima
2955 1528 2956 1534 ’

440 1626 507 1683 at
558 1625 794 1682 contra
844 1613 1046 1681 etiam
1106 1634 1143 1681 o
1199 1613 1313 1681 mii
1369 1617 1618 1682 caussa
1682 1626 1951 1703 tempus
1998 1627 2403 1684 consuetum
2462 1614 2901 1703 praeveniet„r
2955 1614 2956 1677 ἶ

439 1702 818 1770 amicorum
854 1701 1313 1791 flagitantium
1350 1702 1572 1791 gratia
1620 1701 1882 1783 vinum,
1921 1724 2340 1790 carnemque
2372 1702 2820 1781 admittebat;
2871 1731 2889 1760 ν.
2954 1702 2957 1777 f

438 1792 507 1859 in
552 1789 662 1859 die
693 1789 1108 1877 quandoque
1140 1789 1423 1859 edebat:
1475 1812 1897 1877 quamquam
1936 1813 2071 1860 non
2115 1792 2207 1861 ita
2245 1791 2446 1861 facile
2476 1806 2783 1862 extremo
2813 1790 2857 1857 vi
2955 1794 2956 1799 ’

442 1890 788 1969 tempore:
844 1890 983 1947 tum
1036 1879 1217 1948 enim
1257 1880 1525 1968 gravari
1568 1900 1638 1947 se
1686 1879 2140 1962 vehementer,
2185 1893 2250 1949 et
2287 1880 2487 1967 quasi
2532 1880 2714 1951 febri
2751 1893 2842 1951 ten
2876 1908 2894 1938 ζε

440 1966 797 2047 sentiebat,
846 1967 902 2037 si
955 1968 1196 2037 amicis
1246 1969 1314 2036 in
1357 1989 1435 2037 eo
1482 1988 1729 2058 genere
1766 1968 2053 2057 obsequi
2101 1982 2487 2039 conaretur.
2549 1970 2685 2040 Sed
2733 1967 2893 2038 Brix
2955 2034 2956 2047 ,

440 2056 739 2125 vidimus
769 2111 785 2138 ,
846 2078 1003 2126 cum
1056 2056 1140 2126 ad
1201 2078 1356 2126 eum
1401 2055 1650 2144 hospes
1704 2056 1805 2125 vir
1846 2057 2165 2148 princeps
2207 2059 2548 2141 venisset,
2607 2058 2716 2129 bis
2763 2059 2821 2127 in
2867 2061 2899 2118 ιῐ
2955 2060 2956 2065 ’

438 2166 596 2213 cum
662 2167 739 2214 eo
799 2147 1247 2225 accumbere,
1303 2144 1678 2231 cibumque
1731 2145 2203 2235 promiscuum
2239 2200 2255 2226 ,
2308 2147 2512 2215 etiam
2562 2146 2820 2238 vesperi
2862 2166 2897 2182 “

440 2255 664 2311 mere,
725 2255 885 2302 cum
954 2246 1174 2302 tamen
1242 2233 1441 2324 longe
1500 2245 1651 2323 post
1715 2233 2066 2304 meridiem
2134 2257 2214 2304 ne
2267 2236 2568 2305 otiorum
2631 2251 2956 2306 commu·¹

441 2322 827 2412 pranderet.
869 2323 1133 2404 Quibus
1163 2320 1408 2392 diebus
1444 2343 1691 2410 panem
1727 2322 1948 2392 solum
1981 2322 2232 2392 adhibe
2283 2337 2372 2404 at,
2410 2326 2750 2412 quoniam
2790 2346 2878 2405 ae

442 2410 877 2481 mandentem
918 2409 1181 2481 diutius
1215 2410 1504 2480 detineri
1540 2433 1813 2482 necesse
1844 2425 2009 2495 erat,
2048 2411 2258 2483 edens
2293 2412 2657 2505 supplices
2696 2410 2860 2483 libell
2891 2458 2905 2467 --

438 2514 557 2570 aut
605 2498 928 2588 epistolas
963 2499 1391 2589 inspiciebat,
1447 2523 1525 2570 ac
1575 2501 2024 2582 subnotabat,
2076 2501 2178 2571 vel
2230 2501 2363 2570 alia
2399 2502 2701 2592 legebat,
2739 2513 2800 2571 et
2839 2522 2884 2567 m

438 2588 808 2658 ditabatur.
867 2591 1029 2656 Cum
1073 2603 1448 2678 rogaretur,
1490 2600 1565 2658 ut
1611 2611 1815 2676 quam
1870 2589 2152 2671 biberet,
2196 2591 2345 2681 ejus
2394 2613 2623 2678 aquae
2676 2603 2877 2660 natur

346 2715 350 2725 -
438 2675 677 2745 saltem
727 2675 959 2775 aliquo
1010 2677 1208 2747 modo
1250 2677 1447 2748 vellet
1496 2679 1907 2768 temperari,
1962 2678 2247 2748 delicias
2295 2679 2658 2769 respondit
2699 2681 2766 2749 in
2803 2700 2883 2747 ex·

438 2765 756 2834 citatione
806 2765 1170 2854 patientiae
1205 2768 1489 2837 minime
1525 2766 1974 2854 quaerendem,
2015 2789 2161 2837 sese
2194 2767 2350 2837 vino
2394 2769 2634 2858 potius
2668 2788 2832 2839 usur
2882 2780 2917 2821 -··“

439 2853 679 2922 Cibum
714 2866 777 2923 et
813 2864 1045 2942 potum
1082 2854 1171 2925 ita
1205 2855 1542 2938 sumebat,
1581 2869 1654 2924 ut
1690 2854 1859 2924 nihil
1902 2868 2177 2946 gustare
2227 2855 2614 2939 videretur,
2663 2879 2786 2926 nec
2816 2875 2853 2943 q
2883 2872 2917 2913 22⁵

442 2955 700 3011 reretur
748 2964 1077 3029 unquam.
1119 2942 1220 3012 vel
1254 2943 1488 3013 datu'm
1541 2943 1797 3031 aliquid
1849 2943 2028 3031 quod
2075 2944 2304 3027 nollet,
2343 2944 2445 3014 vel
2487 2967 2698 3016 secus
2733 2945 2852 3013 fact
2902 2990 2906 2993 -

439 3053 516 3100 ac
566 3030 804 3112 vellet,
862 3031 993 3099 nisi
1034 3032 1199 3121 quid
1252 3032 1421 3101 forte
1470 3031 1720 3101 melius
1765 3054 1914 3103 esse
1955 3035 2274 3115 sentiret,
2334 3055 2546 3134 quam
2600 3033 2805 3104 ferret
2874 3028 2918 3128 '‚

441 3120 784 3210 proposita
835 3118 1145 3190 durities.
1202 3121 1297 3190 Ad
1353 3142 1430 3190 ea
1468 3142 1643 3207 quae
1699 3120 2102 3211 legebantur
2153 3122 2405 3202 edenti,
2462 3135 2607 3191 tum
2667 3125 2810 3214 ipse
2848 3118 2917 3188 fu-

438 3221 735 3279 attentus
791 3208 1124 3289 maxime,
1181 3220 1323 3279 tum
1374 3223 1636 3279 exteros
1690 3230 1827 3299 quo
1877 3233 1962 3280 ue
2009 3233 2168 3281 cum
2218 3233 2296 3281 eo
2344 3212 2831 3282 accumbentes
2867 3229 2919 3306 ⁸:

439 3310 657 3367 tentos
699 3296 915 3366 facere
964 3296 1206 3367 solitus
1252 3311 1385 3379 est,
1439 3297 1524 3367 de
1561 3321 1640 3367 eo
1686 3320 1822 3385 quo
1919 3298 2241 3368 audiebat
2290 3298 2669 3370 identidem
2722 3299 2846 3383 aliq
2901 3302 2935 3355 :'

438 3387 719 3467 dicenS,
773 3385 859 3455 ad
914 3386 1227 3475 pietatem
1277 3387 1703 3457 excitandam
1735 3442 1750 3468 ,
1803 3386 1886 3456 de
1918 3387 2073 3457 cibo
2122 3410 2299 3469 ver0,
2341 3387 2443 3457 vel
2486 3402 2660 3489 potu
2708 3385 2846 3459 null
2901 3418 2919 3453 'j

438 3476 712 3566 penitus
758 3497 1066 3562 unquam
1118 3477 1423 3546 verbum.
1478 3479 1736 3566 Corpus
1787 3497 1922 3545 non
1979 3477 2374 3558 exercebat,
2444 3477 2581 3546 nisi
2642 3487 2846 3565 quant
2899 3502 2941 3541 ιν.

440 3564 767 3645 muneris,
805 3563 1155 3652 pietatisve
1185 3565 1355 3634 ratio
1383 3564 1778 3665 postularet:
1809 3565 1878 3633 in
1913 3586 2051 3653 quo
2081 3588 2216 3636 non
2247 3564 2668 3635 valetudinis
2696 3562 2905 3635 modu

437 3653 864 3743 respiciebat,
905 3652 1020 3721 sed
1058 3675 1284 3723 rerum
1328 3652 1719 3723 divinarum
1752 3653 2017 3722 ardenti
2057 3654 2285 3724 studio
2318 3653 2691 3724 ferebatur.
2730 3658 2941 3723 Somt·

435 3743 741 3831 quinque
794 3741 996 3810 horas
1035 3740 1241 3811 dabat
1279 3741 1347 3810 in
1406 3741 1654 3812 lectulo
1712 3741 1827 3811 illo
1885 3765 2010 3812 suo
2062 3743 2359 3833 paleato,
2425 3756 2490 3812 et
2535 3741 2934 3812 cannabino·

435 3852 636 3921 saepe
684 3830 913 3912 etiam,
969 3830 1025 3899 si
1067 3853 1242 3920 opus
1294 3843 1481 3911 erat,
1540 3830 1813 3900 brevius
1862 3830 2159 3921 spatium
2190 3886 2208 3910 ,
2267 3852 2769 3919 nonnunquam
2817 3831 2852 3897 b
2892 3852 2901 3863 ·

433 3921 821 4000 vissimum,
876 3930 941 3988 et
980 3919 1047 3987 in
1099 3918 1266 3988 sella
1325 3919 1556 4007 aliqua
1614 3919 2032 3989 collocatus:
2086 3921 2204 4007 qui
2248 3919 2401 3991 aliis
2450 3934 2676 3989 tamen
2731 3919 2934 3987 huma·

435 4009 766 4078 nissimus
814 4013 1008 4078 Pater
1056 4007 1502 4098 indulgebat,
1569 4009 1625 4079 si
1664 4021 1891 4079 essent
1939 4008 2464 4090 imbecillioreS,
2520 4021 2597 4078 ut
2643 4019 2806 4084 octo,
2854 3997 2938 4070 vel

436 4097 636 4166 etiam
692 4119 927 4165 novem
980 4097 1261 4178 darent3
1316 4119 1614 4184 cumque
1647 4098 1795 4188 ejus
1825 4096 2187 4168 familiaris
2222 4110 2549 4179 narraret,
2602 4092 2928 4184 cujusdam

436 4206 568 4253 non
614 4186 935 4274 ignobilis
968 4208 1192 4254 rerum
1228 4185 1690 4275 spiritualium
1728 4186 2037 4275 magistri
2080 4188 2435 4267 sententia,
2476 4197 2728 4277 septem
2763 4182 2928 4250 horas

437 4295 604 4343 sano
657 4275 923 4362 corpori
977 4274 1258 4343 concedi
1320 4296 1555 4364 posse:
1618 4298 1652 4340 «
1707 4274 1789 4343 de
1839 4273 2217 4365 Episcopis‚
2278 4276 2539 4362 inquit,
2607 4296 2735 4344 non
2795 4279 2926 4358 puto

439 4361 767 4432 locutum.
816 4385 850 4427 »
905 4366 1065 4430 Ante
1124 4362 1341 4432 lucem
1396 4363 1716 4454 surgebat
1774 4385 2087 4453 semper3
2142 4363 2226 4445 ad
2278 4385 2597 4434 somnum
2649 4360 2922 4434 utebatur
