2993 4837
545 282 632 345 90
801 277 808 283 ’
1177 296 1255 342 oa
1301 291 1358 341 S.
1412 293 1732 342 narseum
1782 295 1880 340 ar.
1937 293 2276 341 mammas:
2701 273 2919 340 nom

451 381 843 453 extenderet
884 402 1192 449 manum.
1247 384 1412 450 Nam
1462 394 1528 450 et
1577 381 1636 449 is
1680 400 1975 466 quoque,
2027 378 2145 466 qui
2199 389 2407 467 caput
2457 376 2738 447 malitiae
2784 376 2956 446 vide·

453 470 680 548 batur,
736 470 1037 558 assurgit
1069 470 1128 538 ei
1182 468 1431 558 potius,
1470 489 1678 556 quam
1723 467 2045 559 insurgit.
2101 472 2229 536 Res
2283 465 2492 536 mira!
2561 487 2774 557 pacem
2813 465 2928 534 offe

456 571 642 640 runt,
695 558 815 646 qui
854 579 1083 628 necem
1124 570 1552 647 paraverant.
1603 562 1743 627 Non
1794 568 1919 637 est,
1977 554 2160 643 quod
2204 554 2488 632 abnuat,
2539 554 2654 642 qui
2699 565 2759 623 et
2797 552 2927 623 vitae

459 648 766 739 periculo
804 646 1189 734 quaesierat
1237 668 1414 715 eam.
1476 651 1711 733 [taque
1759 644 1936 714 facta
1989 657 2090 715 est
2127 666 2275 734 pax,
2327 658 2393 712 et
2440 657 2574 711 tam
2640 642 2840 722 firma,
2875 653 2930 712 ut

457 737 544 806 ab
580 736 696 806 illa
745 736 857 804 die
912 735 1171 805 hostem
1225 735 1543 805 sacerdos
1593 756 1726 805 non
1783 733 1985 803 modo
2036 745 2352 823 pacatum
2433 731 2781 812 habuerit,
2845 728 2932 801 sd

460 824 842 905 subditum,
887 824 1002 894 sed
1041 822 1385 894 devotum.
1431 829 1578 906 Quo
1625 822 1885 902 audito,
1948 821 2185 891 fideles
2231 821 2489 909 quique
2536 821 2742 911 gavisi
2790 831 2930 900 sunt.

456 914 639 1001 quod
695 935 828 983 non
873 913 1074 983 modo
1108 912 1410 982 salvatus
1451 912 1538 982 sit
1597 911 1883 1002 sanguis
1928 912 2252 981 innoxius
2288 909 2354 978 in
2406 909 2517 978 die
2564 909 2702 990 illa,
2760 906 2856 977 sed
2889 917 2938 976 at

461 1003 857 1160 pocentium
895 1002 1267 1072 multorum
1312 1001 1610 1083 animae,
1657 999 2029 1070 Malachiae
2078 999 2339 1068 meritis
2387 999 2719 1068 evaserint
2747 996 2938 1067 ads}-

491 1104 700 1161 utem.
1266 1134 1283 1156 .
2439 1155 2440 1158 ¹

551 1187 589 1262 ἓ
639 1184 786 1252 18.
840 1178 962 1249 His
1006 1178 1094 1248 ita
1150 1178 1462 1269 peractiS,
1523 1177 1748 1267 coepit
1786 1177 1929 1265 jam
1985 1177 2050 1244 in
2109 1176 2378 1260 civitate
2427 1176 2797 1265 Episcopus
2841 1185 2940 1244 iou

461 1267 771 1338 libertate
808 1267 1172 1359 disponere
1203 1281 1269 1338 et
1297 1266 1617 1337 ordinare
1648 1266 1735 1335 de
1765 1264 2091 1335 omnibus
2127 1265 2628 1354 pertinentibus
2674 1262 2755 1332 ad
2787 1259 2942 1331 mini-

461 1357 747 1426 sterium
807 1379 1038 1437 suum,
1083 1378 1216 1426 non
1268 1369 1494 1426 tamen
1548 1357 1695 1426 sine
1743 1355 2072 1424 continuo
2130 1353 2530 1425 discrimine
2584 1353 2758 1422 vitae

461 1451 627 1515 Nam
677 1445 803 1515 etsi
844 1445 988 1533 jam
1029 1466 1253 1527 nemo,
1293 1444 1456 1532 quia
1507 1444 1732 1536 palam
1774 1454 2065 1522 noceret,
2111 1442 2199 1513 ab
2247 1441 2742 1512 insidiantibus
2769 1451 2947 1508 ιι-..ι

463 1533 810 1605 nec-locus
851 1533 1017 1604 satis
1058 1546 1247 1605 tutus
1296 1534 1632 1624 Episcopo
1676 1545 1845 1614 erat,
1885 1554 2008 1603 nec
2057 1543 2333 1622 tempus
2381 1530 2726 1600 feriatum.
2766 1533 2836 1598 Et
2873 1558 2917 1587 ··-

461 1623 680 1713 putati
714 1634 876 1692 sunt
921 1622 983 1691 ei
1035 1623 1158 1691 viri
1191 1621 1434 1693 armati
1463 1623 1547 1691 ad
1597 1621 1979 1692 custodiam
2030 1619 2142 1689 die
2181 1634 2248 1690 et
2281 1632 2498 1690 nocte:
2534 1618 2656 1688 sed
2708 1617 2815 1687 ille
2842 1637 2925 1683 -ι

460 1711 570 1802 gis
618 1712 685 1780 in
744 1710 1026 1781 Domino
1056 1711 1465 1781 confidebat.
1522 1710 1673 1780 Fuit
1719 1732 1875 1780 vero
1921 1708 2318 1790 consilium,
2358 1707 2738 1799 praefatum
2784 1704 2929 1775 sefi-

465 1801 793 1870 maticum
846 1799 1140 1887 insequi,
1192 1821 1271 1870 eo
1324 1800 1509 1887 quod
1553 1798 1905 1869 seduceret
1962 1787 2215 1867 mult&
2260 1819 2340 1866 ex
2388 1796 2782 1897 insignibus
2820 1806 2941 1881 (μ’

460 1887 741 1970 ferebat,
772 1887 1075 1959 suadens
1102 1888 1429 1959 omnibus
1463 1887 1875 1979 Episcopum
1903 1907 2052 1956 esse
2083 1886 2353 1967 debere,
2394 1898 2458 1956 et
2498 1906 2596 1955 sic
2622 1883 2945 1956 sollicita·-

465 1975 702 2068 plebes
748 1976 1079 2047 adversus
1149 1977 1581 2057 Malachiam,
1637 1988 1840 2064 atque
1905 1975 2244 2044 Ecclesiae
2297 1974 2664 2046 unitatem.
2718 1978 2793 2043 Et

463 2067 589 2148 sic,
642 2079 707 2136 et
739 2066 888 2135 sine
935 2065 1337 2137 difficultate
1379 2067 1469 2135 ita
1513 2066 1580 2133 in
1624 2064 1811 2136 brevi
1835 2065 2194 2134 universas
2225 2085 2299 2132 se
2351 2063 2471 2134 ivit
2518 2062 2668 2132 vias
2704 2063 2844 2151 ejus
2882 2074 2923 2119 ιί

463 2154 754 2246 gratiam
813 2155 945 2225 sibi
994 2178 1031 2225 a
1083 2156 1371 2224 Domino
1425 2153 1684 2235 datam,
1748 2165 1814 2223 et
1857 2175 2064 2241 quam
2119 2152 2293 2224 habe
2343 2167 2412 2221 at
2467 2152 2550 2222 ad
2599 2172 2890 2229 omne-ss
2942 2148 2949 2157 “

464 2243 817 2336 malignus
867 2243 980 2313 ille
1026 2255 1306 2399 coassus
1353 2242 1442 2313 sit
1477 2242 1643 2312 dare
1679 2233 1951 2321 manus,
2009 2240 2291 2310 reddere
2332 2240 2663 2342 insignia,
2708 2251 2771 2310 et
2810 2233 2932 2326 qu*-¹

463 2354 653 2403 scere
700 2332 785 2401 de
834 2332 953 2402 reli
1008 2354 1098 2402 uo
1157 2354 1175 2400 i
1278 2331 1466 2401 omni
1531 2330 1977 2423 subjectione.
2048 2334 2144 2400 lta
2214 2329 2618 2409 MalachiaS,
2676 2329 2825 2398 licet
2885 2358 2923 2384 ι-

465 2422 681 2492 multa
731 2422 964 2512 pericu
997 2443 1038 2491 a
1066 2433 1131 2490 et
1166 2421 1455 2502 laboreS,
1505 2420 2039 2511 prosperabatur
2077 2420 2143 2487 in
2183 2418 2352 2499 dies,
2391 2430 2459 2488 et
2488 2416 2951 2488 confortabam

464 2509 688 2601 magis
735 2532 814 2579 ac
847 2510 1090 2601 magiS,
1143 2509 1511 2580 abundans
1550 2510 1619 2578 in
1660 2531 1781 2600 spe
1826 2522 1892 2578 et
1936 2508 2183 2579 virtute
2230 2507 2527 2598 Spiritus
2576 2506 2934 2577 Sancti....‘.

551 2601 589 2686 ἓ
637 2601 776 2671 14.
853 2599 1074 2689 Igitur
1132 2598 1502 2668 Malachias
1569 2598 1748 2667 intra
1809 2597 2179 2667 triennium
2247 2595 2508 2666 reddita
2561 2595 2929 2666 retributis*

466 2686 811 2777 superbis,
847 2699 913 2756 et
952 2687 1259 2757 libertate
1293 2686 1633 2757 Ecclesiae
1668 2686 1999 2767 restituta,
2045 2684 2246 2776 pulsa
2296 2686 2635 2765 barbarie,
2692 2697 2758 2754 et
2801 2678 2901 2753 res·

465 2776 667 2845 matis
686 2774 946 2863 ubique
985 2776 1295 2846 moribus
1324 2775 1746 2846 Christianae
1785 2774 2163 2865 religionis,
2196 2773 2433 2844 videns
2461 2773 2701 2843 omnia
2735 2773 2804 2841 in
2830 2793 2921 2862 p

463 2884 635 2945 esse,
680 2865 903 2954 coepit
933 2865 1231 2955 cogitare
1276 2864 1361 2934 de
1408 2885 1537 2935 sua
1587 2885 1774 2954 pace.
1831 2868 1906 2932 Et
1955 2884 2219 2933 memor
2268 2862 2597 2954 propositi
2660 2861 2794 2943 sui,
2853 2889 2945 2918 m-

466 2952 685 3021 stituit
733 2972 857 3054 pro
906 2974 976 3022 se
1023 2953 1367 3024 Gelasium
1423 2953 1642 3021 virum
1706 2953 1964 3023 bonum
2001 3006 2016 3033 ,
2082 2963 2147 3022 et
2205 2950 2496 3042 dignum
2541 2950 2660 3021 tali
2707 2952 2864 3021 hon·
2913 2991 2956 3002 ν·

465 3042 1030 3111 convenientibus
1074 3042 1255 3113 clero
1287 3055 1354 3112 et
1395 3040 1671 3133 populo,
1709 3041 1878 3129 quin
1915 3041 2146 3130 potius
2184 3040 2689 3111 sustinentibus
2737 3059 2878 3131 pro·
2905 3047 2956 3130 ’ἦ

518 3143 774 3200 actum.
828 3136 991 3200 Nam
1042 3130 1215 3202 alias
1260 3131 1514 3201 durum
1569 3130 1790 3200 visum
1839 3129 2146 3200 omnino.
2181 3133 2328 3212 Quo
2355 3143 2775 3209 consecrato,
2812 3132 2914 3204 Ra:

467 3152 736 3306 busque
767 3241 847 3289 ac
897 3220 1331 3322 principibus
1377 3218 1706 3289 attentius
1751 3217 2253 3298 commendato,
2320 3217 2757 3309 ipseclarus
2803 3214 2882 3282 mi
2923 3255 2956 3264 --

466 3308 648 3378 culis
695 3321 760 3378 et
816 3309 1214 3398 triumphis,
1265 3308 1349 3377 ad
1411 3329 1606 3377 suam
1662 3306 2060 3398 parochiam
2108 3306 2322 3376 reditt
2377 3328 2511 3378 non
2568 3320 2789 3376 tamen
2884 3327 2953 3362 ···

369 3396 381 3408 ⁸
468 3397 748 3467 nereth:
793 3410 859 3467 et
904 3396 1064 3467 audi
1102 3418 1381 3467 causam
1434 3395 1717 3487 dignam
1773 3395 2015 3466 relatu.
2061 3394 2398 3466 Dioecesis
2432 3395 2550 3465 illa
2591 3393 2769 3465 duas
2799 3391 2956 3460 sert

466 3485 795 3556 habuisse
843 3485 1226 3574 antiquitus
1275 3484 1713 3575 Episcopales
1761 3483 1978 3566 sedes,
2032 3499 2097 3554 et
2149 3483 2326 3555 duos
2387 3483 2688 3553 extitisse
2739 3481 2852 3571 Epi
2896 3507 2932 3536 ιι

466 3587 691 3676 patus.
734 3573 809 3643 m
860 3574 1081 3643 visum
1138 3573 1384 3643 melius
1425 3573 1818 3643 Malachiae.
1861 3577 2097 3661 Itaque
2135 3593 2310 3660 quos
2354 3572 2640 3642 ambitio
2690 3569 2945 3640 conflant

466 3686 533 3732 in
586 3685 833 3744 unum,
893 3662 1262 3733 Malachias
1313 3663 1648 3733 revocavit
1705 3661 1771 3731 in
1832 3661 2050 3744 duoS,
2105 3674 2365 3752 partem
2436 3660 2627 3731 alteri
2678 3659 2951 3751 Episcov

463 3751 742 3832 cedens,
799 3764 1057 3842 partem
1095 3752 1395 3822 retinens
1435 3751 1591 3821 sibi.
1638 3755 1715 3820 Et
1763 3765 2121 3841 propterea
2165 3771 2299 3819 non
2352 3750 2535 3819 venit
2583 3742 2928 3818 connereth

513 3842 646 3910 uod
704 3842 769 3909 in
815 3864 891 3912 ea
924 3841 1069 3931 jam
1116 3841 1528 3932 Episcopum
1576 3838 2006 3922 ordinasset,
2061 3839 2175 3909 sed
2231 3843 2504 3908 Dunum
2558 3860 2631 3908 se
2677 3830 2934 3907 contulit

518 3930 960 4000 isterminans
1042 3929 1380 4011 arochias,
1435 3927 1614 3998 sicut
1664 3929 1728 3996 in
1781 3926 2027 3999 diebus
2065 3928 2394 4016 antiquis.
2447 3931 2499 3998 Ο
2550 3946 2795 4019 purum
2840 3866 2959 4022 cori

467 4021 519 4088 Ο
569 4018 844 4088 oculum
912 4040 992 4088 co
1024 4019 1433 4089 umbinuml
1480 4022 1730 4086 Locum
1784 4018 2064 4087 tradidit
2120 4039 2295 4087 novo
2357 4016 2852 4107 Episcopo‚·qui
2894 4026 2959 4072 vt*

468 4106 749 4175 deretur
800 4109 1124 4197 paratior,
1185 4106 1636 4199 principalior
1683 4104 2086 4176 haberetur:
2141 4106 2394 4187 locum,
2450 4106 2516 4173 in
2565 4125 2701 4192 quo
2747 4098 2959 4170 sederat

471 4198 643 4285 ipse.
687 4195 809 4265 Ubi
844 4210 1027 4276 sunt,
1066 4197 1183 4284 qui
1235 4196 1320 4266 de
1374 4195 1685 4266 terminis
1735 4193 2027 4285 litigant.
2069 4217 2198 4296 pro
2243 4215 2386 4263 uno
2436 4193 2659 4264 viculo
2706 4192 2959 4282 perpetes

470 4285 857 4354 adinvicem
925 4285 1325 4355 inimicitias
1389 4288 1829 4354 exercentes?
1891 4290 2128 4354 Nescio
2173 4284 2231 4352 si
2283 4282 2465 4370 quod
2523 4302 2741 4371 genus
2783 4278 2959 4346 homi·

471 4394 641 4443 num
696 4373 943 4463 magis,
998 4393 1203 4463 quam
1257 4374 1446 4454 istOS,
1504 4373 1864 4460 antiqtmm
1905 4371 2306 4443 vaticinium
2343 4383 2607 4462 tangat:
2651 4362 2959 4451 Seouerunt
