2993 4837
38 321 178 385 NOV.
234 322 269 385 4
838 342 915 387 na
964 342 1018 387 s.
1074 340 1313 387 canoto
1365 339 1698 386 nonnonsso
2322 326 2449 390 289

40 426 258 513 piorum
333 422 698 492 bominum
771 424 1173 495 abutuntur·
1225 425 1719 501 misericordia,
1785 426 1851 492 in
1918 424 2234 494 eumdem
2309 426 2534 496 locum

38 511 332 596 compelli,
385 526 570 581 certa
626 513 999 602 disciplina
1046 514 1385 600 certisque
1440 513 1776 583 faciendis
1833 513 2160 603 operibus
2207 516 2539 584 contineri

39 601 274 679 curavit.
315 600 648 669 Sodalitia
697 622 970 688 quoque
1019 603 1378 671 hominum
1431 625 1696 682 eorum,
1750 603 1868 689 qui
1925 601 2181 689 alioqui
2236 601 2390 673 laici
2439 627 2545 673 or-

39 689 211 769 dinis,
260 690 460 758 certis
515 690 674 778 piae
725 691 897 759 vitae
947 691 1215 779 legibus
1264 692 1753 772 continentur,
1805 690 2134 760 ecclesiae
2191 692 2322 760 sibi
2372 694 2545 764 assi-

40 792 240 866 gnatae
275 778 543 847 cultum
592 792 1006 866 procurant,
1061 779 1248 850 festis
1297 780 1542 849 diebus
1593 779 1676 849 ad
1736 779 1944 848 simul
1998 781 2419 869 precandum
2474 783 2542 851 in

40 888 158 934 eam
200 868 641 947 conveniunt,
700 867 938 937 habitu
985 869 1068 937 ad
1123 868 1363 937 mundi
1414 881 1881 957 contemptum
1923 870 2545 958 poenitentiamque

46 956 543 1035 accommodate,
586 955 905 1044 publicae
927 956 1450 1047 supplicationis
1479 958 1699 1046 gratia
1726 970 2007 1027 exeunt:
2042 957 2207 1026 haec
2230 959 2536 1045 inquam,

32 1058 276 1130 xetquae
324 1044 542 1114 multa
582 1045 733 1135 jam
786 1058 1024 1126 erant,
1090 1046 1329 1126 auxit,
1390 1060 1453 1113 et
1517 1045 1650 1113 alia
1703 1046 2042 1128 instituit3
2094 1068 2229 1133 qua
2290 1048 2546 1116 ratione

32 1153 210 1218 quam
262 1132 555 1203 lurimos
606 1133 695 1202 ad
749 1134 1093 1203 meliorem
1129 1135 1332 1203 vitam
1366 1132 1677 1216 adduxit,
1716 1134 1802 1204 ab
1841 1135 1977 1203 otio
2017 1135 2412 1222 vitiosisque
2450 1135 2547 1204 fa-

32 1221 163 1299 κῑίε,
255 1222 310 1289 ie
356 1222 554 1303 fest0,
614 1221 914 1292 traduxit
962 1221 1046 1291 ad
1101 1244 1206 1291 res
1253 1222 1637 1305 salutares;
1689 1244 1925 1293 eorum
1981 1236 2204 1292 tamen
2247 1224 2376 1292 insi
2434 1225 2547 1293 nia

120 1310 329 1378 aedam
362 1311 727 1400 privilegia
755 1311 1174 1400 benignitate
1204 1310 1609 1381 Pontificum
1649 1311 1738 1379 im
1796 1322 2030 1391 etrata,
2065 1312 2320 1398 quibus
2354 1335 2390 1381 a
2447 1314 2542 1382 uti

42 1397 256 1479 multos
289 1399 385 1468 sic
435 1400 1055 1491 animadvertebat,
1099 1413 1177 1468 ut
1222 1399 1686 1469 ecclesiastica
1783 1399 2098 1490 isciplina
2147 1422 2546 1490 corrumpe·

110 1500 215 1565 tur,
265 1488 279 1555 i
336 1510 405 1557 se
453 1488 579 1575 qui
635 1510 859 1557 rerum
900 1489 1247 1557 veritatem
1300 1488 1708 1578 inspiciebat
1758 1510 2103 1579 praesenS,
2161 1489 2366 1559 rebus
2417 1495 2545 1559 Ro-

32 1588 194 1657 ¹inam
230 1598 291 1644 re
323 1577 475 1658 atie,
520 1577 887 1663 temperari
929 1600 1007 1647 ac
1040 1576 1367 1646 imminui
1410 1578 1718 1649 curabat.
1774 1576 2185 1667 Religiosius
2233 1599 2388 1647 vero
2437 1600 2547 1647 so-

32 1660 315 1745 dalitium
367 1666 436 1733 in
493 1670 563 1734 S.
623 1666 920 1734 Mauritii
974 1664 1184 1735 tutela
1234 1666 1588 1736 constituit
1634 1687 1907 1746 eorum,
1953 1667 2074 1753 qui
2127 1667 2549 1736 matrimonii

48 1764 328 1840 experteS,
374 1755 441 1821 in
492 1767 844 1843 posterum
879 1776 1154 1842 quoque
1201 1754 1333 1823 sibi
1393 1755 1563 1823 vitae
1614 1755 1990 1824 castitatem
2038 1769 2539 1845 proponerent,

48 1850 101 1907 et
140 1840 380 1911 vivendi
432 1843 771 1912 rationem
822 1865 860 1912 a
919 1843 1221 1934 vulgaris
1258 1842 1782 1912 consuetudinis
1834 1843 2124 1912 vanitate
2164 1845 2546 1933 sejunctam

38 1928 633 2017 „amplecterentum
687 1953 982 2018 quorum
1036 1935 1241 2022 opera
1289 1931 1603 2010 Carolus,
1660 1954 1816 2000 cum
1861 1930 2016 2001 aliis
2075 1933 2205 2021 piis
2253 1932 2495 2003 officiis
2529 1988 2543 2014 ‚

40 2020 168 2095 jtum
222 2020 282 2087 in
343 2019 750 2089 christianis
812 2021 1067 2090 scholis
1133 2018 1467 2089 habendis
1535 2019 1898 2109 praecipue
1961 2042 2131 2089 usus
2178 2033 2323 2090 est:
2396 2021 2551 2091 licet

38 2104 235 2191 flnulto
266 2107 496 2196 plures
537 2131 622 2177 ea
656 2131 764 2177 res
816 2110 1116 2197 requirat
1155 2109 1525 2198 operarios.
1579 2112 1719 2176 Hae
1762 2107 2036 2176 scholae
2084 2108 2168 2177 ad
2221 2107 2546 2179 tradenda

40 2194 316 2283 {mribus
363 2196 830 2283 foeminisque
879 2197 1244 2287 separatim
1297 2196 1716 2266 christianae
1749 2195 2099 2265 doctrinae
2133 2197 2544 2277 rudimenta,

48 2294 159 2367 “per
195 2285 562 2367 ecclesias,
632 2285 794 2355 foris
851 2298 917 2355 et
981 2286 1048 2354 in
1116 2286 1283 2354 urbe
1349 2285 1604 2375 passim
1661 2284 2022 2353 habentur.
2093 2290 2550 2373 Unaquaeque

66 2367 268 2454 schola,
316 2387 380 2445 et
440 2374 668 2466 regios
708 2397 869 2446 suos
902 2375 1103 2446 habet
1145 2374 1615 2457 administros,
1668 2373 1785 2462 qui
1833 2373 2020 2443 festis
2069 2373 2336 2455 diebuS,
2392 2397 2552 2445 suos

60 2460 153 2542 qui
225 2484 301 2530 ue
349 2465 499 2533 loco
551 2477 616 2533 et
665 2486 970 2545 munere,
1022 2466 1083 2533 ei
1131 2464 1319 2554 operi
1372 2475 1658 2533 vacant:
1712 2463 2053 2533 universis
2088 2462 2404 2533 sacerdos
2452 2479 2553 2535 est

54 2565 190 2633 ,aptae
213 2565 417 2633 ectus,
479 2553 999 2640 visitatoresque
1048 2553 1424 2632 constituti,
1477 2552 1734 2639 quibus
1783 2552 2026 2621 caeteri
2080 2553 2378 2621 ministri
2428 2552 2551 2622 fre,-

48 2653 299 2720 ‚quanter
333 2642 417 2711 de
454 2641 817 2730 religiosae
864 2641 1367 2711 exercitationis
1402 2662 1768 2731 progressu
1803 2654 2119 2728 statuque
2152 2641 2338 2710 omni
2392 2641 2554 2711 rese·

50 2738 204 2805 sant,
241 2731 349 2815 qui
386 2732 598 2800 certis
639 2731 1063 2820 temporibus
1111 2730 1627 2799 communicent
1667 2729 1844 2798 inter
1881 2751 1975 2811 se,
2018 2730 2296 2817 locaque
2332 2731 2557 2819 perlu-

46 2825 254 2909 <stt-ent,
291 2832 353 2887 et
389 2817 982 2906 quemadmodum
1027 2841 1098 2889 se
1150 2833 1254 2887 res
1289 2818 1579 2898 babeat,
1632 2818 1890 2905 ubique
1928 2818 2292 2908 diligenter
2341 2820 2553 2910 inspi-

68 2916 228 2971 mant.
258 2910 433 2977 Haec
481 2908 874 2977 exercitatio
922 2921 1078 2977 ante
1129 2906 1343 2976 Caroli
1378 2907 1744 2976 adventum
1791 2908 1948 2976 boni
1981 2908 2107 2977 viri
2141 2908 2296 2977 laici
2332 2909 2556 2978 studio

76 3005 326 3083 meoepta
361 3051 375 3076 ‚
434 3018 573 3066 non
627 2995 848 3065 solum
904 2997 1332 3096 ignorantiae
1383 2995 1563 3065 malo
1613 2995 1680 3064 in
1733 2995 1819 3065 iis
1866 3017 2040 3081 quae
2081 2997 2322 3065 salutis
2372 3010 2552 3070 sunt.

82 3078 371 3165 medetur,
445 3084 565 3154 sed
639 3086 706 3152 in
770 3106 1066 3154 maxima
1126 3097 1191 3154 et
1246 3106 1454 3174 prope
1519 3084 1786 3153 infinita
1852 3082 2294 3152 multitudine
2345 3085 2558 3156 bonos

78 3181 249 3239 mores
271 3174 810 3264 religiosumque
846 3173 1109 3243 cultum
1138 3185 1515 3242 conservat.
1552 3178 1638 3241 Ac
1677 3171 1760 3241 de
1797 3169 2190 3257 hujusmodi
2229 3173 2558 3242 institutis

72 3256 593 3355 poc-ietatibusque
629 3261 925 3350 singulis
963 3262 1165 3352 leges,
1214 3262 1715 3352 praescriptave
1749 3259 2160 3347 conscripta,
2205 3273 2269 3328 et
2302 3281 2380 3328 ex
2420 3283 2559 3329 ma-

48 3357 171 3427 jori
204 3364 374 3435 parte
402 3351 591 3420 edita
630 3362 813 3419 sunt.
1369 3365 1373 3370 “

48 3477 57 3532 i
139 3434 168 3517 ξ
210 3441 409 3511 104.
464 3444 647 3508 Haec
695 3438 1108 3528 disciplinae
1154 3438 1808 3528 gubernationisque
1859 3437 2052 3515 rati0,
2109 3456 2284 3522 quae
2320 3450 2393 3504 ut
2444 3459 2563 3525 per

74 3535 170 3616 nos
210 3523 343 3594 fieri
392 3529 636 3619 potuit,
691 3528 982 3597 breviter
1029 3527 1438 3596 adumbrata
1485 3539 1609 3606 est,
1667 3526 2086 3615 synodorum
2145 3525 2556 3613 provinciae,

48 3605 495 3703 tdtoecesisque
557 3616 848 3686 decretis
914 3617 1341 3694 continetur,
1413 3628 1557 3685 tum
1626 3638 1873 3705 magna
1921 3634 2194 3702 quoque
2241 3635 2316 3681 ex
2380 3625 2567 3702 parte

46 3675 293 3780 {edictis
347 3706 1027 3796 praescriptionibus,
1084 3705 1386 3785 monitis,
1442 3702 1683 3773 litteris
1733 3704 2068 3794 publicis,
2122 3724 2295 3790 quas
2347 3695 2607 3801 pasto-⁸

46 3783 215 3858 ¹,iales
258 3790 510 3875 dicunt,
564 3794 989 3883 explicatur:
1060 3815 1355 3880 quorum
1427 3814 1753 3883 magnum
1816 3792 2132 3861 volumen
2192 3790 2406 3859 edidit
2456 3795 2568 3858 Pe-

46 3865 189 3969 'trus
216 3879 585 3964 Galesinus,
626 3883 1139 3971 inscripsitque,
1177 3887 1345 3952 Acta
1392 3883 1728 3951 Ecclesiae
1758 3882 2269 3950 Mediolanenses
2287 3904 2313 3960 ,·
2349 3880 2570 3948 incre-

44 3923 231 4036 idibili
264 3969 483 4041 studio
518 3993 701 4041 nunc
735 3974 821 4042 ab
852 3972 1179 4042 omnibus
1204 3971 1391 4041 orbis
1425 3969 1785 4038 christiani
1821 3969 2131 4059 partibus
2161 3968 2562 4057 expetitum.

44 4041 512 4151 'Episcoporum
563 4060 857 4130 concilia
904 4082 1019 4129 sex
1069 4081 1228 4130 cum
1279 4057 1745 4137 celebraverit,
1799 4070 1874 4127 ut
1923 4058 2069 4126 suis
2104 4056 2290 4158 ‘locis
2324 4057 2405 4158 ‘in
2460 4057 2572 4125 hi-

80 4146 242 4209 storia
285 4146 648 4237 tetigimus,
705 4171 815 4220 sex
860 4150 1066 4219 etiam
1114 4147 1329 4218 edidit
1376 4147 1806 4216 decretorum
1861 4144 2214 4215 volumina
2247 4201 2262 4226 ,
2318 4145 2566 4214 iisdem

80 4239 265 4299 rerum
301 4233 434 4305 fere
479 4237 845 4328 generibus
895 4238 1246 4325 titulisque
1294 4236 1665 4315 distincta;
1768 4256 1894 4304 uae
1939 4235 2170 4303 omnia
2222 4235 2291 4303 in
2344 4256 2564 4304 unum

86 4329 175 4383 eor
217 4341 312 4402 υς,
352 4326 479 4395 sub
518 4327 759 4398 iisdem
796 4328 1141 4417 capitibus
1190 4343 1628 4414 componere,
1670 4346 1707 4391 a
1797 4322 2171 4392 faciliorem
2209 4346 2412 4392 usum
2451 4346 2574 4393 cu-

98 4401 177 4486 Ρίθ
258 4421 297 4487 t.
340 4413 616 4504 jamque
670 4439 846 4507 opus
890 4417 1036 4506 ipse
1087 4412 1586 4505 propemodum
1663 4413 2066 4494 absolverat,
2119 4435 2274 4482 cum
2326 4434 2402 4480 ex
2449 4413 2682 4490 ᾖεν(

219 4528 439 4590 surius
467 4565 489 4578 ·
530 4533 713 4595 Vitae¹
736 4534 839 4596 SS.
875 4569 890 4577 -
922 4531 1061 4594 vot.
1098 4531 1196 4590 Xl.
2386 4526 2459 4587 19
