2993 4837
498 294 625 355 056
1082 309 1158 353 na:
1207 308 1263 353 S.
1308 306 1629 354 chanami:
1683 307 1841 350 PAPA
1888 307 1962 352 m
2016 306 2310 352 naariae
2636 288 2783 351 Noli.
2821 291 2880 352 23
2951 303 2952 306 ’

402 409 631 462 autem
693 413 1015 481 maguam
1069 391 1295 470 deam,
1359 390 1518 479 igne
1567 388 1781 461 fuisse
1838 403 2360 476 consumptam,
2411 389 2622 477 impie
2664 391 2882 460 asserit.
2951 417 2952 456 l

407 480 733 551 Similiter
783 480 1294 548 sanctissimam
1345 500 1619 565 quoque
1671 480 2067 559 Minervam,
2111 478 2531 565 Dianamque
2573 493 2636 546 et
2682 483 2889 547 Mercu·

405 571 629 648 rium,
689 573 1204 655 Saturnumque
1250 582 1314 636 et
1373 573 1651 638 Martem
1706 567 2197 638 calumniatur.
2260 568 2507 637 Omnia
2558 580 2890 637 nostrorum
2951 595 2952 598 ¹

405 659 689 726 deorum
736 658 1017 726 nomina
1057 674 1120 725 et
1173 655 1428 746 templa
1480 657 1750 745 probris
1802 657 2178 725 insectatur
2215 670 2281 726 et
2313 656 2763 726 contumeliis.
2811 662 2902 724 Aut
2951 669 2952 686 ²

405 747 540 815 diis
579 746 827 814 nostris
858 745 1297 824 sacrificabit,
1341 758 1461 814 aut
1504 746 1653 832 ipse
1686 744 2054 815 delebitur.
2099 769 2133 811 »

495 838 529 923 ξ)
584 840 667 906 ⁶2.
724 839 913 904 Tunc
963 835 1454 914 MainertinuS,
1512 833 1713 903 Urbis
1761 834 2190 915 Praefectus,
2248 856 2385 903 non
2437 834 2661 903 ferens
2718 833 2906 923 populi

405 925 837 1003 seditionem,
892 924 1372 993 Beatissimum
1423 921 1839 992 Clementem
1879 923 2093 1013 jussit
2141 922 2227 991 ad
2279 945 2353 991 se
2399 922 2679 991 adduci.
2733 927 2907 1004 Quem

405 1035 566 1083 cum
603 1012 903 1094 vidisset,
941 1013 1166 1112 coepit
1198 1011 1446 1080 dicere:
1489 1035 1526 1076 «
1569 1015 1661 1080 Ex
1710 1032 2041 1101 generosa
2089 1011 2374 1098 quidem
2418 1011 2652 1080 radice
2691 1033 2911 1099 proces·

408 1103 599 1184 sisti,
640 1116 717 1172 ut
767 1101 887 1170 tibi
938 1101 1408 1170 testimonium
1476 1100 1603 1169 fert
1668 1105 2023 1170 Romanus
2076 1101 2424 1190 populus:
2493 1100 2612 1169 sed
2663 1120 2914 1169 errorem

410 1190 800 1280 suscepisti,
835 1205 899 1259 et
950 1190 1099 1260 ideo
1144 1211 1277 1258 non
1332 1203 1620 1278 possunt
1668 1189 1735 1256 in
1774 1191 2089 1258 animum
2146 1189 2502 1270 inducere,
2545 1202 2622 1259 ut
2670 1201 2910 1259 taceant.

414 1287 575 1350 Nam
632 1279 859 1348 nescio
907 1301 1279 1366 quemnam
1331 1278 1676 1347 Christum
1726 1278 1920 1357 colis,
1970 1293 2034 1346 et
2090 1293 2328 1347 contra
2395 1278 2566 1347 deos
2629 1277 2907 1346 admittis.

411 1368 872 1452 Quamobrem
924 1379 1185 1458 oportet
1234 1381 1293 1434 te
1342 1366 1685 1456 deponere
1716 1388 1994 1435 omnem
2046 1369 2476 1457 superfluam
2532 1366 2914 1456 superstitio·

417 1481 593 1537 neni,
634 1471 699 1526 et
735 1455 957 1526 colere
1007 1457 1171 1526 deos
1219 1477 1393 1542 quos
1442 1456 1527 1524 de
1577 1478 1765 1524 more
1803 1456 2122 1526 colimus.
2167 1480 2201 1522 »
2245 1463 2437 1525 Tunc
2489 1455 2664 1525 dixit
2706 1461 2772 1524 B.
2812 1453 2910 1522 Cle·

417 1569 645 1616 mens:
701 1569 737 1612 «
790 1549 1107 1634 Optarein
1148 1544 1588 1615 excellentiae
1648 1559 1801 1614 tuae
1857 1545 2293 1634 prudentiam
2336 1546 2697 1615 attendere
2748 1564 2914 1612 meam

412 1634 879 1704 defensionem
929 1648 995 1703 et
1045 1656 1179 1703 non
1227 1647 1502 1722 propter
1537 1633 2015 1722 imperitorum
2055 1634 2493 1714 seditionem,
2537 1635 2660 1704 sed
2706 1646 2914 1722 propter

418 1746 633 1791 meam
686 1723 1069 1792 doctrinam
1102 1777 1116 1804 ‚
1177 1745 1287 1791 me
1334 1745 1686 1792 accusare.
1754 1727 1920 1792 Nam
1971 1723 2244 1792 etiamsi
2313 1722 2520 1792 multi
2590 1743 2793 1793 canes
2834 1741 2912 1787 nos

411 1812 877 1882 allatraverint
909 1825 972 1880 et
997 1811 1445 1892 confiderint,
1486 1833 1620 1881 non
1660 1825 1951 1911 possunt
1981 1811 2181 1881 nobis
2215 1812 2516 1893 auferre,
2554 1813 2724 1899 quin
2757 1810 2912 1879 simus

417 1902 729 1972 homines
779 1901 1062 1970 rationis
1161 1900 1517 1989 articipes:
1574 1900 1672 1968 illi
1724 1915 1980 1978 autem,
2034 1922 2242 1971 canes
2292 1900 2658 1971 latrantes.
2700 1905 2913 1986 Semper

410 1991 622 2072 enim,
662 2002 952 2069 constat,
1010 1924 1415 2060 seditionem
1472 1988 1817 2078 proficisci
1865 1991 1952 2059 ab
1994 1989 2359 2078 imperitis,
2395 2002 2476 2059 ut
2513 1989 2694 2059 nihil
2730 1987 2912 2057 habeat

417 2093 662 2160 tutum,
706 2101 829 2149 nec
885 2101 1146 2150 verum.
1184 2079 1644 2160 Quamobrem
1704 2092 2076 2164 quaeratur
2135 2078 2305 2147 ratio
2369 2078 2664 2159 silentii,
2721 2079 2910 2161 inquo

419 2191 536 2254 pro
587 2191 713 2237 sua
760 2166 979 2238 salute
1029 2167 1233 2236 homo
1286 2167 1628 2256 particeps
1685 2168 2009 2247 rationis,
2050 2179 2116 2235 et
2168 2190 2285 2255 per
2333 2190 2404 2236 se
2455 2169 2748 2257 incipiat
2796 2186 2909 2233 con·

413 2257 669 2326 sultare
717 2271 781 2326 et
828 2256 1184 2336 disserere,
1226 2268 1301 2325 ut
1355 2277 1592 2325 verum
1650 2260 1863 2325 Deum
1916 2255 2264 2336 iuveniat,
2332 2257 2449 2325 cui
2500 2279 2714 2327 suam
2757 2252 2907 2322 fidem

416 2345 789 2416 honorifice
834 2345 1291 2415 commendet.
1357 2368 1392 2410 »
1459 2349 1650 2414 Tunc
1725 2345 2223 2427 Mamertinus,
2284 2345 2482 2414 Urbis
2557 2344 2904 2416 Praefectus,

417 2436 693 2504 mittens
733 2435 817 2504 ad
859 2435 1228 2521 Trajanum
1284 2439 1799 2523 Imperatorem,
1853 2433 2099 2504 detulit
2149 2456 2395 2504 nomen
2451 2440 2523 2504 B.
2573 2430 2904 2507 Clementis,

415 2524 694 2594 dicens:
742 2548 778 2589 «
834 2529 1031 2593 Hunc
1094 2523 1506 2593 Clementem
1566 2522 1911 2592 seditiosis
1980 2523 2405 2593 clamoribus
2463 2525 2758 2615 populus
2811 2537 2905 2587 non

414 2626 633 2683 cessat
679 2635 1029 2699 quaerere,
1084 2628 1147 2681 et
1184 2634 1316 2682 non
1373 2625 1590 2701 potest
1639 2614 1708 2680 in
1756 2634 1918 2682 eum
1965 2612 2256 2683 inveniri
2301 2612 2438 2681 fide
2470 2612 2692 2704 digna
2725 2609 2906 2701 proba·

416 2701 527 2770 tio.
572 2724 606 2768 »
642 2708 829 2770 Tunc
880 2702 1229 2790 rescripsit
1276 2701 1614 2791 Trajanus
1647 2706 2049 2789 Imperator,
2089 2718 2405 2790 oportere
2452 2723 2622 2773 eum
2678 2701 2767 2771 vel
2798 2715 2905 2790 coti·

418 2792 666 2860 sentire
706 2790 1231 2870 sacrificantem,
1268 2802 1387 2860 aut
1435 2788 1616 2859 ultra
1651 2811 1839 2859 mare
1878 2804 1943 2859 et
1979 2795 2269 2861 Pontum
2320 2791 2388 2859 in
2426 2790 2766 2862 desertam
2796 2786 2905 2855 civi-

422 2893 648 2956 tatem,
689 2879 886 2948 sitam
931 2902 1138 2968 prope
1172 2881 1584 2948 Cliersonem
1633 2878 1945 2968 relegari.

506 2971 541 3054 §
589 2972 680 3038 8.
720 2968 1010 3049 Quando
1059 2981 1289 3037 autem
1339 2967 1616 3054 Trajani
1655 2966 1900 3055 jussus
1934 2967 2066 3037 fuit
2114 2968 2599 3049 confirmatuS,
2634 2962 2904 3056 cogitabat

418 3056 604 3146 apud
655 3078 725 3124 se
774 3057 1267 3135 MamertinuS,
1324 3078 1625 3142 quonam
1688 3055 1888 3127 modo
1938 3056 2251 3127 Clemens
2296 3055 2755 3126 voluntarium
2814 3068 2901 3119 non

426 3159 677 3234 peteret
709 3146 1054 3225 exsilium,
1101 3146 1213 3216 sed
1244 3145 1380 3213 diis
1432 3144 1662 3234 potius
1697 3145 1966 3214 offerret
2000 3145 2362 3215 libamina.
2396 3146 2523 3215 Sed
2555 3147 2782 3215 beatus
2811 3137 2905 3236 Cle<

425 3258 615 3304 mens
655 3235 1109 3304 contendebat
1148 3235 1368 3322 ipsius
1398 3256 1673 3320 quoque
1704 3234 1969 3391 {udicis
2003 3235 2320 3304 animum
2360 3234 2445 3304 ad
2491 3234 2691 3303 fidem
2723 3231 2908 3301 Christi

422 3325 799 3404 traducere,
832 3339 896 3392 et
923 3324 1277 3394 ostendere
1305 3346 1375 3391 se
1411 3324 1640 3413 potius
1673 3346 1706 3390 e
1742 3324 1926 3412 igere
1958 3323 2305 3405 exsilium,
2341 3346 2551 3411 quam
2594 3323 2661 3392 id
2702 3321 2900 3417 timere-

427 3414 753 3481 Dominus
778 3426 1006 3481 autem
1036 3412 1360 3482 Clementi
1401 3412 1716 3501 praebuit
1750 3425 2008 3481 tantam
2044 3412 2366 3501 gratiam,
2412 3425 2485 3482 ut
2523 3417 2903 3481 Mamertinus

426 3503 619 3571 Urbis
667 3501 1052 3571 Praefectus
1103 3500 1405 3579 defleret,
1467 3512 1532 3570 et
1589 3500 1892 3570 diceret:
1950 3523 1987 3567 a
2041 3506 2263 3582 DeuS,
2317 3523 2524 3587 quem
2579 3516 2648 3570 tu
2700 3499 2902 3568 sincere

422 3590 613 3671 colis,
668 3592 814 3679 ipse
850 3591 971 3661 tibi
1005 3612 1201 3679 opem
1240 3588 1407 3658 feret
1440 3590 1505 3657 in
1543 3589 1695 3671 hoc,
1736 3612 1874 3677 quo
1928 3589 2121 3659 fuisti
2174 3590 2573 3671 damnatuS,
2616 3586 2850 3657 exsilio;
2881 3606 2900 3639 Ρ

428 3702 805 3765 navemque
854 3680 914 3749 ei
964 3679 1360 3759 constituit;
1405 3692 1470 3747 et
1518 3700 1678 3748 cum
1730 3680 1962 3748 omnia
2023 3679 2090 3747 in
2141 3701 2294 3747 eam
2346 3678 2734 3748 immisisset
2773 3687 2899 3759 quae

421 3784 615 3837 erant
647 3769 731 3836 ad
778 3792 980 3838 usum
1027 3768 1434 3846 necessaria,
1490 3766 1779 3837 dimisit.
1822 3773 2028 3837 Porro
2062 3780 2292 3837 autem
2347 3767 2545 3837 multi
2581 3783 2818 3853 quoque
2846 3774 2898 3823 81

426 3857 678 3947 populo
725 3858 849 3925 vii-i
902 3857 995 3945 pii
1044 3880 1203 3926 eum
1256 3869 1417 3925 sunt
1452 3857 1694 3925 secuti.
1740 3862 1905 3926 Cum
1956 3872 2185 3925 autem
2240 3858 2546 3945 pervenit
2593 3856 2668 3925 ad
2726 3853 2893 3945 locum

427 3951 489 4014 in
541 3968 744 4033 quem
781 3946 1331 4036 erat·relegatu5,
1371 3944 1456 4013 ad
1507 3968 1683 4034 opus
1729 3944 2032 4014 fodiendi
2087 3957 2153 4014 et
2199 3945 2530 4014 caedendi
2573 3955 2886 4036 marmori}-

422 4036 563 4103 illic
600 4036 856 4104 invenit
909 4035 1276 4123 plusquam
1318 4033 1456 4103 duo
1492 4033 1711 4103 millia
1762 4034 2334 4116 Christianorum,
2375 4036 2494 4122 qui
2527 4034 2608 4102 ad
2650 4033 2891 4118 longissv

426 4146 617 4193 mum
657 4136 928 4213 tempus
976 4138 1169 4193 erant
1216 4123 1682 4192 condemnati.
1723 4124 1852 4205 Qui
1902 4122 2184 4209 quidem
2235 4145 2396 4192 cum
2436 4122 2738 4193 vidissent
2777 4131 2888 4183 san·

423 4228 607 4280 ctum
649 4227 712 4280 et
745 4213 1099 4303 egregium
1140 4212 1577 4292 Clementem,
1616 4233 1857 4281 omnes
2039 4213 2257 4280 nimes
2298 4235 2456 4283 cum
2500 4207 2819 4301 gemitibus
2846 4210 2886 4263 Εἰ

423 4301 753 4387 lacrymis
785 4302 1209 4381 accedentes,
1251 4300 1618 4371 dicebant:
1665 4325 1699 4367 «
1753 4222 2058 4389 Οιᾙᾫο
2109 4301 2334 4381 nobis,
2373 4316 2598 4370 sancte
2632 4287 2880 4389 Pontifex·

427 4401 502 4456 ut
550 4387 932 4459 efficiamus
982 4390 1175 4480 digni
1218 4390 1463 4459 Christi
1521 4390 2002 4479 promissione.
2053 4413 2084 4457 »
2120 4395 2303 4473 Quos
2345 4413 2499 4461 cum
2547 4380 2881 4477 cognovisset
