2993 4837
648 333 777 396 5⁴6
1195 348 1272 393 na
1321 345 1376 392 s.
1428 348 1725 393 ommno
1775 348 2013 393 Annua
2060 347 2485 394 sancarmmsi
2741 327 2857 392 Nol.
2945 387 2946 392 ,

561 434 667 503 sui
704 433 994 534 gratiam
1035 431 1231 500 vellet
1261 430 1771 511 administrare,
1806 446 2042 501 coetus
2067 431 2383 512 fratrum,
2423 433 2489 499 in
2525 429 2874 500 οῡεῑηοὺίο.Ἰ
2942 458 2944 463 2

561 521 734 592 Galli
784 521 914 590 sub
955 519 1254 610 regulari
1287 542 1583 590 censura
1631 521 1896 590 Christo
1943 520 2181 590 devote
2217 520 2710 598 famulantium,
2750 541 2869 586 axv·-

557 610 1058 697 colloquiorum
1111 610 1716 679 sermocinationes
1762 609 1848 696 de
1899 609 2296 679 meritorum
2348 610 2501 678 e'us
2554 608 2885 679 excellentia

552 721 707 768 cere
736 699 978 788 coepit.
1017 697 1517 785 Huiuscemodi
1548 720 1703 768 vero
1734 697 2096 785 colloquiis
2124 698 2327 766 iidem
2397 711 2607 767 ratres
2631 695 2887 769 sesnin
2944 748 2946 753 -

557 787 1012 868 cohortantes,
1051 787 1307 867 divino,
1348 800 1423 855 ut
1472 787 1846 867 credimus,
1901 801 2075 857 nutu
2118 788 2372 876 pariter
2423 809 2659 855 omnes
2701 785 2861 854 desi
2944 835 2947 843 ι

555 883 961 966 coeperunt,
1015 889 1091 946 ut
1123 876 1338 945 sancti
1393 876 1518 944 viri
1562 876 2057 964 corpusculum
2111 876 2198 945 ad
2234 876 2412 945 beati
2465 876 2636 945 Galli
2681 872 2887 943 eccles·

556 988 733 1053 quae
760 967 931 1052 jam,
976 970 1105 1034 Deo
1139 963 1542 1052 opitulante,
1583 964 1902 1034 decenter
1934 965 2265 1034 adornata
2301 965 2593 1042 refulsit,
2633 964 2823 1033 iterato
2868 984 2881 1020 -·

554 1067 845 1125 ceretur.
902 1056 1204 1123 Dictante
1252 1067 1476 1122 autem
1515 1054 1883 1140 aequitatis
1931 1054 2217 1134 ratione,
2269 1077 2431 1123 cum
2494 1055 2620 1122 boc
2661 1074 2767 1121 suo
2803 1064 2886 1118 tar
2943 1098 2947 1109 ·

554 1143 844 1214 consilio
892 1142 1112 1212 facere
1150 1165 1281 1211 non
1322 1155 1860 1231 praesumerent,
1898 1144 2074 1212 vitae
2107 1144 2258 1230 ejus
2291 1141 2636 1223 libellum,
2672 1142 2775 1228 qui
2815 1169 2878 1203 n-
2945 1157 2946 1197 i

556 1254 710 1301 rum
771 1231 1042 1301 solertia
1104 1245 1616 1300 antecessorum
1673 1231 2042 1321 multiplici
2101 1234 2376 1302 testium
2440 1232 2873 1300 adnotatione·
2937 1243 2947 1312 4

553 1321 1031 1409 conscriptus,
1086 1320 1170 1389 ad
1229 1342 1352 1389 nos
1406 1333 1840 1409 pervenerat,
1897 1320 2265 1390 venerabili
2305 1325 2351 1388 E
2412 1321 2648 1411 iscopo
2686 1318 2856 1389 Salon·
2945 1345 2946 1374 2

561 1409 931 1499 legendum
991 1410 1448 1494 contradunt,
1508 1431 1810 1496 suaeque
1859 1410 2231 1479 voluntatis
2280 1432 2317 1476 a
2373 1423 2644 1490 ectum,
2694 1430 2807 1495 quo
2842 1438 2857 1467 t
2944 1423 2946 1462 ¹

556 1498 868 1585 ejusdem
924 1497 1053 1567 loci
1101 1498 1538 1588 congregatio
1590 1498 1909 1579 fervebat,
1964 1500 2329 1588 aperiunt:
2384 1498 2543 1586 ejus
2582 1520 2698 1588 per
2725 1518 2812 1565 orn
2944 1509 2946 1552 l

558 1587 785 1667 diciis,
822 1587 1109 1674 ejusque
1143 1587 1418 1656 obedire
1455 1587 1669 1675 parati
1707 1587 2041 1658 consiliis
2089 1585 2466 1656 Benevolus
2509 1602 2731 1656 autem
2772 1607 2873 1673 porr
2944 1599 2946 1642 ὲ

558 1676 936 1833 gerspectis
995 1677 1167 1744 vitae
1220 1677 1369 1763 ejus
1417 1675 1796 1765 exempliS‚
1868 1676 2314 1745 multimodas
2414 1677 2742 1744 ratiarum
2792 1695 2857 1740 ι’
2944 1687 2947 1729 f

609 1786 898 1833 onorum
950 1766 1261 1833 omnium
1316 1765 1580 1834 auctori
1630 1764 1973 1854 persolvit,
2027 1765 2209 1853 quod
2263 1699 2666 1834 beffatorem
2724 1782 2866 1831 suum
2939 1777 2947 1816 t

559 1852 702 1922 zelo
747 1852 1041 1922 'ustitiae
1074 1852 1334 1922 fortiter
1366 1852 1838 1934 dimicantem,
1878 1869 2011 1923 tam
2063 1854 2318 1942 apertis
2360 1852 2827 1922 miraculorum
2850 1880 2869 1904 ι-

562 1942 738 2012 sioni
794 1964 875 2010 us
923 1941 1315 2011 declaravit.
1372 1947 1651 2011 Remoto
1698 1943 1903 2012 etiam
1955 1943 2326 2013 dubietatis
2375 1941 2754 2032 scrupulo.
2796 1939 2881 2006 de

562 2031 792 2100 ctitate
821 2032 971 2120 ejus
1018 2032 1333 2117 quamvis
1380 2044 1610 2100 certus
1657 2032 1972 2102 extiterit.
2030 2032 2201 2100 nihil
2243 2044 2466 2099 tamen
2529 2034 2799 2106 temere,
2844 2055 2851 2087 ι
2944 2041 2946 2082 ¹

561 2120 647 2188 de
677 2142 749 2188 se
784 2119 930 2208 ipso
966 2119 1349 2189 inordinate
1384 2143 1510 2189 sua
1543 2119 1682 2189 sola
1716 2120 2119 2190 auctoritate
2151 2119 2362 2189 voluit
2401 2115 2840 2189 definita-sed
2944 2133 2947 2174 l

562 2230 689 2278 suo
740 2208 1059 2297 prudenti
1113 2230 1283 2277 usus
1338 2207 1674 2288 consilio,
1738 2230 1949 2277 causa
2005 2208 2649 2279 Ecclesiasticorum
2708 2208 2884 2302 dogffi
2944 2233 2946 2264 1

562 2296 934 2366 annualem
989 2297 1329 2386 synodum
1382 2297 1777 2368 solemniter
1826 2299 2112 2377 indicit,
2165 2312 2229 2366 et
2281 2298 2717 2385 presbyteros
2757 2317 2879 2388 aci>
2944 2307 2946 2352 l

569 2408 744 2468 nos,
816 2386 1201 2473 diversique
1267 2386 1531 2455 ordinis
1602 2385 1888 2456 clericos
1948 2386 2131 2477 apud
2197 2388 2714 2456 Constantiense
2765 2405 2879 2472 op···
2945 2395 2946 2431 ¹

567 2476 930 2544 convenire
973 2476 1326 2566 praecipit.
1379 2475 1645 2558 Quibus
1694 2477 1760 2544 in
1814 2499 2027 2545 unum
2073 2476 2396 2556 collectis,
2451 2473 2887 2548 venerandus
2944 2494 2946 2527 l

565 2563 724 2632 tifex
767 2565 833 2632 in
880 2563 1182 2633 medium
1226 2586 1480 2634 consur
1537 2565 1623 2633 it:
1679 2564 1989 2652 factoque
2029 2565 2322 2643 silentio,
2379 2564 2559 2633 vitae
2608 2565 2805 2655 ipsius
2848 2589 2873 2618 12·
2944 2574 2946 2615 1

562 2653 864 2721 moniam
895 2707 911 2732 ,
954 2654 1314 2743 quaejam
1369 2676 1488 2722 mu
1524 2665 1623 2721 tos
1673 2653 1928 2723 ibidem
1988 2653 2358 2723 residentes
2406 2653 2606 2723 dulci
2670 2664 2882 2721 rumore²
2944 2664 2946 2708 1

564 2741 977 2826 quantulum
1033 2741 1533 2830 permulserat,
1587 2744 1881 2831 sparsim
1937 2765 2059 2832 pro
2119 2756 2417 2831 tempore
2483 2764 2717 2812 coram
2773 2759 2874 2833 om
2944 2752 2946 2791 ῑ

562 2830 892 2898 recitavit.
947 2835 1094 2912 Quo
1144 2831 1316 2898 facto
1351 2884 1369 2913 ,
1422 2853 1580 2899 cum
1642 2831 1938 2900 maxima
1988 2831 2392 2901 clericorum
2444 2832 2651 2922 copia
2699 2830 2760 2897 in
2800 2842 2878 2890 vm
2942 2843 2945 2852 ¹

566 2916 891 2988 laudibus
925 2919 1357 2999 acclamaret,
1389 2920 1611 3009 primo
1640 2920 1998 3009 Augiensis
2027 2920 2333 2989 coenobii
2358 2919 2712 2998 Abbatem,
2747 2915 2837 3014 thi
2884 2939 2887 2958 ²
2945 2948 2946 2969 i

563 3018 730 3075 tunc
764 3009 1091 3097 temporis
1118 3030 1276 3077 cum
1322 3007 1737 3094 quibusdam
1771 3008 2099 3078 fratribus
2129 3009 2324 3078 nobis
2355 3008 2556 3078 valde
2586 3009 2853 3077 carissim
2876 3026 2891 3036 ··
2942 3019 2945 3050 ¹

560 3097 1031 3178 confluxerat,
1088 3119 1167 3165 ac
1216 3096 1463 3165 deinde
1520 3119 1792 3165 omnem
1850 3097 2036 3167 illius
2083 3099 2356 3168 concilii
2411 3096 2675 3165 clerum
2725 3093 2887 3181 Epist
2945 3110 2946 3115 ’

561 3185 1014 3266 commonuit,
1056 3199 1133 3255 ut
1169 3185 1468 3255 triduani
1499 3185 1747 3275 jejunii
1785 3187 2268 3256 abstinentiam
2305 3186 2658 3266 facientes,
2695 3184 2858 3252 totius
2942 3211 2945 3218 ·

560 3272 814 3342 fontem
851 3275 918 3342 in
953 3296 1323 3343 commune
1377 3288 1839 3362 precarentur,
1893 3289 2235 3362 quatenus
2285 3275 2560 3365 pietatis
2608 3294 2762 3343 suae
2802 3291 2879 3335 m

563 3362 673 3430 his
708 3363 775 3430 in
829 3364 1035 3432 rebus
1088 3385 1253 3432 suae
1302 3363 1670 3433 voluntatis
1724 3363 2243 3453 dispositionem
2302 3364 2705 3452 dignaretur
2747 3352 2887 3449 perfi

560 3452 827 3533 Quibus
875 3452 1101 3531 dictis,
1148 3453 1462 3542 Episcopi
1518 3454 1921 3523 sententiam
1975 3454 2281 3543 synodus
2328 3451 2712 3531 collaudat,
2758 3466 2845 3529 seq

562 3538 801 3609 benter
833 3541 924 3609 ita
965 3540 1297 3609 facturam
1336 3563 1484 3610 esse
1514 3540 1921 3610 conclamat.
2887 3611 2898 3622 ,Ἴ
2944 3546 2946 3557 ’

646 3631 681 3715 ξ
730 3636 860 3701 11.
918 3629 1136 3697 Finito
1195 3630 1424 3715 itaque
1474 3630 1721 3719 synodi
1786 3631 1996 3718 hujus
2045 3629 2378 3711 concilio,
2433 3653 2511 3700 ac
2563 3638 2809 3720 peracto
2847 3630 2897 3684 l

558 3717 828 3786 dierum
866 3717 1135 3807 jejunio
1167 3774 1181 3797 ,
1236 3718 1647 3788 venerabilis
1698 3719 1970 3808 praesul
2023 3719 2107 3787 ad
2162 3719 2340 3788 idem
2395 3715 2849 3805 monasterium·
2881 3737 2895 3760 ν

560 3807 708 3877 suis
761 3807 1185 3896 perveniens,
1241 3810 1577 3877 seniorem
1634 3808 1940 3877 nostrum
1994 3807 2448 3888 Grimaldum,
2505 3820 2801 3876 rectorem
2839 3817 2945 3896 Η»)

562 3897 981 3964 monasterii.
1039 3918 1118 3964 ac
1168 3895 1491 3965 Ludovici
1526 3897 1727 3986 Regis
1775 3896 2432 3986 archicapellanum,
2470 3896 2554 3964 de
2594 3896 2709 3963 hac
2740 3900 2836 3958 rel
2866 3909 2907 3942 ³²-

561 3998 783 4064 turm,
838 3985 1260 4075 aggreditur.
1317 3990 1471 4053 Post
1504 3986 1767 4054 amicae
1809 4007 1962 4054 vero
1997 3985 2429 4057 salutationis
2458 3985 2694 4059 officia,
2733 3994 2899 4065 ειιῐῐὶΙ

566 4074 705 4142 tuis
756 4075 932 4142 inter
976 4096 1047 4141 se
1090 4073 1451 4160 colloquiis
1503 4074 1674 4142 vitae
1721 4073 1908 4143 illius
1943 4075 2262 4164 rigorem,
2309 4096 2387 4142 ac
2425 4069 2735 4142 miracula
2773 4063 2887 4132 obl

561 4162 745 4231 cium
782 4162 1158 4231 sanctitatis
1178 4164 1324 4250 ejus
1352 4162 1741 4249 frequenter
1761 4179 2028 4233 ostensa
2055 4172 2681 4239 commemorarent,
2711 4169 2899 4222 mona

561 4250 870 4335 ejusdem
910 4251 1222 4321 coenobii
1273 4252 1338 4318 in
1384 4274 1602 4320 unum
1638 4252 1998 4321 convenire
2036 4251 2491 4340 praecipiunt,
2540 4243 2830 4338 simulque
2858 4252 2909 4297 ⁶³·

562 4340 660 4407 eis
697 4338 1094 4419 residenteS,
1140 4353 1450 4409 sanctum
1489 4363 1744 4430 corpus
1777 4341 1860 4409 de
1894 4339 2182 4419 tumulo,
2220 4341 2286 4408 in
2321 4362 2460 4427 quo
2493 4341 2908 4417 eatenusjacff

611 4462 636 4488 ¹·
666 4462 882 4503 Salomon
903 4466 1003 4505 erat
1026 4468 1138 4505 tunc
1164 4464 1389 4516 temporis
1410 4464 1671 4516 Episcopus
1697 4467 2083 4509 constantiensis.
