2993 4837
549 283 678 347 648
1140 301 1217 345 nu
1266 301 1320 346 s.
1368 298 1654 347 execitia
1704 300 1992 346 usnimi:
2041 301 2116 346 ΕΤ
2163 302 2332 346 amis
2670 280 2817 344 NOV.
2853 283 2912 345 32

458 397 523 453 et
576 383 1042 462 laetabantur,
1108 398 1481 472 coeperunt
1521 405 1659 464 eoS‚
1714 385 1833 471 qui
1884 382 2318 464 laborabant,
2391 383 2718 452 ludificari
2757 394 2809 450 et
2845 383 2919 450 di·

458 494 650 542 cere:
708 474 939 541 miseri
968 487 1033 541 et
1067 472 1518 554 miserabiles,
1567 473 1755 541 hunc
1811 473 1931 559 qui
1990 494 2108 543 vos
2162 472 2407 563 affligit
2455 472 2739 542 laborem
2774 471 2922 560 depo·

458 563 620 636 nite,
667 573 731 629 et
783 563 1142 631 nobiscum
1182 561 1535 642 laetantes»,
1576 583 1694 631 vos
1733 561 2002 630 deliciis
2047 562 2313 649 explete
2358 575 2424 631 et
2471 561 2861 631 libidinibus.
2885 575 2928 627 et

456 672 583 720 cur
618 663 968 737 tamquam
1003 651 1405 740 insipientes
1436 652 1612 719 duro
1656 651 1885 720 labore
1923 651 2412 728 dissolvimini,
2443 664 2506 719 et
2535 662 2782 719 vestrae
2810 651 2930 716 vitae

457 751 765 827 tempora
816 740 1109 830 negotiis
1155 761 1333 826 quae
1382 762 1501 811 vos
1549 739 1888 831 affligunt.
1944 735 2402 809 consumitis?
2448 745 2619 809 Haec
2668 739 2928 807 dicentes.

457 827 897 897 solvebantur
956 829 1020 896 in
1086 829 1301 897 risum
1344 883 1357 907 ,
1403 841 1467 896 et
1505 829 1765 898 dabant
1829 829 2150 918 plausum
2197 830 2543 906 manibus,
2615 849 2932 917 magnoque

456 938 625 986 sono
671 938 787 985 eos
835 917 1327 986 cachinnantes
1387 916 1789 986 irridebant.
1845 922 2023 986 Haec
2073 930 2302 987 autem
2357 918 2496 986 illis
2547 917 2930 986 facientibus.

457 1005 730 1096 pluvios
760 1006 1009 1075 hiemis
1043 1028 1311 1075 menses
1338 1006 1909 1093 tranquillissima
1942 1018 2250 1096 tempora
2280 1019 2718 1096 exceperunt:
2749 1019 2808 1072 et
2833 1027 2930 1070 erre

457 1094 858 1185 pulcrorum
891 1108 956 1163 et
990 1095 1335 1163 variorum
1377 1096 1624 1163 florum
1680 1095 2133 1185 flagrantibus
2172 1118 2380 1164 omne
2416 1117 2631 1184 genus
2669 1093 2922 1163 odoribff

457 1196 650 1272 prata
687 1184 1217 1263 exornabantur,
1240 1198 1303 1251 et
1329 1183 1569 1253 molles
1599 1183 1944 1253 botrorum
1976 1184 2185 1252 series
2215 1185 2716 1270 producebant:
2759 1184 2920 1270 palas

461 1286 581 1352 teS,
620 1286 684 1341 et
719 1274 903 1340 vario
939 1294 1185 1362 genere
1216 1274 1541 1342 arborum
1581 1273 1752 1341 rami
1804 1273 2139 1342 stillantes
2192 1272 2394 1341 melle
2435 1273 2699 1341 fructus
2748 1271 2924 1359 produ·

459 1363 726 1430 cebant:
768 1363 834 1428 in
867 1363 1121 1446 quibus
1143 1361 1761 1430 animadvertimus
1780 1383 2001 1447 usque
2037 1362 2101 1428 in
2130 1361 2545 1431 hodiernum
2568 1362 2751 1430 diem
2785 1361 2910 1426 abun

459 1451 621 1518 dare
656 1450 860 1518 simul
898 1464 960 1518 et
995 1451 1312 1540 gratiam,
1354 1449 1653 1518 fructum
1689 1462 1752 1518 et
1783 1450 2123 1519 decorem.
2162 1456 2351 1518 Tunc
2391 1472 2550 1519 cum
2592 1451 2926 1518 laetat-antu·

461 1539 562 1606 illi
614 1539 729 1624 qui
782 1539 1358 1608 existimabantur
1405 1560 1556 1608 esse
1603 1538 2031 1626 insipientes,
2085 1553 2464 1628 coeperunt
2511 1538 2742 1628 lugere
2793 1539 2830 1605 ii
2867 1557 2926 1619 qu

456 1628 1033 1697 existimabantur
1077 1650 1225 1696 esse
1265 1628 1487 1707 cives;
1523 1640 1587 1696 et
1616 1628 1735 1712 qui
1768 1641 1961 1696 erant
1992 1627 2273 1717 gloriosi
2333 1630 2400 1695 in
2437 1650 2558 1696 sua
2611 1626 2928 1712 intelligen-

462 1715 574 1795 tia,
620 1718 969 1804 perierunt
1006 1718 1069 1784 in
1113 1718 1250 1785 acri
1291 1717 1842 1795 ratiocinatione:
1894 1729 1959 1785 et
1993 1717 2268 1785 tandem
2321 1717 2509 1785 ducti
2563 1715 2912 1806 poenitentia

458 1805 635 1872 inter
669 1829 738 1872 se
782 1820 1296 1874 murmurantes
1326 1817 1391 1874 et
1425 1818 1774 1894 gementes
1814 1805 2174 1874 dicebant:
2234 1806 2302 1873 hi
2340 1819 2504 1875 sunt
2535 1828 2705 1892 quos
2755 1803 2930 1871 habai-

458 1914 614 1963 mus
656 1893 995 1973 ludibrio·,
1056 1916 1293 1963 eorum
1349 1894 1652 1963 laborem
1720 1894 2048 1983 probrum
2099 1895 2713 1974 existimabamus:
2759 1913 2916 1960 eoru‘·

460 1982 662 2050 vitam
705 1983 904 2051 nihili
955 1984 1402 2062 faciebamus,
1447 1995 1799 2069 tamquam
1863 1981 2366 2051 miserabilem:
2419 2004 2658 2052 eorum
2708 1982 2928 2072 figuram

450 2071 942 2159 judicabamus
974 2095 1120 2141 esse.
1156 2071 1540 2161 indignam,
1579 2083 1643 2139 et
1691 2071 2213 2161 intelligentiam
2251 2092 2488 2141 eorum
2528 2073 2673 2140 sine
2713 2072 2922 2140 honorae.

456 2162 508 2228 Ii
553 2174 778 2229 autem
833 2161 1085 2230 inventi
1120 2173 1279 2229 sunt
1333 2160 1829 2248 intelligentes3
1864 2175 1927 2228 et
1961 2183 2082 2229 nos
2115 2159 2395 2247 quidem
2439 2163 2798 2250 probamur
2819 2171 2923 2248 turi*²

458 2248 668 2318 fuisse
720 2250 1167 2326 miserabiles,
1207 2249 1612 2339 insipientes
1651 2262 1714 2317 et
1763 2249 1977 2329 stulti,
2031 2249 2311 2336 quando
2339 2270 2561 2336 neque
2609 2247 2927 2338 nobisipsis

457 2339 957 2428 operabamur:
1016 2361 1232 2427 neque
1274 2338 1358 2408 iis
1396 2339 1514 2425 qui
1564 2339 2053 2427 operabantur,
2093 2338 2418 2407 dedimus
2448 2339 2515 2405 in
2559 2359 2750 2428 opere
2789 2353 2926 2402 auxi·

457 2427 671 2496 lium:
725 2428 841 2514 qui
877 2430 1154 2515 quidem
1192 2450 1353 2497 cum
1389 2449 1699 2497 essemus
1743 2428 1805 2494 in
1858 2428 2149 2507 deliciiS,
2203 2449 2318 2496 eos
2376 2428 2574 2496 valde
2624 2426 2908 2496 irrisimus

453 2530 518 2585 et
551 2517 735 2605 ipsos
784 2518 1206 2585 credidimus
1246 2539 1394 2585 esse
1438 2517 1862 2606 insipienteS,
1918 2538 2092 2603 quos
2139 2516 2418 2604 quidem
2475 2539 2657 2585 nunc
2690 2511 2920 2603 resplen—

454 2605 693 2673 dentes
732 2607 1347 2674 animadvertimus
1380 2619 1444 2673 et
1479 2606 1818 2674 florentes
1857 2629 1893 2671 »

542 2697 578 2780 ξ
626 2696 761 2764 18.
817 2694 904 2761 Ad
949 2696 1109 2763 llaec
1147 2694 1318 2763 dixit
1352 2695 1736 2763 Praefectus
1764 2717 1777 2761 ε
1833 2717 1867 2761 «
1898 2700 1984 2763 Te
2016 2694 2294 2781 quidem
2325 2693 2525 2764 video
2554 2715 2694 2763 esse
2722 2690 2936 2780 sapien-¹

456 2795 555 2849 ter
604 2782 767 2849 haec
812 2796 1281 2871 persecutum:
1338 2784 1453 2852 sed
1506 2783 1589 2851 ad
1646 2805 1873 2851 meum
1945 2804 2351 2872 responsum
2406 2804 2541 2853 non
2594 2782 2817 2850 videris
2855 2796 2915 2842 re

453 2870 810 2959 spondere.
848 2893 881 2935 »
933 2872 1332 2940 Valerianus
1363 2872 1570 2940 dixit:
1619 2894 1653 2936 «
1689 2872 1919 2941 Dixisti
1950 2893 2073 2940 nos
2104 2894 2255 2940 esse
2279 2872 2529 2940 stultos
2554 2884 2616 2940 et
2663 2869 2914 2955 insipien·

455 2972 573 3037 teS,
598 2959 777 3044 quod
820 2960 1173 3030 facultates
1197 2973 1465 3031 nostras
1491 2961 1741 3029 damus
1758 2962 2143 3049 egentibus,
2182 2960 2564 3061 proselytos
2589 2959 2910 3047 excipimus

454 3047 679 3116 viduis
710 3049 1235 3138 suppeditamus
1275 3070 1451 3135 quae
1484 3062 1647 3117 sunt
1690 3051 2096 3126 necessaria,
2137 3050 2472 3138 orphanis
2520 3050 2911 3119 subvenimus,

452 3159 737 3226 corpora
788 3139 1130 3227 insepulta
1199 3140 1538 3227 tegimuS,
1585 3153 1650 3205 et
1707 3160 1866 3206 cum
1921 3139 2219 3207 maximo
2263 3140 2520 3207 honore
2567 3138 2912 3224 celebramus

456 3240 836 3316 martyrum
900 3228 1383 3317 depositiones.
1440 3232 1570 3295 Nos
1618 3239 1846 3295 autem
1887 3227 2017 3295 insi
2077 3228 2292 3295 ientes
2334 3227 2663 3314 judicasti
2706 3237 2764 3293 et
2800 3218 2912 3315 deli-

454 3330 703 3397 rantes,
758 3317 938 3402 quod
972 3339 1130 3386 eum
1175 3317 1258 3384 iis
1292 3316 1412 3402 qui
1455 3316 1819 3393 laetantur,
1860 3337 1995 3384 non
2059 3329 2392 3396 amamur,
2451 3338 2573 3384 nee
2614 3317 2678 3383 in
2723 3310 2910 3381 delini<

452 3405 771 3484 vivimuS,
812 3426 933 3473 nec
987 3417 1251 3474 nostras
1298 3403 1658 3492 explemus
1708 3403 2055 3484 libidines,
2105 3425 2227 3473 nec
2278 3404 2700 3474 illiberaliter
2741 3415 2902 3469 sumu

454 3492 724 3562 lascivis
757 3506 821 3562 et
851 3494 1227 3582 impudicis
1261 3493 1505 3573 oculis,
1564 3494 1999 3562 ostendentes
2052 3514 2173 3561 nos
2206 3515 2355 3563 esse
2412 3492 2659 3562 liberos
2688 3504 2745 3559 et
2786 3489 2909 3571 inge-

456 3604 654 3652 nuos
698 3583 928 3651 Veniet
966 3596 1238 3672 tempus
1277 3604 1415 3669 quo
1465 3582 1890 3670 accipiemus
1934 3581 2371 3672 millecuplos
2419 3582 2677 3651 fructus
2722 3588 2908 3646 nostra:

452 3671 865 3752 afflictionis,
921 3684 984 3741 et
1045 3673 1243 3741 nobis
1286 3671 1701 3740 laetantibus
1749 3672 2013 3740 flebunt
2066 3671 2166 3739 illi
2222 3673 2343 3757 qui
2388 3693 2575 3739 nunc
2621 3669 2904 3759 efferunt-ur

452 3758 756 3830 laetitiis:
810 3772 909 3831 est
946 3761 1131 3829 enim
1185 3782 1370 3829 nunc
1430 3772 1705 3849 tempus
1739 3760 2156 3828 seminandi.
2212 3760 2343 3842 Qui
2386 3780 2550 3850 ergo
2589 3759 2650 3827 in
2681 3758 2787 3824 hac
2824 3762 2930 3829 vita,

446 3851 810 3929 seminant,
850 3870 1027 3935 quae
1057 3862 1219 3919 sunt
1252 3850 1336 3917 ad
1373 3862 1670 3937 tempus,
1715 3848 2082 3939 lacrymas
2124 3849 2188 3915 in
2231 3849 2348 3916 illa
2385 3849 2574 3917 beata
2607 3860 2670 3916 et
2705 3854 2898 3911 aeterna

448 3938 577 4006 vita
644 3951 897 4007 metent
956 3938 1291 4025 gaudium
1352 3938 1876 4028 sempiternum.
1935 3961 1971 4002 »
2025 3939 2196 4005 Dixit
2269 3938 2688 4006 Praefectus:
2733 3932 2900 4011 «Er‘g‘J

444 4039 507 4094 et
541 4049 685 4105 nos,
748 4040 812 4095 et
860 4027 1097 4096 invicti
1156 4032 1610 4115 Imperatores
1662 4026 1923 4096 luctum
1960 4038 2313 4094 aeternum
2369 4026 2786 4095 habebimus:
2825 4032 2894 4077 vo<

445 4128 668 4183 autem
735 4127 1086 4185 aeternum
1132 4115 1465 4206 gaudium
1511 4116 1998 4205 possidebitis?
2025 4138 2060 4180 »
2113 4115 2490 4202 Respondit
2545 4109 2888 4208 Valerianus
2927 4122 2928 4211 ἦ

445 4226 478 4268 «
515 4204 688 4286 Quid
733 4205 917 4273 enim
963 4206 1126 4275 estis
1177 4227 1315 4284 vos,
1370 4217 1488 4273 aut
1524 4206 1727 4274 vestri
1780 4208 2283 4293 Imperatores?
2331 4203 2611 4293 Impleto
2652 4207 2886 4296 eaimtjf·

447 4305 584 4358 stro
656 4307 960 4380 tempore
1022 4294 1412 4373 morientes
1470 4316 1547 4360 eo
1606 4295 1935 4381 majorem
1991 4296 2121 4361 Deo
2181 4294 2346 4362 estis
2411 4291 2709 4361 reddituri
2753 4291 2882 4348 ratio·

452 4399 634 4456 nem,
682 4401 820 4463 quo
853 4380 1043 4448 vobis
1077 4381 1163 4449 ab
1213 4404 1291 4450 eo
1329 4382 1549 4471 major
1603 4382 1759 4450 data
1811 4381 1938 4450 fuit
1971 4394 2341 4471 potestas»
2394 4381 2559 4450 Dixit
2605 4369 2878 4445 Praefectus
