2993 4837
82 315 224 382 Nov.
273 316 311 381 3
764 334 837 381 ns
886 334 939 381 s.
993 331 1317 381 naucum
1365 335 1463 380 ΕΡ.
1513 329 1859 385 uincamus
2410 316 2494 380 99

84 418 488 511 dispositioni.
545 420 806 488 Annuit
855 417 1064 488 tristis
1111 418 1438 505 quidem:
1494 418 1609 487 sed
1667 417 1889 507 magis
1948 416 2102 485 illos
2153 416 2371 486 noluit
2419 440 2586 487 con-

81 508 345 577 tristare:
397 520 461 576 et
510 506 937 596 respondens
976 508 1115 587 eiS,
1174 521 1250 577 ut
1310 506 1569 586 volunt,
1628 506 1940 576 ascendit
1981 527 2250 575 navem.
2306 511 2585 576 Etcum

72 599 188 683 jam
222 595 346 666 fere
387 595 699 665 medium
743 596 868 664 iter
913 617 1327 684 aequoreum
1392 596 1864 686 peregissent,
1921 595 2148 665 subito
2195 595 2588 667 contrarius

78 697 275 754 ventus
302 706 545 753 navem
578 685 868 775 repellit,
909 697 973 754 et
1009 685 1274 754 reducit
1307 686 1374 753 in
1416 697 1664 755 terram
1719 684 2108 753 Hiberniae.
2153 683 2586 754 Descendens

78 773 148 842 de
196 773 353 853 navi,
417 774 487 841 in
556 773 706 864 ipso
763 787 964 864 portu
1024 774 1094 843 in
1148 772 1443 861 quadam
1501 796 1624 844 sua
1673 771 1962 843 ecclesia
2013 773 2454 861 pernoctavit.
2510 777 2588 842 Et

82 862 277 940 laetus,
316 863 576 952 gratias
606 862 743 953 egit
773 863 1048 932 divinae
1087 862 1375 932 consilio
1428 860 1934 951 providentiae:
1989 884 2123 949 quo
2164 860 2419 931 factum
2456 873 2580 944 est,

80 949 284 1038 utjam
333 952 575 1020 fecerit
623 951 789 1022 satis
840 973 963 1041 pro
1012 974 1139 1021 sua
1192 951 1670 1041 promissione.
1727 955 1919 1019 Mane
1954 972 2111 1019 vero
2152 951 2418 1021 intrans
2468 973 2587 1021 na-

77 1060 217 1120 vem,
268 1040 410 1128 ipsa
460 1039 575 1108 die
625 1062 953 1130 prospero
1002 1062 1214 1110 cursu
1256 1039 1740 1119 transfretavit,
1795 1052 1858 1109 et
1909 1041 2091 1108 venit
2139 1041 2205 1108 in
2261 1040 2580 1110 Scotiam.

73 1127 168 1197 Die
198 1129 373 1197 tertia
428 1130 736 1218 pervenit
784 1128 869 1198 ad
921 1129 1147 1198 locum
1184 1183 1198 1209 ,
1243 1129 1363 1215 qui
1421 1129 1643 1197 Vz'ride
1687 1139 2006 1218 staqnum
2046 1128 2341 1198 dicitur:
2379 1151 2582 1215 quem

74 1217 280 1286 fecerat
328 1219 767 1306 praeparari,
820 1231 898 1287 ut
945 1218 1043 1286 ibi
1092 1229 1417 1288 statueret
1465 1217 1846 1287 Abbatiam.
1901 1223 1979 1288 Et
2029 1216 2261 1287 relicto
2313 1218 2452 1286 illic
2502 1217 2588 1287 de

76 1303 210 1375 filiis
239 1307 377 1376 suis
413 1306 748 1375 fratribus
790 1308 1064 1386 nostriS,
1107 1305 1604 1375 monachorum
1641 1319 1981 1376 conventu
2012 1319 2077 1376 et
2108 1305 2360 1375 Abbate
2391 1308 2586 1396 (nam

75 1416 265 1463 secum
302 1396 380 1463 ad
420 1395 553 1463 hoc
591 1396 821 1485 ipsum
860 1417 976 1464 eos
1006 1393 1437 1482 adduxerat),
1482 1394 1870 1464 valedicens
1904 1397 2026 1477 eiS,
2079 1395 2419 1485 profectus
2458 1407 2580 1464 est.

76 1485 298 1551 Etcum
336 1484 685 1565 transiret,
740 1484 1041 1554 occurrit
1087 1485 1149 1553 ei
1184 1488 1323 1552 Rex
1354 1483 1588 1562 David,
1636 1506 1674 1553 a
1705 1506 1842 1571 quo
1877 1498 2190 1575 receptus
2225 1507 2382 1553 cum
2421 1506 2589 1572 gau-

73 1569 185 1650 dio,
216 1585 275 1640 et
307 1586 613 1643 retentus
664 1594 786 1662 per
818 1572 1079 1659 aliquot
1126 1572 1296 1652 dies,
1354 1573 1708 1660 multaque
1756 1586 2078 1663 operatus
2127 1573 2376 1662 placita
2430 1578 2583 1653 Dec,

32 1659 428 1754 ¹inchoatum
487 1662 733 1752 repetit
772 1662 921 1731 iter.
976 1666 1052 1731 Et
1089 1662 1556 1751 pertransiens
1613 1663 1932 1744 Scotiam,
1982 1663 2047 1731 in
2107 1662 2254 1752 ipso
2306 1661 2588 1731 introitu

32 1748 311 1840 :angliae
356 1750 637 1820 divertit
685 1750 770 1819 ad
820 1750 1176 1820 ecclesiam
1232 1750 1861 1831 Gisisburuensem,
1912 1752 2032 1821 ubi
2097 1751 2408 1820 habitant
2455 1750 2584 1819 viri

32 1843 35 1934 Ῑ
74 1837 358 1928 religiosi,
413 1839 826 1908 canonicam
882 1839 1210 1908 ducentes
1247 1839 1478 1919 vitam,
1522 1839 1608 1908 ab
1647 1840 1930 1926 antiquo
1965 1838 2338 1910 familiares
2368 1839 2429 1907 ei
2465 1859 2586 1929 pro

75 1947 171 1995 sua
212 1926 653 2018 religiositate
700 1940 763 1997 et
814 1927 1186 1997 honestate.
1234 1926 1335 1996 Ibi
1371 1927 1672 1997 adducta
1719 1942 1819 1997 est
1852 1928 1936 1998 ad
1969 1951 2124 1997 eum
2181 1928 2434 1997 mulier,
2466 1950 2586 2017 pa-

80 2016 219 2086 tiens
261 2017 610 2098 morbum,
664 2038 868 2103 quem
921 2038 1246 2086 cancrum
1292 2016 1499 2106 vulgo
1549 2015 1924 2106 appellant,
1964 2018 2113 2107 ipso
2162 2017 2584 2086 horrendum

80 2103 237 2186 visu,
293 2120 354 2176 et
395 2106 671 2176 sanavit
733 2127 909 2174 eam.
964 2111 1127 2175 Nam
1182 2103 1301 2173 ubi
1352 2127 1576 2191 aqua,
1651 2107 1763 2174 cui
1834 2105 2202 2185 benedixit,
2257 2106 2586 2195 adspersa

88 2206 209 2263 sunt
248 2195 555 2264 ulcerum
613 2194 806 2275 loca,
861 2193 1164 2263 dolorem
1218 2215 1351 2262 non
1405 2195 1641 2263 sensit.
1716 2195 1830 2262 Die
1893 2216 2048 2263 vero
2110 2195 2419 2280 sequenti
2476 2194 2586 2263 vix

86 2277 261 2352 ulcera
317 2284 777 2375 apparebant.
854 2283 1099 2352 Abiens
1169 2281 1377 2363 inde,
1434 2282 1519 2350 ad
1578 2304 1766 2352 mare
1833 2283 2060 2353 venit:
2128 2282 2246 2352 sed
2295 2294 2587 2373 negatur

86 2372 378 2442 mositus.
435 2377 662 2443 Causa
707 2371 836 2461 (ni
896 2369 1154 2461 fallor)
1200 2371 1377 2450 fuit,
1441 2384 1588 2442 orta
1637 2372 1955 2442 simultas
2003 2371 2340 2461 quaedam
2410 2372 2585 2441 inter

77 2476 373 2530 summum
428 2461 834 2531 Pontificem
886 2474 950 2530 et
999 2466 1247 2548 Regem
1300 2460 1628 2551 Angliae‚
1681 2461 1864 2550 quod
1935 2467 2072 2531 Rex
2137 2461 2367 2531 nescio
2416 2460 2583 2549 quid

74 2548 201 2616 mali
230 2551 701 2639 suspicaretur
748 2549 831 2619 de
883 2551 1060 2619 bono
1110 2549 1229 2618 illo
1279 2550 1584 2631 homine,
1641 2552 1696 2621 si
1752 2552 2094 2620 transiret.
2149 2556 2316 2621 Nam
2360 2571 2580 2637 neque

74 2632 207 2707 alios
258 2641 633 2729 Episcopos
686 2640 974 2707 transire
1023 2639 1314 2708 sinebat.
1370 2639 1563 2721 Quod
1616 2640 1893 2727 quidem
1949 2640 2525 2729 impedimentum
2560 2693 2577 2719 ,

74 2726 167 2793 etsi
206 2726 321 2796 suit
365 2727 796 2798 contrarium
850 2727 1222 2797 Malachiae
1284 2727 1643 2808 voluntati,
1702 2728 1818 2798 sed
1880 2751 2016 2797 non
2073 2740 2244 2798 voto.
2303 2728 2582 2798 Dolebat

76 2809 280 2887 differri
325 2839 363 2886 a
412 2816 763 2886 desiderio
812 2839 937 2886 suo
974 2871 988 2895 ‚
1047 2816 1362 2885 nesciens
1431 2839 1542 2885 ma
1596 2817 1653 2885 is
1704 2839 1824 2905 per
1872 2818 1999 2887 hoc
2047 2816 2408 2907 impletum
2463 2817 2571 2885 iri.

78 2900 203 2970 tiam
242 2904 293 2973 si
342 2906 411 2974 in
446 2905 843 2974 continente
894 2905 1273 2986 transisset,
1327 2918 1562 2995 oporte
1615 2917 1682 2973 at
1716 2907 2008 2976 transire
2048 2907 2250 2977 etiam
2281 2906 2580 2976 Claram-

86 2986 290 3073 Vfllltm
342 3008 420 3064 ut
456 3015 817 3065 summum
854 2993 1249 3063 Pontificem
1302 3006 1725 3081 sequeretur.
1778 3001 1929 3063 Jam
1974 2996 2157 3064 enim
2191 2994 2477 3076 abierat,
2516 3006 2583 3063 et

81 3088 191 3149 emt
221 3084 491 3162 Romae,
552 3094 671 3150 aut
723 3105 930 3172 prope
980 3088 1294 3153 Romam.
1341 3088 1535 3154 Nunc
1570 3105 1722 3152 vero
1754 3082 2216 3153 intercedente
2255 3083 2583 3153 dilatione

76 3162 276 3264 sactum
324 3185 453 3251 est,
511 3182 589 3238 ut
641 3171 904 3240 tardius
957 3172 1427 3251 transfretans,
1482 3171 1570 3241 ad
1622 3172 1848 3242 locum
1899 3186 1963 3241 et
2013 3173 2251 3241 horam
2293 3173 2578 3242 sanctis-

71 3257 194 3325 simi
234 3261 335 3330 sui
387 3260 626 3330 obitus
675 3273 1057 3349 opportune
1088 3272 1502 3330 occurreret.

136 3350 350 3444 §.²4
408 3348 547 3431 Qui
580 3369 618 3417 a
653 3347 852 3418 nobis
885 3363 1244 3439 susceptus
1277 3362 1401 3428 est,
1442 3360 1796 3435 tamquam
1848 3370 2051 3418 verus
2099 3348 2186 3417 ab
2220 3348 2582 3418 Occidente

68 3450 326 3517 ventenS,
380 3437 673 3506 visitans
725 3458 850 3506 nos
897 3439 1124 3507 oriens
1173 3459 1253 3507 ex
1301 3437 1461 3507 alto.
1519 3441 1568 3507 Ο
1617 3451 1952 3525 quantum
2007 3449 2280 3507 nostrae
2317 3437 2584 3507 Clarae-

64 3520 195 3615 yalli
233 3524 573 3595 irradians
605 3525 703 3594 sol
751 3525 864 3595 ille
896 3525 1226 3596 claritatis
1274 3526 1556 3596 adauxit
1588 3530 1599 3594 l
1655 3531 1872 3609 Quam
1916 3525 2277 3615 jucundus
2312 3526 2396 3595 ad
2432 3526 2584 3615 ejus

64 3612 382 3683 introitum
437 3615 587 3685 dies
637 3614 850 3697 festus
909 3614 1130 3684 illuxit
1180 3614 1422 3684 nobisl
1477 3620 1657 3684 Haec
1707 3615 1877 3696 dies,
1915 3637 2121 3701 quam
2159 3616 2316 3686 fecit
2355 3616 2581 3684 Domi·

64 3716 213 3780 nus,
262 3703 643 3777 exultatum
693 3717 758 3774 et
808 3703 1127 3774 laetatum
1195 3703 1264 3772 in
1315 3726 1418 3773 ea.
1473 3710 1692 3786 Quam
1743 3703 1921 3773 celer
1969 3719 2034 3774 et
2082 3704 2382 3785 salienS,
2455 3718 2582 3774 tre-

66 3788 264 3859 mutus
309 3814 387 3861 ac
429 3791 680 3862 debilis
731 3814 885 3862 mox
935 3793 1082 3882 ipse
1129 3793 1440 3862 occurrii
1495 3799 1711 3875 Quam
1768 3793 1984 3862 laetus
2026 3793 2095 3861 in
2137 3793 2377 3863 oscula
2424 3794 2576 3863 ruil

32 3876 248 3971 Quam
296 3880 493 3951 laetis
544 3881 846 3952 brachiis
883 3882 1163 3952 missam
1210 3882 1380 3950 mihi
1435 3881 1721 3952 coelitus
1771 3881 2200 3971 amplexatus
2235 3905 2389 3953 sum
2428 3905 2582 3972 gra—

66 3971 239 4034 tiam!
290 3974 510 4052 Quam
580 3970 790 4040 alacri
853 3969 1047 4040 vultu
1093 3983 1157 4040 et
1204 3971 1488 4051 animO,
1545 3972 1638 4040 mi
1700 3982 1932 4060 pater,
1989 3970 2339 4040 introduxi
2396 3984 2458 4041 te
2507 3972 2577 4040 in

66 4047 308 4126 domum
361 4058 601 4129 matris
649 4080 885 4140 meae,
939 4070 1003 4128 et
1063 4059 1129 4127 in
1190 4058 1595 4129 cubiculum
1658 4059 2013 4147 genitricis
2063 4063 2289 4128 meae!
2357 4065 2578 4141 Quam

68 4134 297 4235 festivos
342 4146 596 4216 deinde
645 4158 866 4216 tecum
917 4147 1083 4217 duxi
1133 4147 1303 4229 dies,
1360 4147 1477 4217 sed
1532 4148 1837 4237 paucosl
1894 4145 2071 4228 Quid
2123 4169 2280 4216 vero
2328 4148 2443 4215 ille
2494 4150 2580 4215 vi-

70 4230 259 4302 cissim
296 4234 540 4305 nobis?
569 4239 823 4325 Nempe
857 4235 1170 4317 hilarem,
1223 4257 1472 4325 nempe
1521 4235 1865 4305 affabilem
1905 4236 2314 4325 peregrinus
2351 4246 2579 4303 noster

72 4320 347 4391 omnibus
409 4345 481 4392 se
547 4324 958 4413 praebebat,
1025 4324 1354 4394 omnibus
1425 4321 1925 4393 incredibiliter
1988 4336 2289 4413 gratum.
2356 4327 2577 4403 Quam

74 4398 328 4493 bonum,
378 4425 444 4482 et
490 4432 705 4500 quam
760 4412 1155 4502 jucundum
1219 4411 1466 4503 agebat
1531 4410 1871 4501 hospitem
1940 4410 2127 4501 apud
2179 4432 2341 4491 θος,
2406 4430 2581 4495 quos
2643 4450 2744 4513 s
