2993 4837
51 330 209 397 Rev,
267 331 338 394 ’11
781 349 858 394 1)ss
907 348 962 394 s.
1017 348 1297 394 manso
1345 349 1442 394 Er.
1498 350 1849 396 Tuaoxaxm
2361 336 2477 399 4211

50 432 296 501 Martini
333 432 603 521 Regina
660 432 1022 521 pendebat,
1077 432 1484 523 Evangelico
1543 433 1657 503 illo
1709 456 1841 503 non
1910 433 2191 504 inferior
2240 436 2571 524 exemplu,

49 521 232 612 pedes
280 522 508 590 sancti
573 523 737 590 ssetu
782 521 1069 611 rigabat,
1125 523 1316 591 crine
1364 523 1690 612 tergebat.
1739 524 2072 593 Martinus
2119 546 2322 611 quem
2388 523 2579 593 nulla

45 632 330 695 unquam
385 609 690 679 foemina
740 610 1185 700 contigisset,
1252 611 1451 680 istius
1500 612 2009 693 assiduitatem,
2069 612 2282 680 immo
2354 614 2579 701 potius

49 699 449 779 servitutem,
512 720 647 769 non
688 694 944 789 poterat
981 699 1290 768 evadere.
1329 705 1469 770 Non
1524 700 1639 768 illa
1672 723 1835 790 opes
1870 702 2087 790 regni,
2130 723 2259 770 non
2298 702 2580 790 Imperii

49 786 461 877 dignitatern,
519 810 652 857 non
694 788 1035 867 diadema,
1075 810 1209 857 non
1258 810 1636 878 purpuram
1670 789 2050 879 cogitabat:
2087 788 2318 858 divelli
2345 813 2384 859 a
2412 796 2583 859 Mar-

17 864 160 943 ¹tini
194 875 513 966 pedibus,
561 876 706 946 solo
736 889 969 956 strata,
1024 899 1157 946 non
1193 890 1473 1033 poterat.
1529 883 1875 947 Postremo
1906 900 1944 946 a
1978 879 2120 947 viro
2171 900 2295 949 suo
2334 879 2572 969 poscit,

49 964 183 1032 dein
220 966 592 1035 Martinum
627 979 912 1052 uterque
945 987 1186 1055 compe
1220 965 1392 1046 lunt,
1429 978 1506 1035 ut
1543 966 1628 1047 ei,
1681 966 1958 1035 remotis
1997 966 2322 1035 omnibus
2375 968 2581 1036 mini-

52 1054 210 1134 stris,
252 1055 610 1143 praeberet
661 1054 804 1123 sola
843 1055 1260 1123 convivium.
1299 1060 1427 1123 Nec
1480 1055 1699 1145 potuit
1736 1056 1835 1123 vir
1876 1056 2119 1123 beatus
2167 1056 2581 1125 obstinatius

53 1141 370 1211 reluctari.
438 1144 890 1231 Componitur
937 1157 1169 1212 castus
1220 1144 1493 1232 reginae
1544 1144 1868 1230 manibus
1920 1156 2316 1234 apparatuS,
2353 1144 2582 1215 *sellu-

53 1228 167 1297 lam
205 1232 342 1319 ipsa
398 1233 802 1312 consternit,
846 1254 1153 1300 mensam
1190 1231 1527 1312 admovet,
1567 1254 1815 1319 aquam
1870 1233 2193 1302 manibus
2240 1232 2583 1302 submini-

57 1330 218 1401 strat,
253 1320 521 1400 cibum,
561 1342 762 1406 quem
811 1320 957 1406 ipsa
993 1334 1283 1400 coxerat,
1323 1321 1630 1409 apponit.
1672 1327 1852 1410 Ipsa,
1902 1321 2018 1390 illo
2068 1321 2367 1403 sedente,
2408 1323 2578 1391 emi-

63 1428 168 1474 nus
209 1409 598 1479 secundum
655 1408 1135 1477 famulantium
1174 1408 1643 1498 disciplinam,
1683 1409 1827 1478 solo
1864 1409 2019 1490 fixa,
2067 1412 2380 1480 consistit
2449 1412 2578 1479 im-

59 1495 326 1577 mobilis,
370 1519 496 1587 per
527 1498 758 1566 omnia
797 1497 1252 1567 ministrantis
1304 1498 1729 1581 modestiam,
1775 1512 1837 1567 et
1888 1499 2344 1568 humilitatem
2384 1500 2575 1568 exhi-

61 1582 205 1653 bens
272 1586 658 1654 servientis.
733 1586 1002 1655 Miscuit
1051 1587 1201 1675 ipsa
1251 1585 1574 1667 bibituro,
1638 1601 1701 1655 et
1753 1588 1901 1675 ipsa
1974 1589 2288 1674 porrexit.
2359 1589 2579 1658 Finita

61 1673 340 1754 coenula,
399 1674 787 1761 fragmenta
843 1675 1041 1763 panis
1090 1675 1439 1763 absumpti
1471 1676 1817 1762 micasque
1866 1675 2161 1767 collegit,
2202 1677 2368 1745 satis
2410 1676 2579 1747 tide-

45 1756 193 1829 aeliter
225 1762 372 1831 illas
423 1762 756 1848 reliquias
792 1763 1279 1851 Imperialibus
1317 1763 1543 1852 epulis
1591 1778 2035 1853 anteponens,
2082 1771 2279 1834 Beata
2332 1765 2581 1835 mulier

61 1859 216 1919 tanto
250 1852 523 1941 pietatis
555 1852 827 1931 affectu,
871 1852 970 1920 illi
1019 1853 1261 1921 merito
1284 1853 1773 1941 comparanda,
1810 1875 1985 1939 quae
2019 1855 2197 1922 venit
2223 1878 2261 1921 a
2312 1854 2572 1923 finibus

65 1948 246 2008 terrae
290 1941 540 2009 audire
589 1941 993 2029 sapientiam
1076 1941 1501 2020 Salomonis;
1556 1941 1613 2009 si
1660 1941 1939 2027 quidem
2009 1942 2398 2031 simplicem
2472 1966 2578 2011 se-

62 2046 321 2111 quamur
369 2030 770 2099 historiam:
817 2030 929 2098 sed
983 2030 1038 2099 si
1084 2030 1253 2098 sides
1291 2030 1684 2118 reginarum
1735 2044 1835 2098 est
1874 2030 2285 2098 conferenda
2332 2031 2575 2119 (quod

71 2115 206 2183 mihi
254 2118 471 2199 liceat,
523 2130 839 2207 separata
897 2120 1201 2206 mysterii
1273 2120 1646 2206 majestate,
1717 2118 2039 2206 dixisse),
2099 2119 2208 2187 illa
2261 2121 2580 2208 expetivit

73 2204 271 2273 audire
302 2208 749 2296 sapientiam:
807 2207 934 2275 ista
971 2230 1100 2275 non
1160 2220 1421 2277 tantum
1460 2208 1738 2277 audisse
1771 2219 2109 2288 contenta,
2166 2207 2280 2276 sed
2320 2222 2384 2276 et
2435 2230 2576 2277 me-

77 2290 186 2360 ruit
222 2297 468 2365 servire
511 2295 833 2384 sapienti.

141 2382 170 2468 §
207 2389 274 2454 ἵ.
325 2385 888 2475 Claudiomagus,
934 2384 1123 2453 vicus
1169 2396 1269 2454 est
1318 2385 1385 2453 in
1420 2383 1724 2455 confinio
1762 2384 2145 2475 Biturigum
2189 2396 2394 2472 atque
2439 2390 2573 2453 Tu-

69 2488 380 2542 ronorum.
421 2474 727 2543 Ecclesia
759 2474 850 2542 ibi
882 2486 983 2543 est
1021 2473 1308 2543 celebris
1359 2474 1688 2562 religione
1719 2488 2141 2553 sanctorum,
2183 2497 2305 2544 nec
2340 2475 2577 2543 minus

68 2556 322 2653 gloriosa
373 2585 730 2632 sacrarum
786 2563 1127 2651 virginum
1186 2563 1645 2631 multitudine.
1701 2563 2123 2633 Praeteriens
2172 2585 2333 2653 ergo
2406 2569 2579 2631 Mar-

68 2657 245 2744 tinuS,
297 2652 362 2719 in
418 2652 782 2721 secretario
830 2650 1156 2720 ecclesiae
1190 2652 1430 2721 habuit
1483 2652 1935 2722 mansionem.
1976 2658 2131 2721 Post
2179 2652 2570 2722 discessum

72 2732 230 2805 illius
273 2754 560 2809 cunctae
612 2741 676 2807 in
723 2740 1160 2810 secretarium
1210 2740 1376 2809 illud
1419 2741 1717 2830 virgines
1752 2741 2127 2823 irruerunt,
2163 2741 2576 2811 adlambunt

71 2822 304 2921 singula
352 2829 519 2908 loca,
562 2829 680 2898 ubi
723 2840 842 2897 aut
875 2829 1140 2898 sederat
1176 2830 1276 2896 vir
1309 2829 1573 2906 beatus,
1610 2844 1726 2898 aut
1767 2844 2070 2900 steterat:
2110 2844 2569 2900 stramentum

71 2923 260 2994 etiam,
298 2917 364 2985 in
415 2939 554 3004 quo
587 2917 958 3004 quieverat,
1018 2919 1433 3006 partiuntur.
1483 2922 1621 2986 Una
1674 2941 1909 2989 earum
1948 2933 2096 3008 post
2130 2920 2276 2989 dies
2316 2941 2571 3009 paucos

74 3013 288 3083 partem
340 3006 719 3085 straminis,
773 3028 978 3092 quam
1031 3008 1162 3075 sibi
1217 3029 1336 3096 pro
1388 3007 1860 3077 benedictione
1908 3008 2319 3097 collegerat,
2375 3031 2572 3076 ener-

73 3106 349 3172 gumeno,
402 3117 605 3181 quem
660 3095 944 3184 spiritus
1013 3097 1263 3164 erroris
1325 3095 1674 3185 agitabat,
1737 3095 1818 3164 de
1869 3096 2129 3164 cervice
2178 3097 2570 3186 suspendit.

73 3176 173 3271 {lec
220 3203 422 3263 mora,
479 3183 662 3252 dicto
695 3184 915 3252 citius
963 3183 1175 3270 ejecto
1224 3184 1582 3264 daemone,
1631 3206 1919 3273 persona
1964 3199 2253 3274 purgata
2288 3198 2411 3252 cst.
2452 3190 2577 3253 Per

75 3261 218 3334 idem
265 3269 397 3339 sere
450 3285 720 3360 tempus
769 3273 1056 3341 Martino
1091 3297 1127 3340 a
1168 3273 1458 3340 Treviris
1511 3273 1865 3341 revertenti
1904 3271 1981 3340 sit
2028 3272 2297 3340 obviam
2345 3295 2569 3352 vacca,

71 3369 241 3434 quarn
289 3359 576 3429 daemon
628 3361 977 3450 agitabat:
1032 3383 1207 3447 quae
1262 3361 1494 3429 relicto
1544 3383 1748 3450 grege
1800 3383 1946 3441 suo,
1999 3360 2067 3428 in
2122 3361 2436 3430 homines
2487 3360 2580 3428 se-

76 3439 331 3542 rebatur,
382 3461 445 3518 et
503 3449 646 3536 jam
705 3450 955 3519 multos
1008 3452 1202 3519 noxie
1271 3449 1588 3539 petulans
1657 3449 2078 3519 confoderat.
2149 3455 2391 3517 Verum
2455 3449 2577 3519 ubi
2632 3467 2645 3483 ·

78 3529 239 3598 nobis
298 3538 513 3626 coepit
571 3560 721 3607 esse
782 3538 1106 3626 contigua
1140 3594 1155 3619 ‚
1211 3538 1330 3618 iis,
1391 3539 1511 3625 qui
1561 3560 1709 3607 eam
1762 3538 2037 3607 eminus
2087 3539 2573 3624 sequebantur,

78 3620 426 3699 praedicere
478 3649 725 3717 magna
788 3648 946 3695 voce
993 3639 1390 3718 coeperunt,
1431 3638 1505 3696 ut
1554 3649 1972 3696 caveremus.
2031 3627 2158 3696 Sed
2213 3639 2577 3716 postquam

78 3703 140 3769 ad
198 3730 309 3782 nos
364 3715 568 3784 torvis
629 3715 1004 3785 furibunda
1081 3716 1468 3786 luminibus
1519 3717 1804 3816 propius
1852 3717 2190 3795 accessit,
2247 3713 2580 3784 Martinus

80 3790 297 3866 elevata
343 3803 607 3872 obviam
667 3827 902 3884 manu,
949 3805 1279 3892 pecudem
1341 3819 1714 3875 consistere
1767 3805 1988 3892 jubet.
2051 3809 2236 3887 Quae
2287 3825 2442 3871 mox
2491 3802 2577 3871 ad

84 3884 321 3955 verbum
361 3890 546 3961 illius
586 3907 762 3961 stare
797 3895 1020 3982 coepit
1055 3893 1453 3971 immobilis,
1495 3915 1654 3964 cum
1709 3895 1961 3962 interea
2018 3894 2194 3962 videt
2249 3893 2580 3962 Martinus

84 3964 439 4046 daemonem
479 3981 683 4050 dorso
735 3981 924 4051 illius
964 3983 1550 4072 supersedentem.
1616 3987 1826 4065 Quem
1892 3982 2301 4070 increpans:
2359 4004 2393 4045 «
2464 3986 2580 4049 De-

17 4145 20 4146 ,
88 4062 317 4158 scetide,
353 4067 594 4154 inquit,
635 4069 901 4138 funeste
965 4071 1048 4139 de
1100 4072 1381 4160 pecude,
1447 4084 1512 4140 et
1572 4070 1930 4140 innoxium
1999 4069 2253 4138 animal
2323 4069 2582 4158 agitare

88 4140 320 4240 desiste.
374 4179 406 4220 »
444 4158 673 4226 Paruit
726 4180 1018 4244 nequam
1074 4161 1383 4248 spirituS,
1436 4173 1500 4228 et
1552 4158 1849 4228 recessit.
1903 4162 2033 4227 Nec
2084 4157 2301 4227 defuit
2335 4180 2580 4226 sensus

95 4251 144 4297 111
182 4235 433 4324 bucula,
488 4246 655 4331 quin
709 4270 779 4315 se
830 4248 1236 4338 intelligeret
1288 4248 1669 4318 liberatam.
1706 4253 1869 4316 Ante
1920 4247 2125 4336 pedes
2171 4247 2389 4314 sancti
2424 4246 2575 4326 viri,

98 4338 319 4424 recepta
365 4334 613 4419 quiete,
655 4337 1132 4422 prosternitur.
1175 4338 1332 4405 Dein
1376 4336 1665 4426 jubente
1715 4336 2023 4415 Martino‚
2064 4357 2337 4425 gregem
2373 4358 2578 4404 suum

103 4424 274 4495 Ρθῑῐῑῑ,
343 4442 545 4509 seque
616 4424 873 4512 agmini
945 4437 1364 4494 caeterarum
1415 4447 1536 4494 ove
1594 4424 1927 4513 placidior
1986 4424 2385 4493 immiscuit.
2442 4430 2582 4494 Hoc
