2993 4837
292 263 374 327 ⁴2
1036 279 1361 330 memnon
1409 282 1504 330 ss.
1555 282 1898 330 narrauit
2465 265 2650 333 NOV.
2707 268 2736 331 4

199 364 564 436 confusus:
616 388 641 429 α
679 364 911 436 Timeo
942 387 1023 436 ac
1066 366 1333 456 trepido
1396 367 1835 436 vehementer
1892 366 2079 438 hunc
2129 368 2570 459 sanguinem,
2622 370 2750 457 qui

199 454 288 523 de
330 475 689 525 caesorum
743 475 865 543 pro
899 460 1066 524 Jesu
1102 456 1431 525 Nazareni
1466 456 1745 526 nomine
1771 457 2158 527 cervicibus
2207 471 2464 528 manat.
2520 463 2604 527 Se
2639 458 2750 527 in-

197 544 416 612 vicem
459 543 822 612 hortantur
867 543 952 612 ad
1005 559 1318 623 mortem,
1372 544 1514 634 pro'
1545 544 1767 633 ipsius
1800 544 2236 616 confessione
2273 546 2748 616 subeundam.

199 636 427 701 Terret
475 652 585 700 me
635 632 802 717 tanti
853 631 1161 720 ipsorum
1214 633 1481 702 cruoris
1535 633 1802 714 effusio,
1857 655 2079 722 neque
2129 634 2217 704 ad
2281 647 2742 713 momentum,

198 730 356 789 ante
394 731 656 789 tantum
693 718 1193 810 discipulorum
1228 721 1474 791 Christi
1512 742 1956 804 consensum,
2012 734 2411 810 tantamque
2458 744 2753 793 concor-

197 808 383 877 diam
417 808 579 878 fidei
617 810 990 878 consistere
1023 831 1329 899 possum.
1369 810 1669 880 Poenitet
1695 810 1840 898 jam
1886 832 1994 881 me
2033 811 2192 887 facti
2229 813 2387 893 mei,
2426 811 2753 881 mallem-

194 918 333 984 que
377 897 707 967 adversus
752 918 868 966 eos
907 918 1042 967 non
1100 899 1480 968 concitasse
1529 898 1922 989 principum
1970 901 2263 970 animos,
2325 906 2496 970 Ecce
2546 901 2747 971 enim

196 985 474 1056 illorum
538 985 824 1076 sanguis
888 1007 996 1056 me
1057 986 1362 1073 undique
1407 988 1725 1077 exagitat.
1771 992 1865 1057 En
1917 990 2280 1079 sanguinis
2327 990 2497 1059 odor
2553 1011 2753 1058 meas

195 1074 478 1144 exsolvit
503 1075 702 1155 vireS,
739 1097 820 1145 ac
847 1095 1107 1163 nequeo
1146 1076 1416 1165 penitus
1445 1076 1613 1145 illuc
1654 1076 2003 1146 intendere
2058 1078 2301 1157 aciem,
2356 1079 2478 1148 ubi
2527 1078 2752 1147 disci-

195 1162 520 1253 pulorum
568 1169 736 1232 Jesu
783 1185 935 1234 ossa
969 1164 1325 1233 inhumata
1349 1166 1606 1252 jacent.
1640 1188 1676 1232 »

287 1260 326 1332 ς
376 1255 453 1322 ¹2.
516 1256 696 1321 Haec
744 1265 930 1332 sunt,
982 1275 1023 1322 o
1071 1253 1353 1322 formosi
1399 1253 1643 1324 Milites
1692 1254 1964 1334 Christi,
2001 1254 2301 1344 insignia
2336 1265 2601 1324 vestrae
2650 1254 2758 1322 vi-

197 1341 475 1410 ctoriae.
531 1344 691 1420 Ista,
746 1363 787 1409 o
844 1341 1138 1410 athletae
1188 1342 1680 1430 probatissimi,
1740 1343 2153 1432 perfectique
2217 1343 2433 1412 divini
2497 1343 2754 1433 proelii

195 1428 582 1510 bellatoreS‚
634 1441 896 1498 vestrae
932 1429 1089 1499 fidei
1129 1452 1208 1498 ac
1257 1430 1680 1500 fortitudinis
1726 1432 2056 1521 praemia.
2107 1437 2281 1502 Istae
2331 1444 2593 1501 vestrae
2644 1432 2753 1500 vi-

196 1518 473 1598 ctoriae,
520 1517 687 1587 haec
726 1517 1041 1607 gloriatio
1092 1530 1336 1593 vestra.
1374 1524 1551 1588 Mors
1583 1532 1802 1588 vestra
1843 1541 2210 1609 perennem
2249 1521 2439 1590 vobis
2473 1521 2753 1610 peperit

199 1607 431 1676 vitam.
487 1611 905 1695 Conspexere
970 1608 1312 1695 sapientes
1374 1619 1672 1698 stragem
1743 1621 2078 1690 vestram,
2133 1631 2211 1678 ac
2262 1608 2332 1677 in
2384 1618 2752 1697 stuporem

196 1716 527 1764 conversa
549 1708 650 1764 est
680 1695 956 1765 illorum
990 1696 1351 1784 sapientia,
1386 1696 1790 1783 attonitique
1823 1698 1908 1766 ad
1941 1696 2348 1766 alterutrum
2375 1697 2752 1767 dicebant:

199 1806 236 1849 «
272 1788 438 1854 Vere
488 1805 783 1873 magnus
813 1797 916 1854 est
953 1784 1500 1854 Christianorum
1535 1789 1736 1865 DeuS,
1793 1786 1861 1853 in
1912 1808 2119 1873 quem
2169 1785 2358 1855 illius
2407 1784 2757 1874 discipuli

198 1872 295 1942 ita
325 1871 789 1952 crediderunt,
844 1885 923 1943 ut
967 1873 1054 1942 ab
1091 1872 1244 1960 ejus
1275 1872 1408 1942 fide
1442 1872 1656 1943 nullis
1695 1873 2062 1964 suppliciis
2110 1875 2408 1944 amoveri
2445 1875 2752 1964 possint,

198 1964 411 2060 Saepe
458 1972 685 2030 autem
719 1974 782 2029 et
816 1972 1099 2034 tortores
1147 1962 1168 2030 i
1223 1962 1305 2042 si,
1345 1962 1700 2032 beatorum
1755 1975 1941 2032 tanta
1989 1963 2278 2053 permoti
2325 1963 2755 2033 constantia.

197 2049 546 2119 Christum
597 2049 1075 2120 venerabiliter
1120 2073 1159 2119 a
1211 2063 1601 2131 oraverunt,
1654 2051 1951 2138 factique
2000 2064 2162 2121 sunt
2210 2052 2278 2119 in
2333 2052 2578 2120 timore
2635 2052 2763 2121 Dei

196 2159 277 2207 ac
312 2137 462 2208 fide
510 2137 812 2228 perfecti,
866 2138 1226 2208 tolerantia
1272 2140 1569 2209 maxime
1616 2144 1990 2228 Martyrum
2025 2152 2091 2209 et
2123 2140 2755 2220 exhortationibus,

195 2226 455 2313 quibus
514 2249 586 2297 se
635 2239 876 2297 mutuo
940 2227 1005 2295 in
1058 2228 1208 2316 ipso
1270 2228 1516 2298 ardore
1563 2229 1961 2297 certaminis
2012 2228 2097 2297 ad
2166 2230 2516 2318 passiones
2581 2228 2763 2297 tole-

196 2315 451 2384 randas
498 2315 924 2395 animabant,
980 2317 1346 2405 provocati.
1401 2316 1700 2397 vidistis,
1755 2316 2037 2399 fratreS,
2091 2316 2306 2385 divini
2357 2338 2760 2387 consensus

195 2404 695 2474 eminentiam?
741 2403 1042 2487 Vidistis,
1096 2403 1550 2486 dilectissimi,
1603 2406 2005 2477 charitatem
2058 2406 2197 2487 Dei,
2254 2406 2565 2475 membra
2615 2429 2765 2477 sua

194 2493 374 2563 inter
413 2492 681 2562 labores
724 2494 1213 2582 passionesque
1247 2496 1729 2564 roborantem?
1762 2500 1926 2564 Nam
1958 2496 2177 2564 sancti
2211 2494 2313 2564 illi
2345 2516 2417 2564 se
2444 2496 2760 2565 invicem

194 2582 266 2650 in
318 2582 468 2672 ipso
516 2581 913 2652 certaminis
971 2580 1227 2652 fervore
1289 2583 1375 2652 ad
1430 2583 1866 2673 perferendos
1917 2604 2039 2673 pro
2086 2583 2223 2653 fide
2279 2583 2525 2653 Christi
2575 2606 2755 2652 cru-

194 2669 420 2738 ciatus
447 2668 922 2751 hortabantur,
960 2670 1577 2760 pusillanimesque
1602 2671 2161 2754 consolabantur,
2193 2684 2267 2742 ut
2301 2672 2433 2761 ipsi
2465 2694 2765 2759 quoque

194 2757 475 2828 illorum
512 2757 687 2827 servi
735 2780 876 2828 una
905 2781 1065 2844 cum
1101 2759 1403 2830 dominis
1437 2762 1506 2829 in
1559 2773 1795 2830 sancto
1842 2762 2217 2831 certamine
2265 2761 2581 2850 martyrii
2629 2783 2763 2831 co-

193 2868 363 2916 rona
411 2845 855 2917 donarentur.
909 2851 1041 2918 Nos
1088 2861 1347 2929 contra,
1405 2848 1571 2918 mali
1620 2862 1823 2936 atque
1875 2850 2215 2938 perversi,
2273 2849 2568 2918 invicem
2633 2850 2760 2918 in-

191 2935 546 3015 videmus,
602 2935 891 3005 invicem
956 2937 1386 3007 comedimus
1419 2991 1434 3016 ,
1492 2938 1782 3007 invicem
1837 2938 2238 3008 mordemus
2283 2937 2370 3006 ob
2410 2938 2761 3007 immani-

192 3036 394 3094 tatem
462 3024 807 3110 nequitiae
861 3038 1153 3094 nostrae.
1215 3030 1349 3116 Age
1415 3026 1669 3126 igitur,
1725 3041 2120 3097 sanctorum
2172 3031 2340 3095 Mart
2393 3047 2547 3094 rum
2598 3040 2761 3097 esto

190 3111 604 3202 discipulus.
659 3113 728 3182 Si
780 3124 841 3182 te
890 3112 1027 3184 illis
1075 3115 1144 3182 in
1194 3114 1639 3215 disciplinam
1705 3114 1979 3197 tradas,
2034 3115 2237 3184 erunt
2284 3114 2329 3183 ti
2387 3116 2404 3182 i
2462 3136 2761 3203 praece-

190 3214 419 3292 ptores
467 3200 734 3289 optimi,
771 3201 1133 3288 discesque
1165 3203 1252 3272 ab
1289 3203 1429 3273 illis
1461 3202 1656 3272 nulla
1689 3205 1948 3273 ratione
1983 3203 2425 3292 passionibus
2464 3203 2753 3284 cedere;

189 3291 414 3362 disces
462 3290 550 3359 ab
595 3289 695 3359 eis
745 3290 1109 3379 perfectam
1161 3291 1392 3370 fidem,
1444 3292 1847 3362 charitatem
1899 3292 2037 3372 Dei,
2079 3293 2566 3382 ingentemque
2612 3294 2758 3361 mi-

191 3378 551 3450 serationis
582 3379 928 3460 affectum,
966 3400 1046 3448 ac
1079 3380 1469 3451 futurorum
1512 3381 1959 3451 desiderium.
2010 3382 2096 3450 Hi
2143 3381 2327 3449 enim
2378 3379 2755 3450 ardentem

190 3489 438 3559 rogum
489 3468 735 3537 virtute
798 3469 914 3536 Dei
961 3481 1025 3538 et
1073 3468 1209 3538 fide
1257 3468 1553 3558 perfecta
1618 3470 1949 3540 vicerunt.
2008 3470 2214 3539 Vince
2279 3468 2490 3557 igitur
2547 3481 2615 3537 et
2673 3481 2759 3539 tu

191 3578 462 3648 semper
508 3555 826 3625 ardentes
875 3557 1114 3627 noxiae
1149 3558 1747 3647 concupiscentiae
1776 3559 2116 3628 flammas.
2170 3557 2406 3627 Varios
2445 3555 2549 3625 illi
2579 3578 2758 3629 cru-

189 3647 410 3717 ciatus
447 3643 800 3716 tolerando
840 3658 1279 3734 superarunt,
1319 3669 1461 3735 spe,
1505 3668 1681 3733 quae
1713 3661 1815 3716 est
1855 3648 1924 3740 in
1955 3647 2241 3726 Christ0‚
2289 3645 2597 3715 subnixi.
2638 3651 2756 3718 Tu

189 3755 464 3821 quoque
499 3746 733 3823 turpes
781 3753 1022 3804 omnes
1072 3736 1448 3823 passiones,
1503 3735 1839 3825 pudicitia
1885 3747 1950 3804 et
2000 3735 2410 3825 cogitatione
2510 3733 2756 3805 ietatis

93 3855 104 3866 ·
191 3823 490 3904 admota,
535 3844 864 3911 superare
901 3823 1259 3892 contende.
1299 3826 1621 3893 Vicerunt
1652 3824 1753 3893 illi
1789 3837 2120 3911 tyrannos
2172 3845 2291 3913 per
2325 3843 2435 3891 mo
2487 3822 2758 3894 estiam

188 3925 255 3982 et
285 3911 902 4001 longanimitatem.
928 3912 1135 3980 Vince
1162 3924 1234 3981 tu
1257 3934 1532 4000 quoque
1560 3912 1962 3983 iracundiae
1981 3912 2446 4002 tyrannidem,
2473 3911 2759 3982 eisdem

188 4000 404 4071 armis
434 4001 836 4071 instructus.
884 4000 993 4069 Illi
1026 4013 1257 4089 aperte
1298 4015 1635 4091 martyres
1668 4002 1897 4081 fuere;
1945 4013 2019 4071 tu
2051 4002 2118 4070 in
2153 4000 2423 4070 occulto
2476 4012 2759 4090 martyr

189 4102 332 4160 esto
370 4088 731 4178 porfectuS.
787 4089 896 4159 Illi
945 4088 1172 4179 palam
1208 4111 1775 4160 consummavere
1822 4103 2168 4160 certarnen
2208 4113 2223 4169 ;
2279 4088 2534 4178 perfice
2567 4101 2635 4158 et
2679 4104 2761 4159 tu

190 4179 260 4248 in
296 4177 568 4248 occulto
606 4189 975 4260 certamen,
1023 4190 1099 4248 ut
1130 4179 1361 4256 indie
1402 4179 1875 4248 retributionis
1922 4200 2083 4248 cum
2135 4178 2308 4266 ipsis
2357 4178 2752 4258 coroneris,

188 4279 393 4355 atque
437 4267 504 4335 in
557 4264 832 4335 coelesti
880 4289 1091 4356 regno
1138 4268 1416 4338 illorum
1468 4268 1729 4358 gloriae
1777 4267 2007 4339 socius
2057 4266 2432 4336 inveniaris
2463 4319 2480 4347 ,
2535 4278 2758 4353 atque

187 4379 331 4427 una
379 4356 797 4446 sempiterno
845 4355 1099 4443 gaudio
1147 4355 1422 4427 fruaris.
1481 4380 1517 4423 »
