2993 4837
15 346 162 409 CT.
214 338 347 407 26'

804 359 1329 410 nAn'rYROLoGlUu
1391 362 1829 410 lLLUSTnA'rUu

2363 344 2525 413 957*

16 445 118 505 ris
184 441 387 503 modo
438 442 812 520 temporibus
864 443 1109 520 quidam
1167 445 1561 515 vir,¹mus.»
1603 444 2240 519 perrexeruntigitur
2272 446 2510 525 utrique
2541 446 2615 507 ad

13 523 521 598 uadragesimus
562 525 813 584 nomine
839 568 856 592 ,
906 524 1289 585 Buxentinae
1352 524 1617 585 vicinam
1648 523 1980 593 ecclesiam,
2012 539 2262 602 seseque
2293 526 2517 601 pariter
2552 527 2617 586 in

13 602 200 664 'nter
263 617 470 663 omnes
510 603 785 663 convenit
824 602 1201 671 Buxentum,
1251 619 1290 665 a
1346 605 1682 664 orationem
1718 602 2043 665 dederunt.
2072 602 2354 682 Cumque
2385 604 2620 666 diutius

23 682 208 743 ultis
267 681 409 758 jam
453 682 711 743 saeculis
763 683 1060 750 excisum,
1096 682 1292 759 fuisse

13 762 298 831 >pidum
314 761 644 833 Lucaniae,
656 761 878 823 scilicet
895 761 1290 835 Basilicam,-

22 846 378 903 amentum
427 858 564 901 vero
618 842 912 910 extitisse,
963 838 1071 902 ubi
1121 859 1289 903 nunc

13 921 382 995 ole‘castro)
406 920 693 982 ecclesiae
714 919 1129 982 Subdiaconus
1149 923 1286 996 fuit,

22 1018 71 1060 ιι
112 1016 360 1061 ovium
388 1017 633 1061 suarum
665 1016 912 1076 gregem
956 1016 1192 1078 pascere
1225 1003 1285 1063 in

15 1080 279 1144 {iisdem
322 1080 603 1141 Aureliae
644 1078 679 1116 '¹‘
727 1080 996 1157 partibus
1038 1080 1282 1143 solebat.

22 1161 183 1235 ujus
238 1159 423 1221 valde
478 1161 709 1221 veracis
763 1159 890 1220 Viri
941 1162 1287 1221 narratione

13 1257 76 1299 es
110 1240 288 1300 mira
326 1240 625 1312 innotuit,
647 1255 805 1317 quae
826 1246 1059 1300 secreto
1091 1239 1288 1300 fuerat

17 1328 186 1380 esta.
259 1317 320 1378 Is
377 1335 667 1396 namque,
726 1325 793 1378 ut
849 1317 1285 1396 praediximus,

22 1414 132 1458 um
169 1398 399 1475 gregis
426 1401 519 1459 sui
556 1403 616 1459 in
651 1397 895 1459 Aurelia
948 1414 1154 1458 curam
1187 1414 1285 1474 ge·

15 1484 189 1550 eret,
246 1479 319 1538 in
370 1477 582 1539 diebus
637 1477 906 1553 ejusdem
963 1478 1059 1537 vir
1110 1477 1288 1540 fuite

13 1556 228 1628 fonte,
286 1557 397 1635 qui
442 1558 846 1635 Argentarius
884 1565 1155 1630 vocatur,
1188 1574 1291 1620 ve-

13 1637 303 1697 nerabilis
328 1638 516 1711 vitae,
539 1639 643 1715 qui
680 1638 953 1699 habitum
984 1637 1288 1711 monachi,

30 1733 183 1777 uem
250 1717 691 1793 praetendebat
742 1718 962 1794 specie,
1020 1717 1291 1778 moribus

17 1795 309 1874 xplebat.
348 1795 457 1856 Hic
478 1798 676 1871 itaque
699 1798 768 1857 ad
795 1797 1106 1857 ecclesiam
1132 1796 1287 1858 beati

13 1877 156 1935 'etri
192 1875 637 1953 Apostolorum
673 1877 962 1953 principis
984 1875 1290 1937 abeodem

13 1955 204 2015 {onte
258 1956 636 2030 Argentario
683 1958 859 2016 annis
905 1955 1160 2032 singulis
1193 1972 1293 2017 ve-

13 2038 133 2095 tire
157 2040 710 2112 consueverat‚atq
724 2051 795 2094 ue
811 2034 880 2095 ad
906 2038 1287 2111 tiuuc,quem

13 2116 328 2187 tracum,
378 2113 923 2190 Quadragesimum
972 2113 1291 2175 Subdiaco·

13 2211 175 2265 ium,
210 2196 533 2271 sicutipse
557 2194 851 2265 narravit,
881 2193 1293 2270 hospitalitatis

13 2276 190 2347 gratia
254 2272 627 2334 declinabat.
684 2271 948 2345 Quadam
1011 2289 1152 2334 vero
1193 2272 1292 2335 die

13 2355 146 2412 ium
177 2353 325 2431 ejus
357 2352 686 2431 hospitium
713 2399 726 2425 ‚
757 2353 914 2431 quod
960 2367 1080 2412 non
1114 2352 1291 2429 longe

13 2433 76 2492 ib
102 2435 364 2495 ecclesia
400 2433 621 2506 aberat,
649 2436 950 2504 intrasset,
983 2434 1290 2510 cuiusdam

13 2511 422 2590 dauperculae
480 2512 754 2574 mulieris
808 2514 1061 2573 maritus
1120 2515 1287 2589 juxta

13 2592 339 2653 ieiunetus
369 2600 493 2662 est;
524 2608 707 2668 quem
736 2608 810 2653 ex
861 2608 1033 2653 more
1074 2591 1291 2665 lotum,

13 2671 410 2732 vestimentis
442 2673 748 2742 indutum,
779 2681 841 2732 et
870 2671 1127 2733 Sabbato
1148 2687 1291 2734 cou-

13 2751 296 2812 strictum
327 2799 343 2824 ,
375 2752 849 2828 superveniente
886 2766 1133 2827 vespere
1158 2799 1172 2824 ,
1205 2768 1291 2812 se·

13 2831 196 2903 pelire
248 2833 695 2908 nequiverunt.
750 2828 946 2906 Igitur
990 2830 1156 2906 juxta
1191 2831 1291 2891 de·

13 2906 199 2970 functi
259 2925 483 2985 corpus
543 2910 785 2971 viduata
842 2910 1068 2971 mulier
1114 2910 1289 2983 sedit,

13 3002 162 3062 quae
214 2990 280 3049 in
336 2992 572 3066 magnis
623 2990 860 3051 fletibus
912 2996 1153 3050 noctem
1185 2990 1290 3051 du-

13 3081 173 3139 cens,
227 3070 543 3129 continuis
585 3067 993 3129 lamentorum
1050 3069 1293 3130 vocibus

13 3149 420 3210 satisfaciebat
448 3147 659 3208 dolori.
692 3146 967 3225 Cumque
1019 3149 1130 3209 hoc
1159 3149 1291 3210 diu-

15 3227 129 3285 tius
161 3229 366 3300 fieret,
396 3236 454 3288 et
485 3227 648 3287 nullo
679 3229 853 3289 modo
884 3236 1162 3300 cessaret,
1197 3229 1293 3289 vir

13 3303 159 3375 Dei,
221 3311 332 3385 qui
404 3314 679 3382 receptus
745 3308 1005 3385 hospitio
1074 3308 1289 3381 fuerat,

13 3381 493 3463 Quadragesimo
508 3385 884 3448 Subdiacono
903 3397 1295 3464 compunctus

13 3463 127 3523 ait:
196 3487 220 3518 α
274 3466 479 3528 Dolori
540 3464 719 3541 liuJ'us
768 3465 1043 3528 mulieris
1093 3468 1290 3529 anima

13 3555 143 3603 mea
179 3549 546 3624 compatitur
572 3593 587 3619 ,
620 3562 764 3624 rogo
791 3592 808 3620 ,
837 3563 1039 3623 surge,
1074 3555 1133 3607 et
1162 3563 1290 3609 ore-

68 3702 93 3727 *
124 3702 222 3742 Vox
251 3707 442 3752 ciusdem
472 3707 678 3746 naturali
707 3716 851 3746 sensu
887 3707 1092 3746 refertur
1125 3707 1187 3748 ud
1216 3716 1294 3746 no-

16 3771 121 3803 men
148 3770 451 3813 praecedens.
483 3773 566 3809 Ast
595 3780 677 3810 nec
717 3767 766 3808 in
806 3771 1109 3811 antecedente
1144 3768 1294 3820 capite

22 3832 102 3862 nec
131 3827 179 3866 in
199 3830 298 3869 alio
320 3830 487 3879 quovis
510 3832 795 3880 Dialoqorum
814 3832 918 3871 loco
938 3831 1115 3872 mentio
1135 3833 1189 3871 at
1209 3835 1294 3871 Au·

21 3887 165 3928 ratae.
198 3891 424 3941 Nusptam
454 3904 595 3942 porro
625 3894 748 3942 apud
778 3895 1081 3942 Geogmphos
1100 3893 1199 3934 sive
1220 3903 1296 3933 an·

22 3947 176 4012 tiquos
205 3956 307 3994 sive
339 3958 566 4000 recentes.
596 3966 704 4006 pars
733 3958 891 4005 aliqua.
913 3958 1146 3996 Lucaniae
1166 3966 1296 4005 repe·

26 4012 156 4058 ntur,
185 4017 369 4056 Aurelia
402 4020 653 4069 appellata..
688 4019 784 4058 Hoc
812 4021 1000 4059 nomine
1032 4019 1297 4059 vocabatur

27 4073 98 4110 via
118 4077 313 4122 publica
334 4083 381 4119 et
402 4082 621 4120 militaris
640 4083 688 4120 in
709 4082 910 4121 Etruria.

75 4135 128 4160 ’⁸⁴‘
143 4138 387 4184 Momrum.
405 4165 451 4173 --
464 4145 927 4193 Hactenu3.benigne
940 4145 988 4182 et
1002 4144 1195 4183 candide
1214 4145 1296 4183 Le·

29 4196 140 4241 ctor,
154 4202 249 4241 tam
270 4205 320 4243 in
336 4206 671 4255 martyrologio
687 4203 986 4251 illustrando,
998 4215 1137 4254 quaxn
1152 4205 1199 4246 in
1213 4207 1297 4246 Ad·

29 4260 345 4306 notationibus
378 4269 737 4314 concinnandis,
769 4278 892 4317 quas
926 4266 1139 4307 surianis
1177 4267 1295 4308 Vitis

29 4319 296 4372 adjecimus,
316 4333 631 4378 potissimum.
650 4333 701 4369 ut
723 4337 767 4370 te
788 4331 996 4378 profecto
1022 4341 1114 4369 non
1143 4329 1298 4376 latuit,

34 4387 83 4446 ἓξ
98 4383 243 4431 Opere
254 4391 564 4434 Boliandiano
578 4390 838 4432 hausimus.
862 4395 944 4431 Ast
960 4394 1088 4441 Opus
1104 4393 1191 4431 hoc
1209 4403 1299 4431 ma-

32 4449 202 4487 nmum
213 4453 677 4505 celeberrimumque,
693 4465 721 4495 a
733 4455 1024 4505 typographo
1035 4452 1206 4500 Palme,
1218 4457 1299 4494 Pn-

1345 692 1641 753 orassent,
1671 682 1970 759 complere
1992 687 2330 745 orationem
2354 682 2620 756 Quadra-

1345 762 1647 833 cesimum
1713 762 2160 824 Subdiaconum
2229 780 2445 824 servus
2510 763 2620 826 Dei

1349 846 1540 918 petiit.
1575 842 1701 915 Qua
1731 840 2053 920 completa,
2094 843 2169 904 ab
2189 842 2394 904 altaris
2424 844 2621 921 crepi-

1346 923 1489 982 dine
1546 921 1857 999 pulverem
1916 922 2183 999 colligit,
2241 931 2422 999 atque
2476 938 2619 984 cum

1345 1000 1558 1061 eodem
1589 999 2063 1079 Quadragesimo
2093 1001 2161 1063 ad
2197 1002 2461 1063 defuncti
2491 1018 2620 1064 cor-

1349 1096 1453 1156 pus
1500 1082 1771 1154 accessit,
1820 1096 2067 1156 seseque
2117 1079 2343 1142 ibidem
2397 1084 2458 1143 iu
2488 1099 2618 1143 ora-

1346 1161 1574 1221 tionem
1608 1159 1793 1220 dedit.
1825 1158 2096 1235 Cumque
2116 1159 2348 1221 diutius
2368 1168 2617 1233 orasset,

1346 1240 1464 1315 jam
1488 1256 1608 1300 non
1638 1240 1796 1301 sicut
1820 1241 1984 1316 prius
2009 1240 2252 1311 fecerat,
2278 1241 2620 1301 orationem

1346 1318 1634 1397 compleri
1698 1336 1806 1397 per
1860 1317 2319 1380 Subdiaconum
2379 1319 2618 1392 voluit,

1344 1401 1444 1460 sed
1478 1401 1603 1475 ipse
1631 1399 2123 1460 benedictionem
2152 1399 2344 1471 dedit,
2384 1400 2622 1460 statim-

1346 1495 1461 1556 que
1489 1481 1777 1539 surrexit.
1824 1479 1897 1539 Et
1935 1479 2074 1553 quia
2130 1494 2321 1539 manu
2371 1480 2620 1541 dextera

1346 1556 1669 1619 collectum
1703 1557 2017 1634 pulverem
2049 1558 2339 1698 gestabat,
2372 1559 2620 1620 sinistra

1350 1636 1753 1714 pallium,quo
1769 1637 1947 1699 facies
1976 1636 2050 1699 de
2080 1639 2248 1699 uncti
2280 1638 2617 1712 velabatur,

1348 1717 1615 1778 abstulit.
1668 1716 1835 1790 Quod
1884 1732 2024 1778 cum
2073 1717 2298 1778 mulier
2330 1717 2462 1778 fieri
2493 1734 2621 1778 cer-

1352 1804 1546 1869 neret,
1565 1796 1978 1858 contradicere
1992 1796 2395 1858 veliementer
2406 1798 2620 1873 coepit,

1347 1884 1408 1936 et
1464 1877 1674 1938 mirari
1733 1875 1877 1953 quid
1934 1874 2121 1936 vellet
2158 1875 2376 1938 facere.
2409 1876 2623 1939 Ablato

1350 1960 1545 2033 itaque
1593 1953 1795 2031 pallio,
1839 1954 1944 2015 diu
1984 1970 2056 2015 eo
2080 1971 2262 2033 quem
2295 1955 2623 2033 collegerat

1351 2034 1622 2112 pulvere,
1654 2035 1922 2096 defuncti
1957 2034 2171 2095 faciem
2204 2036 2470 2098 fricavit.
2504 2036 2620 2109 Qui

1350 2130 1486 2175 cum
1505 2116 1714 2176 diutus
1728 2114 2075 2187 fricaretur,
2091 2117 2620 2192 recepitanimam,

1350 2197 1652 2267 oscitavit,
1682 2193 1889 2255 oculos
1915 2212 1944 2255 a
1991 2195 2196 2270 eruit,
2229 2210 2475 2272 seseque
2504 2195 2625 2255 ele-

1353 2289 1492 2334 vans
1543 2273 1788 2346 resedit,
1832 2274 1930 2351 qui
2021 2290 2166 2350 erga
2218 2290 2281 2335 se
2336 2283 2623 2351 ageretur

1354 2360 1600 2413 miratus
1628 2359 1740 2424 est,
1765 2368 1830 2411 ac
1851 2354 1896 2412 si
1924 2353 1998 2414 de
2020 2354 2381 2429 gravissimo
2402 2370 2619 2414 somno

1353 2433 1560 2494 fuisset
1587 2433 2084 2505 excitatus.Quod
2113 2451 2252 2496 cum
2288 2433 2516 2495 mulier
2543 2433 2622 2494 la-

1354 2514 1575 2574 mentis
1605 2514 1848 2588 fatigata
1880 2515 2286 2590 conspiceret,
2317 2516 2517 2590 coepit
2547 2528 2622 2576 ex

1351 2593 1573 2666 gaudio
1620 2591 1813 2670 magis
1862 2593 2008 2653 flere
2058 2600 2120 2653 et
2160 2610 2333 2654 voces
2361 2592 2623 2670 amplius

1350 2672 1549 2733 edere.
1582 2671 1775 2744 Quam
1809 2673 1904 2732 vir
1937 2672 2173 2732 Domini
2201 2672 2463 2733 modesta
2492 2687 2622 2749 pro·

1354 2751 1649 2812 bibitione
1679 2750 2317 2829 compescuitdicens:
2366 2772 2389 2805 a
2442 2751 2620 2823 Tace,

1353 2838 1518 2891 tace:
1578 2830 1679 2891 sed
1738 2832 1785 2891 si
1857 2833 1991 2909 quis
2057 2847 2162 2891 vos
2230 2831 2624 2908 requisiverit
2707 2873 2712 2878 -

1350 2910 1606 2984 qualiter
1663 2910 1885 2971 factum
1942 2912 2040 2983 sit,
2109 2912 2217 2972 boc
2245 2911 2618 2971 solummodo

1350 2990 1557 3063 dicite,
1606 2992 1745 3067 quia
1799 2989 2098 3050 Dominus
2142 2989 2311 3051 ,lesus
2352 2987 2624 3050 Christus

1349 3085 1527 3146 opera
1561 3085 1665 3128 sua
1699 3070 1858 3130 fecit.
1899 3086 1929 3127 x
1962 3069 2122 3130 Dixit
2153 3071 2263 3130 boc
2289 3117 2304 3140 ,
2336 3076 2518 3146 atque
2547 3069 2621 3130 ab

1349 3148 1476 3225 ejus
1527 3148 1783 3225 hospitio
1830 3150 2045 3210 exivit.
2080 3148 2622 3224 Quadragesimum

1351 3228 1797 3290 Subdiaconum
1832 3229 2108 3304 protinus
2153 3227 2437 3305 reliquit,
2467 3235 2530 3288 et
2560 3229 2622 3288 in

1354 3309 1477 3368 loco
1501 3308 1713 3369 eodem
1740 3308 1893 3368 ultra
1922 3323 2044 3368 non
2067 3308 2426 3384 comparuit.
2451 3307 2626 3368 Tem·

1353 3388 1619 3464 poralem
1681 3402 1940 3464 namque
1996 3385 2289 3447 honorem
2350 3385 2620 3463 fugienS,

1351 3470 1475 3541 egit
1507 3474 1571 3526 ut
1600 3467 1674 3528 ab
1705 3467 1796 3526 liis
1824 3482 1854 3526 a
1884 3465 2105 3544 quibus
2143 3469 2307 3527 visus
2349 3467 2412 3526 in
2461 3473 2621 3529 tanta

1355 3547 1581 3607 virtute
1630 3547 1827 3608 fuerat
1853 3593 1869 3618 ,
1917 3560 2233 3623 nunquam
2258 3545 2386 3622 Jam
2417 3546 2483 3607 in
2516 3546 2625 3608 bac

1356 3627 1472 3688 vita
1505 3625 1821 3687 videretur
1850 3625 1976 3685 **.»

1351 3765 1477 3807 risiie
1510 3770 1704 3814 editum.
1733 3777 1826 3817 quo
1855 3777 1940 3808 nos
1970 3766 2044 3808 usi
2072 3777 2251 3814 eumue,
2280 3769 2337 3808 acl
2355 3768 2476 3808 hanc
2500 3766 2626 3809 diem

1352 3833 1536 3870 tantum
1555 3832 1793 3880 pervenit:
1815 3831 1862 3870 et
1878 3831 2060 3870 utinam
2071 3831 2525 3876 Neo-Bollandistae.
2545 3829 2626 3880 qui

1351 3894 1469 3933 illud
1499 3894 1869 3934 continuandum
1897 3895 2222 3942 suscoperunt,
2260 3894 2318 3932 ad
2354 3893 2495 3933 finem
2531 3894 2626 3933 cito

1352 3958 1625 4000 nerducant.
1653 3956 2017 4005 absolvantquet
2047 3956 2371 4005 Quamobrem,
2391 3957 2520 3995 fonte
2539 3956 2627 3995 hoc

1354 4019 1603 4064 uberrimo,
1633 4029 1688 4058 cx
1718 4029 1810 4067 quo
1840 4019 1939 4062 fere
1969 4016 2139 4064 omnia,
2169 4019 2359 4066 quaein
2379 4019 2528 4066 Opere
2548 4028 2627 4057 no·

1353 4084 1450 4120 stro
1479 4082 1779 4131 protulimus,
1807 4081 2093 4124 intermisso.
2113 4081 2162 4118 in
2181 4081 2365 4128 reliqua
2387 4081 2517 4127 parte
2541 4088 2621 4118 no-

1353 4144 1440 4182 stri
1470 4143 1634 4190 operis
1654 4144 1955 4188 conficiendo,
1972 4143 2178 4182 breviori
2204 4151 2420 4181 sermone
2439 4141 2526 4184 uti.
2544 4143 2627 4180 mi-

1352 4215 1610 4253 noremque
1631 4203 1996 4245 Adnotationum
2016 4206 2196 4253 copiam
2218 4205 2304 4244 tibi
2325 4203 2625 4252 suppeditare

1353 4266 1574 4316 cogimur.
1619 4269 1684 4307 Ea
1720 4271 1890 4313 autem,
1918 4278 2038 4317 quae
2078 4267 2437 4316 pez-scribemus,
2474 4275 2498 4303 e
2524 4275 2627 4313 pro·

1351 4330 1475 4370 batis
1495 4329 1778 4370 Auctoribus
1798 4331 2005 4370 eruenda
2025 4331 2307 4374 curabimus,
2325 4337 2525 4377 quorum
2546 4337 2628 4367 no·

1353 4394 1477 4431 minu.
1488 4393 1576 4430 tibi
1587 4393 1645 4431 ob
1657 4403 1709 4432 oc
1717 4393 1820 4431 ulos
1834 4402 2008 4442 ponere
2027 4395 2306 4442 satagemus,
2317 4391 2432 4439 ipsis
2442 4399 2626 4430 omnem

1354 4452 1463 4495 fidei
1492 4463 1654 4494 curam
1684 4455 2025 4504 relinquentes.
