2993 4837
37 320 194 387 NOV.
244 323 288 386 8
701 337 778 383 ΠΕ
826 338 881 385 s.
936 336 1288 385 coum-amo
1335 339 1434 384 ΕΡ.
1489 338 1876 386 AumANENst
2351 323 2466 387 361

35 423 520 492 Ambianorum
570 421 982 511 praesulem,
1023 422 1109 491 ab
1159 423 1360 492 annis
1391 422 1626 492 multis
1656 424 1717 492 ei
1765 423 2230 492 carissimum.
2264 424 2393 506 Qui
2422 424 2570 494 sine

39 534 203 580 mora
251 511 610 601 profectus
657 510 1010 589 Viennam,
1048 511 1168 580 ubi
1203 532 1280 580 eo
1313 512 1519 591 venit,
1561 523 1840 601 rogatus
1871 525 1975 582 est
2011 534 2051 581 a
2099 512 2412 583 Guidone
2441 518 2563 581 Ar-

33 600 485 690 chiepiscop0‚
533 612 611 669 ut
664 598 732 667 in
778 598 1040 688 synodo
1088 600 1232 669 vice
1277 600 1427 689 ejus
1489 600 1922 690 fungeretur,
1983 613 2128 685 erat
2174 602 2357 671 enim
2421 602 2569 692 ipse

34 688 232 759 Guido
266 688 736 779 impeditioris
790 687 1093 777 linguae.
1144 689 1284 757 Etsi
1333 701 1559 759 autem
1611 690 1750 758 acri
1805 703 1946 758 tum
2000 688 2185 759 febre
2234 690 2571 760 laboraret

34 778 454 858 Godesridus,
501 790 726 845 tamen
766 790 844 847 ut
890 790 1033 845 erat
1075 778 1252 847 miro
1298 778 1516 847 animi
1564 778 1896 859 candore,
1951 781 2188 848 statuit
2236 801 2358 868 pro
2408 779 2567 847 viri-

33 866 148 937 bus
181 866 282 935 illi
318 867 592 956 parere.
646 870 811 934 Cum
862 878 1088 935 autem
1124 866 1496 936 dicendum
1547 880 1746 948 esset,
1790 879 1854 935 et
1908 867 2083 936 vires
2118 869 2249 937 sibi
2282 868 2568 936 minime

33 967 381 1111 suppetere
432 965 804 1035 vereretur,
860 966 1045 1023 tanta
1077 968 1179 1024 est
1234 955 1529 1045 Spiritus
1578 956 1804 1025 Sancti
1848 956 2066 1045 gratia
2115 955 2566 1026 confirmatus

32 1056 86 1111 et
112 1044 154 1111 11
193 1056 628 1125 ustratu5,ut
655 1064 893 1113 omnes
916 1065 1164 1132 magna
1191 1044 1646 1112 admiratione
1684 1045 1930 1125 affecti,
1971 1046 2324 1135 effregium
2365 1044 2559 1114 illum

35 1132 315 1202 dicerent
357 1132 598 1202 Sancti
646 1132 942 1220 Spiritus
987 1154 1352 1222 organum,
1409 1132 1763 1219 multaque
1805 1155 1963 1201 eum
2012 1099 2219 1202 Taude
2266 1146 2329 1202 et
2370 1156 2564 1223 prae-

35 1221 354 1293 dicatione
404 1222 752 1291 efferrent.
806 1226 991 1303 Quae
1039 1221 1109 1289 in
1161 1220 1280 1289 illa
1310 1221 1574 1309 synodo
1612 1234 1675 1291 et
1725 1222 2075 1312 provincia
2108 1225 2195 1292 ab
2243 1243 2321 1291 eo
2370 1244 2564 1312 prae-

40 1309 200 1378 clare
234 1320 429 1400 gesta
473 1322 660 1391 sunt,
714 1309 1063 1379 brevitatis
1104 1309 1330 1379 studio
1372 1310 1846 1399 praeterimus.
1888 1312 2143 1379 Vienna
2192 1324 2416 1380 autern
2461 1311 2564 1379 di-

41 1399 301 1467 scedens
353 1420 613 1489 magno
653 1397 1135 1466 celeberrimae
1186 1399 1432 1488 synodi
1482 1398 1730 1478 favore,
1784 1394 2185 1468 Cluniacum
2229 1399 2432 1477 venit,
2499 1412 2566 1467 et

43 1487 115 1554 ab
157 1487 406 1558 Abbate
458 1486 701 1555 Pontio
750 1486 1124 1556 honorifice
1161 1501 1484 1576 exceptus
1514 1501 1639 1568 est,
1678 1500 1742 1556 et
1789 1488 2048 1575 aliquot
2097 1487 2242 1556 dies
2275 1488 2368 1556 ibi
2403 1488 2562 1556 hae-

39 1597 198 1655 rens,
249 1587 831 1661 sacrosanctaque
863 1576 1220 1644 Missarum
1274 1576 1608 1645 solemnia
1659 1576 1894 1645 festive
1940 1576 2317 1658 celebranS,
2363 1589 2565 1663 atque

41 1661 127 1730 illi
163 1664 527 1754 spectabili
574 1665 1085 1754 congregationi
1122 1664 1410 1734 fratrum
1460 1664 1743 1733 verbum
1796 1666 1908 1733 Dei
1959 1688 2083 1735 suo
2125 1688 2310 1735 more
2350 1664 2564 1735 excel-

42 1750 231 1822 lenter
262 1774 684 1843 proponens,
742 1774 990 1841 magno
1038 1754 1144 1822 sui
1197 1753 1381 1843 apud
1424 1773 1541 1823 eos
1589 1753 1926 1823 desiderio
1976 1755 2249 1835 relict0,
2304 1754 2387 1823 ad
2445 1777 2561 1822 ur-

43 1839 174 1908 bem
222 1864 418 1911 suam
468 1862 824 1931 regressus
855 1854 978 1910 est.

117 1931 335 2013 545.
393 1930 836 2019 Perpendens
868 1941 1095 1999 autem
1148 1930 1249 1998 vir
1301 1929 1627 2017 prudens,
1681 1951 1888 2016 quam
1933 1930 2292 1999 molestum
2357 1943 2561 2017 atque

53 2016 193 2086 adeo
236 2019 674 2088 intolerabile
716 2020 826 2097 sit,
880 2031 974 2088 tot
1014 2017 1429 2088 secularium
1484 2019 1910 2088 tumultuum
1966 2020 2258 2107 perferre
2307 2032 2563 2107 tempe-

54 2118 265 2186 stateS,
316 2108 442 2177 ubi
497 2109 830 2195 comperit
892 2107 1311 2197 praeclaram
1377 2129 1729 2177 servorum
1796 2108 1908 2176 Dei
1958 2106 2258 2188 famam,
2312 2109 2431 2193 qui
2488 2107 2554 2174 in

61 2195 378 2289 tlarthusia
431 2218 569 2263 non
622 2196 820 2285 longe
868 2220 905 2264 a
955 2196 1413 2285 Gratianopoli
1477 2194 1849 2287 degebant,
1910 2196 2166 2264 relictis
2206 2196 2556 2279 omnibuS,

61 2279 209 2350 illoi
260 2307 363 2366 ne,
393 2305 607 2371 quem
647 2285 975 2355 Dominus
1021 2290 1223 2354 Jesus
1274 2286 1458 2353 misit
1507 2286 1573 2354 in
1615 2299 1886 2366 terram,
1939 2285 2237 2354 suaviter
2283 2282 2558 2362 ardenS,

56 2388 116 2436 eo
156 2375 454 2444 ceeriter
497 2373 841 2474 profectus
889 2385 1011 2452 est,
1073 2387 1147 2442 ut
1202 2374 1503 2461 quietius
1549 2375 1672 2444 uni
1731 2378 1859 2442 Deo
1910 2386 2197 2444 vacaret.
2252 2378 2565 2443 Praeerat

55 2471 173 2528 tum
206 2465 605 2532 Carthusiae
654 2463 895 2552 Guigo,
953 2463 1054 2530 vir
1097 2464 1367 2564 egregie
1414 2463 1657 2533 doctus
1690 2476 1752 2531 et
1786 2463 1956 2531 vitae
1987 2462 2371 2552 integritate
2400 2484 2564 2530 con-

56 2548 332 2634 spicuuS,
388 2552 706 2620 omnium
770 2575 884 2621 ore
945 2551 1467 2640 praedicandus.
1523 2557 1589 2621 Is
1635 2564 1712 2621 ut
1758 2551 1925 2621 vidit
1974 2551 2202 2622 vultus
2265 2550 2563 2641 Angelici

55 2647 108 2732 et
155 2639 492 2728 simplicis
541 2650 827 2709 naturae
877 2640 1125 2719 virum,
1174 2641 1427 2728 gratias
1478 2640 1855 2710 immensas
1916 2642 2056 2741 agit
2104 2640 2389 2720 ChristO,
2438 2653 2565 2709 sta—

56 2733 280 2811 nmque
317 2728 518 2798 illum
569 2729 1005 2797 sanctissimo
1039 2727 1324 2796 fratrum
1375 2729 1663 2818 collegio
1703 2729 2150 2817 adjunxisset,
2200 2732 2266 2798 ni
2313 2729 2564 2798 veritus

55 2828 200 2883 esset
229 2821 620 2886 Romanum
674 2818 1091 2897 Pontificem,
1145 2818 1564 2887 Rhemorum
1598 2819 2226 2908 Arcbiepiscopum‚
2259 2819 2567 2904 aliosque

59 2901 399 2975 Galliarum
436 2904 789 2994 praesules
839 2906 1123 2974 minime
1164 2928 1513 2994 passuros,
1569 2918 1641 2976 ut
1690 2906 1829 2976 illic
1886 2919 2334 2996 permaneret.
2388 2912 2568 2974 Inte-

58 2988 166 3057 rim
211 3004 435 3062 tamen
476 2993 794 3063 cellulam
845 2994 906 3062 ei
942 2995 1272 3063 attribuit.
1329 2997 1702 3084 Separatim
1755 2997 1935 3064 enim
2002 2996 2263 3084 degunt
2310 2995 2564 3096 singuli

65 3075 122 3142 in
149 3077 504 3152 domiciliis
542 3103 718 3169 quae
751 3082 966 3151 Cellas
1017 3097 1279 3164 vocant,
1319 3083 1400 3152 ad
1439 3084 1796 3161 ecclesiam
1849 3084 2048 3152 certis
2078 3085 2262 3152 horis
2316 3089 2601 3172 pariter'

61 3172 467 3252 conveniunt,
522 3170 682 3239 inde
715 3171 899 3240 taciti
940 3171 1226 3241 redeunt
1258 3172 1339 3240 ad
1378 3172 1593 3241 Cellas
1626 3195 1810 3241 suas:
1864 3173 1947 3240 ad
1995 3171 2251 3240 nudam
2286 3194 2562 3241 carnem

59 3258 289 3352 asperis
321 3259 712 3330 induuntur
749 3260 1018 3338 ciliciis,
1071 3273 1311 3346 quarta
1351 3275 1414 3330 et
1453 3274 1638 3329 sexta
1686 3261 1873 3328 feriis
1916 3283 2090 3350 pane
2136 3272 2202 3328 et
2248 3282 2427 3346 aqua
2468 3261 2565 3327 vi-

59 3353 301 3440 ctitant:
363 3348 638 3417 divinae
686 3349 1245 3436 contemplationi
1294 3349 1462 3418 adeo
1516 3350 1911 3428 adbaerent,
1962 3362 2038 3416 ut
2078 3348 2235 3433 jure
2292 3361 2565 3435 possent

62 3426 258 3526 dicere
272 3459 427 3505 cum
449 3438 785 3528 Apostolo:
817 3444 1059 3507 Nostra
1080 3450 1304 3507 autem
1336 3441 1744 3507 conversatio
1770 3440 1842 3506 in
1872 3439 2067 3505 coelis
2092 3448 2185 3505 est
2202 3437 2410 3526 (Phil.
2433 3437 2560 3522 111);

61 3515 442 3611 1llorumque
478 3527 794 3617 precibus
828 3539 893 3597 et
920 3540 1311 3596 sanctorum
1352 3527 1612 3595 meritis
1656 3526 1958 3594 mundus
1984 3539 2296 3594 constare
2338 3523 2565 3592 videa—

60 3614 172 3676 tur.
223 3613 343 3681 Sed
374 3614 456 3682 de
490 3637 727 3684 eorum
763 3615 1140 3695 excellenti,
1193 3616 1573 3701 meritoque
1613 3615 1699 3684 ab
1746 3615 2069 3683 omnibus
2104 3612 2562 3704 praedicanda

62 3702 559 3784 conversatione,
611 3704 766 3772 aliis
809 3704 1002 3795 plura
1057 3704 1346 3773 dicenda
1399 3704 1895 3789 relinquimuS,
1975 3716 2175 3789 atque
2224 3702 2307 3771 ad
2368 3701 2562 3769 insti-

63 3791 253 3853 tutum
304 3790 631 3858 redimus.
698 3795 944 3860 Servus
992 3791 1280 3873 Christi,
1336 3791 1780 3870 GodefriduS,
1834 3793 1962 3860 hac
2012 3815 2081 3861 re
2130 3812 2565 3877 summopere

65 3867 441 3958 delectatus,
503 3878 681 3966 quod
745 3880 1236 3968 imperturbata
1311 3881 1529 3949 animi
1604 3881 1895 3969 puritate
1956 3894 2019 3948 et
2077 3878 2566 3966 tranquillitate

69 3954 395 4058 frueretur,
439 3967 596 4037 licet
628 3968 832 4037 etiam
870 3969 937 4036 in
990 3968 1104 4037 illa
1158 3970 1394 4057 populi
1450 3970 1830 4056 frequentia
1878 3980 1942 4036 et
1999 3967 2556 4057 importunitate.

69 4064 268 4147 ani-mo
317 4056 396 4123 ad
439 4056 755 4126 coelestia
787 4057 1314 4147 contemplanda
1366 4079 1436 4128 se
1483 4058 1823 4127 erexisset:
1883 4069 2240 4146 postquam
2300 4068 2567 4144 optatae

71 4134 425 4213 solitudinis
469 4144 697 4214 locum
752 4144 1081 4216 divinitus
1123 4168 1193 4214 se
1241 4147 1564 4246 adeptum
1614 4146 1802 4225 vidit,
1840 4145 2149 4235 jejuniis,
2212 4145 2556 4233 precibus.

72 4217 382 4315 lacrymis,
436 4234 650 4301 sacris
687 4234 1265 4315 meditationibus,
1320 4234 1571 4303 divinis
1633 4235 2039 4304 lectionibus
2087 4233 2254 4301 adeo
2303 4231 2567 4302 fervens

75 4318 495 4406 incumbebat,
546 4334 618 4388 ut
646 4323 959 4407 quamvis
1009 4345 1048 4390 a
1099 4324 1342 4412 primis
1390 4324 1628 4392 aetatis
1680 4323 1916 4402 initiis,
1970 4335 2043 4391 ut
2099 4321 2428 4402 diximus,
2494 4324 2560 4388 in

76 4393 162 4466 bis
192 4408 503 4476 assiduus
551 4406 771 4486 fucrit,
806 4413 945 4497 jam
1007 4422 1229 4479 tamen
1289 4411 1586 4499 primum
1651 4417 1780 4479 Deo
1829 4434 1899 4479 se
1949 4410 2200 4480 servire
2265 4413 2572 4500 coepisse.

2676 4515 2741 4553 s
