2993 4837
69 323 228 388 NOV.
280 324 361 388 28
750 342 826 388 nn
875 342 930 388 S.
986 343 1306 390 srssrnfflo
1353 343 1620 390 sumone
1668 342 1858 389 MART.
2355 328 2480 391 727

68 436 279 497 sancto
312 425 453 494 viro
502 424 569 493 in
621 425 1114 496 monachorum
1179 427 1412 496 album
1480 427 1870 517 adscriptus
1917 426 2178 508 fuisset,
2251 439 2454 515 atque
2500 429 2568 497 in

68 514 297 583 montis
357 514 768 583 monasterio
832 515 1202 586 sacerdotis
1248 537 1508 586 munus
1568 516 1884 598 obiisset,
1939 528 2173 605 postea
2220 527 2445 586 tamen
2512 530 2577 587 et

65 603 497 672 monasticum
547 603 885 686 habitum,
930 614 994 673 et
1015 609 1225 673 Deum
1248 604 1562 693 ejuravit,
1602 617 1803 692 atque
1842 606 1928 675 ab
1959 605 2251 695 ipsomet
2282 616 2573 694 tyranno

64 691 393 760 mundana
441 704 619 760 veste
667 691 953 763 indutus
998 693 1257 781 (quem
1311 693 1504 781 prius
1564 692 1764 762 vitam
1825 693 2120 781 abjicere
2167 694 2573 783 oportebat)

62 779 367 848 nefariam
419 778 609 849 illam
648 802 874 849 vocem
915 781 1175 852 emisit:
1229 804 1265 847 «
1302 781 1645 851 Hodierno
1691 781 1825 863 die,
1884 786 2100 862 Here,
2154 805 2194 851 a
2235 783 2572 853 Satanicis

60 867 351 938 faucibus
398 890 438 937 o
491 889 606 937 era
658 880 774 937 tua
821 880 1118 958 ereptuS‚
1171 891 1250 938 ac
1300 872 1654 941 tenebroso
1709 870 1967 939 amictu
2015 883 2282 952 exutus,
2338 872 2574 961 splen—

61 956 276 1026 didum
329 958 437 1045 pal
475 957 618 1026 ium
668 957 888 1027 indui.
927 980 962 1023 »
1013 959 1221 1048 Cujus
1251 959 1629 1028 execrando
1660 979 1971 1027 sermone
2014 971 2350 1047 tyrannus
2381 982 2574 1030 sum-

62 1066 311 1135 mopere
341 1045 738 1126 delectatuS‚
779 1045 1106 1136 Sophiani
1134 1046 1367 1136 palatii
1404 1048 1798 1117 ministrum
1835 1068 1991 1116 eum
2027 1047 2403 1117 constituit.
2427 1053 2571 1131 Quo

62 1134 244 1202 etiam
283 1135 521 1204 crebro
555 1148 973 1215 commeanS‚
1017 1135 1256 1225 gaudii
1290 1148 1576 1225 patrem,
1629 1158 1784 1205 eum
1822 1135 1939 1223 qui
1991 1135 2228 1204 multis
2260 1134 2566 1206 luctibus

63 1220 291 1310 dignus
337 1235 504 1303 erat,
576 1223 987 1313 appellabat.
1064 1225 1183 1295 His
1231 1225 1460 1312 itaque
1526 1224 1689 1294 solis
1739 1226 1824 1293 ab
1894 1224 2056 1293 ovili
2136 1237 2568 1294 sacrosancto

60 1309 312 1391 avulsis,
359 1312 609 1381 caeteri
643 1334 881 1381 omnes
914 1312 996 1381 ad
1039 1318 1572 1395 Proconnesum,
1612 1326 1687 1383 ut
1725 1335 1762 1381 a
1801 1334 1906 1381 me
1970 1311 2223 1381 dictum
2265 1325 2388 1395 est,
2444 1336 2568 1403 ap-

62 1397 242 1485 pulsi,
284 1400 778 1470 monasterium
809 1414 1355 1471 construxerunt.
1402 1403 1574 1485 Quin
1629 1424 1668 1470 a
1702 1401 2176 1491 philosophica
2217 1402 2346 1473 ista
2397 1403 2570 1471 vitae

61 1485 379 1575 degendae
420 1489 684 1558 ratione
718 1510 802 1558 ne
852 1490 1065 1559 sancti
1112 1490 1388 1577 quidem
1428 1490 1752 1581 Stephani
1794 1502 2009 1559 mater
2033 1491 2285 1560 abfuit:
2333 1512 2564 1560 verum

61 1597 360 1647 unacum
402 1600 638 1648 sorore
687 1578 986 1647 insulam
1025 1578 1212 1646 illam
1262 1579 1525 1660 adiens,
1577 1579 2103 1648 contubernium
2155 1579 2375 1667 ipsius
2425 1601 2569 1649 atn-

62 1663 231 1750 plexa
260 1680 377 1736 est.
446 1666 601 1736 Illic
651 1668 878 1753 itaque
926 1667 1202 1736 divinus
1252 1668 1658 1757 StephanuS,
1719 1671 2022 1737 extructa
2081 1668 2429 1751 columna,
2485 1689 2563 1737 ac

60 1773 243 1842 supra
287 1777 437 1824 eam
492 1756 984 1845 angustissima
1017 1756 1313 1841 quadam
1364 1752 1699 1836 aedicula,
1750 1757 1816 1824 in
1866 1778 1946 1825 ea
1995 1778 2139 1827 sese
2192 1755 2555 1838 conclusit,

60 1862 251 1911 annos
288 1844 432 1928 jam
470 1865 709 1912 novem
746 1858 812 1912 et
857 1844 1314 1934 quadraginta
1356 1858 1578 1914 natus.
1620 1844 1905 1913 Perinde
1936 1855 2160 1913 autem
2203 1867 2279 1913 ac
2315 1845 2372 1912 si
2420 1866 2567 1913 ma-

59 1951 206 2027 gnos
246 1937 370 2001 Deo
418 1943 856 2002 consecratae
896 1934 1069 2002 vitae
1117 1932 1382 2003 labores
1433 1946 1574 2001 turn
1628 1933 1928 2022 primum
1994 1933 2278 2012 iniisset,
2329 1934 2420 2001 ita
2465 1954 2570 2001 se-

62 2038 262 2105 ipsum
313 2021 718 2110 asperrimis
776 2021 1167 2108 quibusque
1235 2021 1731 2091 certaminibus
1793 2020 2116 2091 dedebat:
2182 2043 2312 2090 non
2367 2043 2568 2092 secus

63 2106 341 2178 videlicet
388 2132 474 2178 ac
508 2113 565 2177 si
599 2121 941 2178 certamen
982 2110 1002 2177 i
1059 2132 1127 2180 se
1161 2131 1391 2180 secum
1445 2110 1871 2190 instituisset,
1926 2122 2128 2195 atque
2176 2109 2242 2177 id
2285 2124 2566 2178 conten-

65 2192 239 2277 deret,
277 2210 351 2266 ut
384 2219 531 2267 una
569 2219 727 2265 cum
770 2210 982 2266 aetate
1039 2199 1279 2268 abores
1318 2220 1590 2286 quoque
1624 2198 1816 2267 novis
1853 2199 2291 2268 incrementis
2323 2220 2567 2267 cumu-

70 2279 223 2353 laret.
277 2292 499 2369 Quam
551 2286 752 2354 etiam
789 2286 873 2355 ob
908 2309 1187 2355 causam
1229 2286 1460 2355 divina
1492 2309 1766 2373 quoque
1816 2286 2303 2355 miraculorum
2348 2287 2566 2373 gratia

68 2368 171 2473 ipsi
205 2374 513 2474 insedit,
590 2387 789 2462 atque
858 2374 1372 2446 admirabilium
1444 2397 1729 2465 operum
1799 2375 2230 2445 admirabilis
2298 2376 2571 2445 effector

64 2475 268 2532 extitit.

130 2551 162 2636 ἓ
203 2555 359 2623 823.
414 2551 511 2620 Ad
553 2551 741 2620 hunc
793 2553 1018 2640 itaque
1069 2553 1347 2622 modum
1398 2553 1631 2622 divino
1667 2554 1810 2622 viro
1836 2554 1905 2621 in
1947 2575 2026 2621 ea
2073 2553 2303 2622 insula
2351 2551 2567 2621 collu-

60 2652 248 2720 cente,
310 2640 618 2710 secundo
665 2641 884 2710 exsilii
935 2642 1042 2708 sui
1089 2662 1271 2710 anno
1317 2642 1589 2732 egregia
1627 2643 1848 2729 ipsius
1883 2652 2119 2720 mater,
2165 2654 2227 2710 et
2274 2662 2477 2728 quam
2532 2662 2571 2708 a

58 2725 180 2795 filio
208 2730 581 2819 quispiam,
622 2729 1207 2816 quemadmodum
1250 2743 1313 2798 et
1343 2732 1428 2798 ab
1478 2752 1555 2798 ea
1585 2730 1835 2808 filium,
1889 2730 2271 2799 certissimo
2314 2728 2569 2797 indicio

58 2835 403 2903 agnoscere
470 2818 859 2906 potuisset,
926 2818 1149 2887 filium
1211 2819 1413 2887 simul
1488 2841 1566 2887 ac
1618 2818 1966 2886 mundum
2010 2818 2426 2904 relinquenS,
2483 2816 2572 2885 ad

59 2922 472 2974 communem
512 2911 770 2974 Patrem
808 2907 1169 2986 concessit,
1214 2907 1319 2973 his
1367 2920 1524 2974 ante
1556 2907 1638 2974 ad
1684 2907 1898 2974 filiam
1935 2929 2131 2976 suam
2169 2906 2390 2976 verbis
2415 2927 2565 2975 usa:

58 2995 240 3061 «Non
272 3007 372 3063 est
426 2992 610 3079 quod
679 2993 942 3082 plores;
998 3017 1157 3064 nam
1195 3008 1269 3063 tu
1316 3016 1589 3081 quoque
1640 3017 1907 3064 mecum
1948 2995 2330 3085 profectura
2380 3016 2477 3063 es.
2535 3016 2570 3060 »

58 3080 167 3148 Nec
198 3103 349 3151 vero
388 3081 620 3170 plures
652 3103 858 3169 quam
910 3096 1167 3172 septem
1218 3082 1362 3152 dies
1405 3085 1950 3162 intercesserant,
2008 3106 2165 3152 cum
2231 3083 2574 3152 Theodota

56 3187 304 3255 quoque
349 3170 543 3259 (nam
596 3170 723 3239 hoc
785 3171 965 3239 filiae
1002 3193 1255 3240 nomen
1284 3171 1477 3260 erat),
1536 3171 1768 3240 relicto
1820 3171 2103 3251 mund0‚
2158 3172 2242 3240 ad
2287 3183 2570 3240 matrem

56 3275 256 3338 suam,
293 3258 883 3346 quemadmodum
935 3260 1081 3349 ipse
1141 3259 1592 3360 praedixerat,
1637 3260 1988 3330 abscessit.
2043 3260 2290 3329 Eodem
2342 3272 2573 3328 autem

56 3354 335 3435 tempore
379 3346 576 3416 miles
609 3347 917 3434 quidam,
975 3369 1248 3418 nomine
1289 3349 1699 3437 Stephanus,
1754 3369 1998 3438 genere
2047 3348 2428 3428 Armenius,
2486 3347 2573 3416 ab

55 3433 342 3524 Europae
393 3437 706 3526 partibus
773 3436 1137 3525 profectus,
1190 3437 1311 3524 qui
1359 3437 1649 3507 dimidia
1699 3439 1805 3507 sui
1859 3448 2046 3526 parte
2079 3436 2567 3517 contabuerat,

57 3531 355 3611 totusque
381 3546 540 3613 prae
559 3524 794 3594 morbo
822 3525 1016 3593 humi
1047 3526 1384 3615 vergebat,
1407 3547 1566 3595 cum
1594 3547 1840 3616 magna
1866 3524 1982 3594 illa
2014 3526 2367 3607 miracula,
2401 3545 2578 3611 quae

52 3628 85 3674 a
117 3632 358 3702 magno
400 3613 526 3682 hoc
562 3614 703 3681 viro
765 3613 1329 3703 designabantur,
1386 3615 1849 3695 intellexisset,
1907 3613 1989 3682 ad
2043 3636 2198 3683 eum
2253 3614 2569 3705 perrexit,

51 3708 235 3784 atque
280 3701 367 3769 ad
419 3702 569 3790 ejus
619 3701 823 3790 pedes
872 3703 1214 3783 accidens,
1268 3725 1347 3772 ea
1399 3703 1744 3791 postulare
1792 3704 2036 3792 coepit,
2097 3725 2272 3791 quae
2319 3714 2383 3773 et
2433 3702 2578 3793 ipse

49 3788 342 3881 accipere
391 3811 830 3880 summopere
886 3794 1206 3880 optabat,
1275 3804 1341 3861 et
1396 3792 1512 3859 ille
1559 3790 1758 3861 facile
1809 3791 2133 3881 praebere
2183 3804 2464 3882 poterat.
2503 3797 2581 3860 At

50 3870 173 3955 llle,
217 3879 335 3963 qui
386 3877 523 3946 fide
554 3900 718 3967 erga
770 3880 1132 3948 Dominum
1183 3902 1262 3948 ac
1311 3880 1781 3949 benevolentia
1820 3879 2171 3969 praeditus
2230 3893 2395 3964 erat,
2451 3881 2581 3948 mi-

49 3965 349 4058 raculum
404 3966 489 4035 ad
539 3967 767 4056 ipsum
843 3967 1203 4048 transfert;
1257 3989 1553 4054 cumque
1615 3969 1702 4048 ei,
1755 3969 1873 4055 qui
1922 3969 2340 4059 aegrotabat,
2395 3981 2471 4038 ut
2519 3982 2583 4036 et

49 4052 253 4202 {psius
319 4067 385 4124 et
447 4057 686 4125 matris
750 4055 1121 4146 imaginem
1190 4056 1554 4136 adoraret,
1609 4058 2037 4146 imperasset,
2092 4069 2296 4144 atque
2345 4057 2463 4126 ille
2511 4055 2578 4123 id

74 4155 305 4221 aceret,
361 4165 609 4213 sanum
660 4166 816 4212 eum
879 4166 1163 4234 prorsus
1211 4167 1290 4214 ac
1329 4145 1664 4214 valentem
1732 4145 2050 4214 reddidit.
2109 4151 2187 4214 Ut
2237 4146 2446 4234 igitur
2494 4143 2582 4211 ad

53 4230 540 4301 commilitones
592 4253 753 4302 suos
792 4254 865 4302 se
906 4234 1177 4321 recepit,
1215 4234 1675 4320 quaerebatur
1702 4255 1781 4302 ex
1828 4255 1929 4313 eo,
1968 4254 2268 4320 quanam
2324 4230 2581 4299 ratione

55 4318 520 4389 convaluisset.
575 4319 697 4390 Ille
744 4334 970 4389 autem
1019 4343 1169 4389 eam
1209 4322 1492 4389 minime
1541 4322 1896 4401 reticebat;
1952 4343 2225 4389 verum:
2279 4343 2316 4385 «
2351 4323 2580 4386 Mona-

58 4401 216 4476 chus
264 4407 573 4494 quidam,
619 4409 909 4488 dicebat,
953 4408 1339 4498 Stephanus
1371 4409 1673 4491 nomine,
1700 4410 1818 4497 qui
1852 4409 2036 4499 apud
2071 4414 2581 4478 Proconnesum
