2993 4837
36 328 167 397 nov.
218 329 293 392 43
722 347 800 392 na
847 346 900 392 s.
956 343 1208 393 anic-rio
1256 346 1353 392 Er.
1411 346 1766 393 TnnoNeNst
2305 331 2434 395 459

36 425 350 508 hauriebat.
381 430 557 514 Quid
597 429 848 519 plura?
872 435 947 498 In
978 431 1105 498 hac
1139 431 1599 521 aegrotatione
1633 431 1971 520 integrum
2010 431 2202 502 ducit
2229 454 2519 510 annum,

34 519 111 592 ted
157 542 334 589 mens
384 542 591 609 prava
663 541 797 588 non
868 519 1188 588 flectitur.
1252 524 1518 588 Interea
1569 519 1823 589 labitur
1876 521 2213 591 caesaries
2274 534 2526 590 cuncta

34 629 141 682 eum
182 609 406 687 barba,
456 622 520 677 et
564 609 657 678 ita
716 629 919 676 omne
957 620 1165 698 caput
1217 610 1547 677 remansit
1587 607 1880 690 nudum,
1925 622 2001 678 ut
2042 622 2319 698 putares
2366 631 2522 678 eum

34 697 146 766 olim
194 697 559 787 sepultum,
622 714 847 778 nuper·
870 697 1158 784 ejectum
1194 697 1405 766 {uisse
1442 710 1593 786 post
1626 696 1866 767 funera
1901 697 1985 767 de
2020 699 2360 789 sepulcro.
2402 699 2524 767 His

35 799 67 856 et
104 785 333 855 talibus
380 787 593 856 miser
643 785 937 855 afflictus
975 785 1199 866 maliS,
1242 807 1391 855 sero
1426 787 1775 876 recogitat.
1812 786 2090 857 dicens:
2146 811 2182 854 «
2219 787 2522 858 Peccavi.

35 895 81 944 ἑο
116 875 278 961 quod
326 874 850 964 exspoliaverim
903 873 1274 943 Ecclesiam
1324 874 1462 956 Dei,
1516 887 1717 962 atque
1761 877 2094 966 Episcopo
2141 889 2376 946 sancto
2426 876 2529 945 in-

35 964 243 1031 .ulerim
293 965 653 1052 injuriam.
702 969 895 1033 Nunc
943 976 1168 1032 autem
1230 964 1318 1032 ite
1358 977 1838 1053 quantocyus,
1892 977 1956 1034 et
2003 964 2266 1034 reddita
2316 964 2519 1043 villa,

34 1065 316 1122 iexcentos
362 1075 615 1122 aureos
664 1073 872 1140 super
920 1052 1264 1121 tumulum
1305 1054 1531 1123 Sancti
1568 1053 1911 1144 deponite.
1965 1058 2079 1122 Est
2125 1054 2308 1122 enini
2351 1053 2524 1122 mihi

34 1163 179 1229 ipeS,
232 1141 406 1229 quod
471 1164 581 1210 res
639 1140 899 1209 reddita
951 1142 1205 1210 tribuat
1253 1143 1631 1232 aegrotanti
1692 1142 2053 1210 medelam.
2096 1165 2131 1208 »
2174 1141 2365 1225 Quod
2401 1164 2524 1211 au-

36 1227 235 1298 lientes
284 1232 600 1300 homines
649 1231 819 1316 ejuS,
874 1233 1153 1319 accepta
1189 1232 1481 1319 pecunia
1515 1286 1529 1311 ‚
1576 1231 1885 1300 fecerunt
1942 1230 2120 1300 sicut
2158 1233 2258 1300 eis
2307 1230 2528 1301 fuerat

43 1332 427 1406 mperatum·
474 1318 951 1389 Reddiderunt
1021 1341 1264 1408 agrum
1305 1373 1319 1394 ,
1384 1319 1777 1407 solidosque
1847 1341 2057 1407 super
2125 1319 2522 1409 sepulcrum

36 1409 158 1474 iet-vi
204 1410 307 1477 Dei
359 1421 766 1497 posuerunt.
820 1407 947 1476 Sed
997 1430 1156 1476 cum
1213 1407 1337 1476 boc
1386 1407 1727 1487 fecissent,
1789 1409 2015 1479 statim
2067 1408 2184 1477 ille
2227 1410 2292 1476 in
2346 1408 2516 1487 loco,

37 1511 301 1586 funerat,
341 1498 668 1586 spiritum
706 1495 1067 1574 exhalavit,
1124 1495 1568 1581 lucratusque
1600 1509 1700 1566 est
1729 1496 2217 1567 detrimentum
2254 1499 2528 1566 animae

36 1601 114 1652 ier
139 1585 635 1675 ademptionem
671 1585 1147 1671 acquisitionis
1184 1584 1484 1670 iniquae.
1524 1586 1903 1674 Episcopus
1952 1597 2179 1654 autem
2231 1586 2529 1655 obtinuit

36 1671 304 1745 sstionem
368 1675 452 1744 de
515 1675 802 1744 inimico
865 1674 1253 1754 Ecclesiae,
1306 1695 1515 1759 quam
1582 1675 1985 1762 promiserat
2040 1675 2342 1745 futuram
2411 1697 2529 1764 per

35 1761 262 1833 tthletae
297 1766 409 1833 Dei
447 1765 771 1834 virtutem
814 1763 869 1830 ⁴³.

1127 2065 1372 2140 VITA

197 2287 271 2385 S.
344 2289 732 2388 BRlCTll
808 2287 1136 2387 EPISC.
1210 2288 1582 2389 TURON.
1655 2288 1773 2388 ΕΤ
1842 2286 2299 2387 CONFESS.

26 2532 252 2588 tiverone
297 2544 353 2590 s.
405 2542 725 2590 canonino
772 2541 1003 2590 maon.
1058 2539 1254 2590 emsc.
1317 2522 1485 2589 Hist.
1543 2525 1957 2590 Francorum
2011 2521 2125 2589 lib.
2169 2528 2230 2597 2,
2271 2541 2418 2608 cap.
2465 2530 2522 2587 A.

522 2735 713 2791 Obiit
753 2748 932 2791 anno
975 2737 1112 2801 444
1148 2764 1225 2774 —
1266 2730 1500 2791 Patria
1540 2734 1975 2791 Turonensis.

91 2912 222 2993 §t
274 2920 430 2985 Post
478 2937 832 2986 excessum
884 2915 1065 2985 beati
1114 2915 1406 2989 Martini.
1447 2915 1826 2984 Turonicae
1875 2914 2168 2982 civitatis
2219 2912 2532 3002 Episcopi

26 3002 231 3069 summi
277 3017 341 3073 et
392 3003 962 3092 incomparabilis
1013 3004 1186 3084 viri,
1241 3002 1324 3071 de
1372 3005 1575 3072 cu‘us
1625 3002 1994 3071 virtutibus
2044 3024 2294 3092 magna
2343 3001 2530 3090 apud

28 3103 121 3153 nos
157 3092 509 3162 volumina
559 3094 985 3173 retinentur,
1044 3093 1338 3161 Brictius
1392 3115 1425 3160 a
1539 3092 2023 3180 Episcopatum
2083 3090 2409 3159 succedit.
2464 3095 2541 3158 Αῑ

26 3192 147 3243 vero
200 3180 305 3251 hic
363 3182 663 3257 Brictius
694 3237 708 3261 ,
762 3182 923 3250 cum
979 3194 1157 3251 esset
1200 3182 1587 3270 primaevae
1633 3180 1873 3249 aetatis
1903 3179 2182 3268 juvenis
2215 3232 2229 3258 ,
2299 3190 2537 3247 sancto

26 3262 208 3337 adhuc
245 3272 538 3340 Martino
566 3271 812 3339 viventi
850 3271 917 3339 in
951 3291 1258 3359 corpore,
1308 3270 1560 3340 multas
1597 3268 1915 3339 tendebat
1951 3267 2262 3343 insidiae,
2352 3288 2424 3334 ro
2456 3288 2535 3335 eo

28 3354 165 3433 quod
198 3360 281 3427 ab
319 3361 560 3429 eodem
608 3360 1036 3445 plerumque,
1077 3381 1203 3427 cur
1245 3380 1452 3427 vanas
1485 3380 1593 3427 res
1627 3372 2047 3445 sequeretur,
2088 3376 2299 3444 argue
2354 3367 2532 3422 atur.

26 3442 287 3517 Quadam
344 3451 531 3518 enim
583 3448 739 3526 die,
807 3447 974 3517 dum
1028 3447 1311 3533 quidam
1382 3447 1703 3515 infirmus
1768 3446 2180 3514 medicinam
2238 3466 2277 3512 a
2343 3442 2538 3511 beato

28 3530 271 3628 llartino
308 3549 672 3627 expeteret,
728 3536 1053 3605 Brictium
1105 3535 1335 3605 adbuc
1381 3536 1753 3604 Diaconum
1804 3535 1874 3604 in
1929 3533 2148 3623 platea
2187 3532 2531 3632 convenit.

26 3618 118 3716 Cu!
151 3623 549 3714 simpliciter
580 3627 710 3694 ait:
752 3648 786 3691 «
825 3630 994 3693 Ecce
1041 3647 1165 3715 ego
1212 3624 1587 3713 praestolor
1621 3625 1892 3693 beatum
1928 3623 2177 3700 virum,
2214 3633 2278 3689 et
2315 3641 2542 3690 nescio

26 3703 122 3799 ‚ubl
150 3712 251 3792 sit,
297 3714 397 3782 vel
434 3715 598 3802 quid
651 3715 879 3803 operis
919 3727 1097 3804 agat.
1138 3737 1174 3779 »
1225 3714 1345 3783 Cui
1379 3714 1709 3782 Brictius:
1755 3738 1780 3775 ι
1812 3713 1903 3792 8ἰ,
1954 3710 2202 3799 inquit,
2240 3708 2542 3778 delirum

26 3788 186 3867 illum
221 3805 538 3888 quaeris,
594 3804 909 3893 prospice
958 3803 1256 3871 eminus,
1299 3806 1488 3881 Ecce,
1531 3801 1797 3871 coelum
1842 3800 2040 3871 solito
2088 3800 2266 3868 sicut
2300 3819 2542 3868 amens

26 3889 285 3972 respicit,
325 3916 360 3957 »
396 3897 702 3979 Cumque
738 3913 1002 3982 pauper
1035 3891 1149 3960 ille
1188 3914 1225 3961 a
1263 3891 1458 3960 beato
1491 3891 1803 3968 Martium
1842 3889 2022 3975 quod
2071 3887 2376 3977 petierat,
2417 3887 2541 3954 im-

26 3986 341 4072 petrasset,
388 3982 711 4050 Brictium
751 3982 1124 4050 Diaconum
1181 3981 1283 4048 vir
1324 3981 1565 4048 beatus
1599 3978 2021 4064 alloquitur:
2079 4001 2112 4041 «
2143 3980 2318 4045 Num
2370 3996 2495 4074 ego
2525 4028 2541 4054 ,

28 4059 219 4156 Bricti,
271 4069 530 4139 delirus
579 4071 700 4140 tibi
734 4070 1015 4139 videor?
1047 4093 1083 4135 »
1132 4074 1439 4155 Cumque
1481 4067 1598 4135 ille
1646 4066 1978 4136 confusus
2022 4066 2186 4133 baec
2221 4062 2538 4141 audiens,

26 4143 243 4225 dixisse
274 4179 342 4228 se
376 4157 766 4248 denegaret,
817 4160 911 4227 ait
961 4159 1063 4226 vir
1102 4170 1430 4228 sanctus:
1488 4179 1525 4222 «
1561 4161 1796 4225 Nonne
1844 4176 2045 4224 aures
2097 4173 2288 4221 meae
2336 4149 2419 4218 ad
2470 4172 2547 4219 os

68 4344 85 4365 ⁰
111 4347 148 4388 S.
177 4349 360 4392 Metrias
396 4355 573 4404 lim-tyr
599 4356 809 4399 vocatur,
837 4365 930 4393 non
960 4354 1084 4402 quod
1118 4353 1316 4391 mortem
1348 4352 1607 4391 violentam
1629 4359 1715 4399 pro
1734 4345 1848 4387 Pide
1868 4347 2082 4393 subierit.
2101 4349 2184 4387 sed
2204 4343 2317 4395 quia
2337 4355 2421 4393 pro
2445 4343 2546 4394 ipsa

31 4398 65 4433 Εἴ
90 4408 162 4445 Pro
184 4404 363 4451 justiti·
392 4416 584 4456 magnos
605 4407 785 4447 labores
806 4409 1008 4447 viriliter
1028 4416 1284 4455 perpessus
1312 4406 1471 4445 fuerit.
1503 4399 1763 4444 Historiam
1792 4406 1950 4442 autem
1987 4412 2182 4442 suorum
2216 4404 2457 4449 gestorum
2491 4399 2550 4438 de

31 4458 105 4494 ‘lua
120 4454 353 4507 Gregorius
373 4462 549 4501 'rm-on.
574 4458 752 4504 scribit.
769 4459 1061 4509 deperditam
1084 4461 1412 4499 lamentamur.
