2993 4837
560 326 691 391 576
1331 345 1410 390 ns
1459 344 1515 391 s,
1570 343 1828 391 nonno
1873 344 2162 392 murm
2677 326 2831 392 ROV.
2867 329 2948 423 t83

561 431 596 515 ξ
645 433 735 498 3.
776 427 1131 498 Undenam
1177 427 1305 496 hoc
1356 429 1515 518 sciri
1561 433 1812 517 potest?
1850 430 1943 497 Ab
1979 430 2151 518 ipsis
2183 429 2428 498 Christi
2462 430 2700 497 verbis.
2729 431 2927 497 Dicebat

472 518 655 585 enim
695 517 1083 607 discipulis:
1124 522 1202 585 In
1243 519 1363 586 hoc
1394 530 1781 608 coquoscenc
1815 541 2037 587 omnes
2075 520 2250 610 quod
2294 521 2432 587 mei
2479 520 2777 607 discipul-i
2804 522 2927 597 estis,

472 608 675 676 sivos
710 610 987 676 invicem
1022 608 1332 696 diliqatis
1361 607 1494 694 (J0.
1534 618 1701 689 xni).
1744 612 1909 675 Ecce
1958 608 2257 676 charitas
2309 612 2458 676 sine
2511 608 2932 693 martyriot'aeit

474 696 877 783 discipulos.
914 696 1106 777 Quod
1158 710 1387 763 autem
1443 696 1850 783 martyrium
1899 697 2048 764 sine
2079 698 2407 764 charitate
2446 719 2580 765 non
2617 697 2814 765 solum
2846 719 2931 765 non

475 784 635 853 facit
682 785 1110 874 discipulos,
1173 784 1289 852 sed
1362 806 1483 853 nec
1539 786 1811 874 prodest
1857 785 2136 870 quidem
2197 788 2575 872 quicquam
2633 786 2694 854 ei
2758 786 2848 870 qui
2893 784 2934 851 id

475 874 798 953 sustinet,
860 874 1023 942 audi
1076 873 1361 941 Paulum
1407 874 1793 942 dicentem:
1859 876 1939 943 Si
2000 874 2340 943 tradidero
2394 898 2639 962 corpus
2681 897 2862 942 meum
2893 886 2936 941 ut

475 964 925 1041 comburatur,
985 963 1384 1031 charitatem
1435 974 1662 1031 autem
1727 986 1857 1031 non
1905 964 2233 1043 habeam,
2286 965 2469 1032 nihil
2526 964 2699 1032 mihi
2754 964 2937 1064 prodest

472 1052 566 1140 (l.
607 1057 751 1122 Cor.
800 1052 966 1140 xtn).
1022 1056 1147 1119 Pro
1206 1066 1379 1119 terea
1433 1052 1618 1119 hunc
1665 1067 1977 1119 sanctum
2034 1052 2329 1121 maxime
2377 1053 2622 1141 diligo,
2657 1075 2769 1138 qut
2811 1051 2936 1118 hodie

476 1163 603 1209 nos
650 1142 1111 1229 congregavit,
1199 1154 1423 1208 eatum
1462 1141 1812 1228 (inquam)
1861 1146 2274 1219 Romanum,
2315 1144 2651 1227 quoniam
2692 1164 2828 1209 cum
2856 1160 2930 1206 rer·

477 1231 732 1297 tamine
765 1244 825 1297 et
862 1229 1210 1318 martyrio,
1257 1252 1578 1318 magnam
1631 1250 1906 1316 quoque
1935 1231 2232 1298 ostendit
2281 1231 2347 1297 in
2405 1231 2749 1298 Christum
2795 1228 2928 1297 char-‘r

477 1334 703 1388 tatem.
760 1321 1217 1400 Quamobrem
1277 1319 1334 1386 ei
1386 1340 1660 1404 quoque
1724 1331 1956 1385 sancta
2031 1318 2266 1406 lingua
2319 1319 2448 1387 suit
2498 1332 2852 1407 amputata.
2876 1321 2928 1384 tt·

475 1409 658 1475 enim
713 1408 839 1475 hoc
888 1429 1161 1493 quoque
1206 1430 1327 1495 par
1374 1420 1475 1474 est
1523 1407 1939 1487 examinare,
1995 1428 2297 1492 quanam
2343 1408 2429 1477 de
2478 1431 2693 1477 causa
2752 1400 2928 1474 nond

475 1496 607 1564 alia
659 1496 894 1581 utique
946 1510 1302 1573 tormenta,
1359 1496 1702 1584 supplicia
1739 1510 1804 1564 et
1848 1496 2197 1564 cruciatus
2254 1519 2412 1563 eum
2464 1497 2819 1565 deduxerit
2851 1496 2930 1561 dia-

478 1585 699 1663 boluS‚
741 1584 855 1652 sed
904 1585 1208 1673 linguam
1262 1585 1322 1652 ei
1372 1586 1689 1652 abscidit.
1747 1589 1886 1653 Non
1937 1585 2121 1651 enim
2176 1585 2304 1652 hoc
2352 1584 2513 1654 fecit
2582 1601 2835 1662 temere,
2871 1639 2888 1649 ,

475 1697 633 1742 cum
676 1675 973 1753 maxima
1024 1673 1331 1740 malitia:
1376 1686 1476 1742 est
1523 1674 1705 1741 enim
1764 1672 1940 1740 mala
1990 1686 2054 1742 et
2093 1674 2400 1741 malefica
2455 1675 2628 1743 haec
2682 1675 2930 1747 bestiae

475 1763 709 1831 omnia
752 1763 909 1830 facit
941 1777 1003 1830 et
1041 1777 1258 1830 movet
1306 1762 1637 1830 adversus
1689 1776 1987 1831 nostram
2040 1761 2359 1830 salutem.
2399 1768 2539 1852 Age
2573 1787 2739 1853 ergo
2767 1759 2934 1830 exami-

478 1873 746 1930 nemuS,
788 1873 1072 1919 curnam
1132 1851 1457 1940 processit
1513 1851 1596 1919 ad
1654 1849 1928 1941 linguae
1975 1850 2125 1939 ejus
2172 1856 2762 1940 amputationem,
2813 1872 2896 1939 pau

476 1940 684 2008 altius
724 1940 1139 2008 deducentes
1172 1940 1575 2007 orationem.
1631 1941 1738 2007 Sic
1786 1941 1968 2006 enim
2026 1940 2325 2008 sciemus
2360 1958 2424 2009 et
2467 1944 2584 2009 Dei
2644 1939 2938 2031 benignita

479 2042 634 2110 tem,
674 2044 736 2097 et
772 2029 1085 2117 Martyris
1130 2028 1584 2107 tolerantiam,
1620 2042 1686 2095 et
1724 2028 1979 2096 diaboli
2036 2028 2563 2117 malignitatem.
2607 2036 2849 2098 Etcum
2875 2030 2929 2092 [a

475 2118 752 2204 quidem
806 2118 1256 2185 didicerimus
1293 2118 1809 2203 benignitatem,
1859 2117 2145 2186 Domino
2179 2139 2466 2207 agemus
2518 2120 2797 2208 gratias:
2835 2121 2928 2182 Mar·

479 2210 647 2295 tyris
694 2222 918 2275 autem
992 2207 1265 2293 cognita
1327 2207 1675 2295 patientia,
1748 2206 2102 2274 imitemur
2163 2229 2626 2275 conservum:
2686 2205 2928 2275 intellecti

476 2311 702 2364 autem
747 2295 1003 2363 diaboli
1058 2295 1361 2375 malitia,
1428 2296 1715 2362 omnino
1768 2317 2167 2363 aversemur
2216 2296 2612 2364 inimicum.
2669 2302 2929 2383 Propera

475 2386 660 2453 enim
697 2385 883 2454 dedit
920 2384 1115 2454 nobis
1168 2389 1341 2452 Deus
1380 2384 1684 2452 clemens
1732 2395 1796 2451 et
1849 2384 2188 2470 benignus
2238 2406 2434 2454 nosse
2466 2385 2627 2472 ejus
2671 2384 2932 2454 machina-

476 2476 716 2550 tiones,
765 2488 840 2542 ut
887 2496 1041 2542 eum
1091 2474 1310 2562 magis
1371 2473 1530 2541 odio
1594 2473 1942 2552 habentes,
2006 2473 2278 2541 facilius
2328 2496 2763 2562 superemus.
2816 2462 2930 2552 Ouid

475 2565 656 2631 enim
683 2563 1000 2650 cognosci
1036 2567 1297 2651 possint
1323 2585 1397 2629 ea
1433 2584 1608 2647 quae
1639 2576 1861 2630 mente
1889 2561 2121 2650 agitat,
2151 2563 2310 2630 audi
2362 2564 2528 2648 quid
2558 2564 2745 2631 dicat
2770 2558 2932 2629 Paulis

477 2652 560 2719 de
607 2672 684 2719 eo
733 2652 848 2737 qui
908 2651 1124 2719 fuerat
1167 2651 1565 2728 fornicatus,
1638 2651 1946 2718 scribens
1995 2650 2076 2717 ad
2137 2653 2555 2719 Corinthios:
2616 2652 2932 2720 Confirmet?

479 2741 544 2807 in
589 2740 811 2828 ipsum
849 2741 1275 2820 charitatem,
1307 2763 1387 2806 ne
1422 2740 2057 2807 circumveniamur
2085 2763 2119 2806 a
2157 2745 2426 2808 Satana.
2453 2745 2592 2808 Non
2626 2743 2798 2809 enim
2827 2751 2930 2822 quaa

479 2843 704 2895 mente
764 2830 997 2917 agitat,
1068 2830 1468 2914 ignoramus
1528 2831 1623 2916 (2.
1660 2833 1804 2898 Cor.
1858 2828 1958 2913 It).
2022 2833 2370 2910 Quaenam
2422 2843 2523 2897 est
2569 2851 2736 2920 ergo
2777 2841 2927 2896 causi.

481 2931 755 3005 propter
795 2940 1000 3001 quam
1039 2919 1095 2983 ci
1138 2918 1441 3004 linguam
1478 2918 1906 3006 amputavit?
1939 2918 2326 2998 patiamini,
2365 2939 2406 2987 o
2446 2917 2705 2999 dilecti,
2735 2938 2827 2986 me
2851 2929 2928 2981 rem

478 3006 685 3094 paulo
735 3005 940 3072 altius
993 3022 1408 3073 narrantem.

565 3097 600 3180 ἓ
650 3100 732 3166 4.
780 3099 990 3162 Grave
1041 3094 1289 3163 betium
1330 3094 1455 3162 fuit
1485 3093 1861 3180 aliquando
1890 3095 2254 3162 excitatum
2290 3095 2622 3164 adversus
2654 3089 2930 3182 Ecclesia

480 3205 609 3250 non
666 3184 976 3251 barbaris
1028 3183 1436 3251 facientibus
1488 3183 1919 3249 incursiones
1948 3183 2281 3252 adversus
2314 3185 2644 3264 civitates,
2685 3207 2794 3253 nec
2836 3177 2896 3246 ull

476 3273 907 3361 alienigenis,
950 3273 1061 3339 sed
1120 3273 1202 3342 iis
1248 3273 1364 3358 qui
1411 3272 1817 3340 videbantur
1855 3294 2165 3357 praeesse
2209 3273 2367 3340 huic
2416 3290 2646 3342 nostro
2681 3285 2930 3341 terrarum

476 3363 649 3439 orbi,
710 3376 773 3429 et
832 3361 1141 3428 barbaris
1197 3375 1260 3429 et
1313 3362 1628 3429 hostibus
1683 3374 1746 3428 et
1794 3362 2132 3448 Tyrannis
2180 3363 2507 3430 omnibus
2555 3361 2869 3430 crudelius
2899 3360 2933 3417 ΕΙ

478 3450 852 3517 immanius
904 3450 1255 3518 utentibus
1306 3451 1388 3517 iis
1439 3451 1556 3535 qui
1607 3472 1840 3517 eorum
1883 3450 2212 3538 parebant
2255 3451 2564 3538 imperiO.
2613 3457 2743 3520 Non
2778 3446 2932 3538 solam

475 3540 655 3605 enirn
712 3539 1011 3616 libertas,
1046 3555 1109 3606 et
1155 3540 1393 3627 patria,
1432 3552 1498 3606 et
1541 3538 1891 3627 pecuniae,
1938 3552 2003 3607 et
2055 3560 2374 3626 praesens
2425 3539 2558 3607 vita
2603 3555 2753 3608 tunc
2782 3549 2933 3624 vemt}

477 3628 589 3695 bat
627 3629 692 3695 in
737 3628 1143 3715 peric-ulum:
1184 3627 1296 3695 sed
1339 3637 1622 3714 regnum
1662 3627 2037 3706 coelorum,
2073 3641 2138 3696 et
2176 3630 2343 3695 bona
2382 3650 2564 3714 quae
2610 3640 2758 3697 sunt
2790 3624 2933 3708 jusus

478 3718 797 3800 reposita,
840 3718 1109 3802 vitaque
1147 3715 1556 3784 immortalis
1602 3730 1665 3784 et
1700 3717 1943 3785 Christi
1980 3716 2341 3785 confessiO.
2391 3722 2521 3786 Nec
2557 3717 2764 3786 solum
2793 3723 2930 3802 graf&

476 3804 780 3884 bellurn,
836 3805 949 3873 sed
1007 3827 1221 3873 novus
1281 3827 1556 3890 quoque
1622 3805 1866 3872 modus
1923 3806 2344 3894 excogitatus
2393 3805 2522 3873 fuit
2581 3803 2925 3895 captivitatis

476 3900 613 3963 Non
660 3896 840 3962 enirn
876 3917 955 3962 ex
991 3917 1065 3961 ea
1119 3916 1294 3979 quac
1348 3895 1456 3961 liic
1504 3906 1628 3971 est,
1682 3894 1950 3961 civitate
1997 3893 2449 3982 expellebant,
2506 3895 2620 3963 sed
2675 3899 2923 3980 supernae

472 3983 882 4062 Jerusalem,
911 4006 1085 4067 quae
1112 3998 1212 4050 est
1246 3983 1477 4060 libera,
1520 3983 1785 4070 privare
1819 3985 2271 4062 conabantur,
2302 3999 2367 4052 et
2393 3985 2718 4073 cogebant
2746 3991 2924 4047 unum·

475 4094 817 4158 quemque
850 4073 1120 4139 animas
1156 4073 1544 4139 sacrificare
1603 4072 1666 4138 in
1732 4070 2088 4151 altaribus,
2143 4086 2206 4139 et
2254 4093 2458 4140 suum
2521 4074 2805 4160 abjurare
2843 4067 2922 4128 Dd‘

480 4162 770 4239 minum,
817 4174 881 4227 et
929 4183 1000 4228 se
1050 4161 1464 4229 daemonum
1520 4160 1863 4247 subjicere
1914 4160 2285 4248 tyrannidi,
2381 4153 2918 4252 erniciososque.t³²

479 4263 746 4315 nostrae
796 4248 1037 4318 salutis
1098 4250 1366 4328 hosteS,
1420 4249 1642 4317 colere
1703 4249 2117 4323 daemones,
2171 4271 2308 4335 quo
2411 4249 2595 4316 mille
2645 4243 2912 4338 mortibus·

476 4349 539 4401 et
565 4337 803 4419 quavis
830 4337 1139 4424 gehenna
1169 4354 1313 4405 erat
1339 4339 1615 4426 gravius
1644 4352 1705 4405 et
1747 4337 2249 4406 intolerabilius
2282 4339 2628 4425 generosis
2659 4334 2855 4404 animis
2874 4329 2913 4385 θῑ
2947 4381 2948 4416 3

480 4423 724 4491 Christi
748 4427 1160 4496 amantibus.
1187 4432 1375 4495 Tunc
1405 4441 1770 4510 tunc,cum
1801 4427 1999 4497 multi
2026 4441 2252 4497 essent
2280 4427 2640 4507 submersi,
2665 4421 2912 4492 etssuctus
2947 4481 2948 4526 ἰ
