2993 4837
106 321 245 385 Not‘.
305 320 320 382 l
821 340 897 383 ως
947 338 998 383 s.
1058 338 1279 384 viculus
1325 339 1425 384 ΕΡ.
1478 339 1811 385 successi
2414 325 2498 388 35

102 440 237 490 terra
278 436 337 489 et
381 421 789 510 cognatione
836 444 1005 490 sua:
1061 421 1178 490 sed
1232 442 1389 490 cum
1462 422 1754 491 nesciret
1831 445 2130 509 quonam
2187 425 2311 493 iter
2366 425 2587 495 inten-

96 512 265 585 deret.
316 510 582 579 tandem
638 509 720 578 ad
763 510 1192 579 Occidentem
1244 511 1468 599 coepit
1522 512 1863 598 proficisci
1913 527 2269 600 assumpto
2323 515 2584 585 itineris

96 601 247 669 socio
278 621 479 685 puero
527 598 997 667 Theodemiro.
1054 600 1331 668 Interim
1384 599 1579 668 audit
1625 600 1956 689 Angelum
2015 601 2081 669 in
2135 604 2399 670 somnis
2448 604 2580 673 sibi

95 689 377 757 dicentem
413 711 426 754 :
462 711 497 752 «
532 693 740 778 Perge
776 688 893 767 ire,
933 708 1070 775 quo
1096 687 1402 778 coepisti,
1447 689 1637 756 locus
1666 691 1849 757 enim
1895 690 2014 758 tibi
2057 713 2095 758 a
2131 695 2262 758 Deo
2301 706 2578 779 paratus

96 790 279 856 ascet
310 777 596 845 multum
648 776 975 865 populum
1013 777 1093 844 ad
1152 799 1375 845 veram
1431 777 1749 846 traduces
1799 777 2230 848 fldem.»1ta
2270 802 2432 869 ergo
2481 781 2584 848 di-

98 866 222 933 vino
248 864 443 933 fretus
489 866 771 941 auxilio,
860 868 1118 934 ervenit
1170 867 1236 934 in
1289 865 1723 954 Bajocensem
1766 869 2111 955 regionem
2151 868 2179 901 ⁸*
2216 868 2299 936 ad
2357 870 2579 939 vicum

94 954 453 1039 quemdam,
517 956 639 1040 qui
698 959 751 1023 R
842 976 1082 1023 everus
1142 956 1441 1032 dicitur,
1496 970 1700 1041 atque
1751 955 1892 1024 illic
1940 969 2404 1027 commoratus
2452 971 2576 1027 est.

96 1046 263 1111 Erant
303 1064 446 1110 vero
496 1042 625 1111 loci
673 1044 823 1130 ejus
874 1043 1187 1113 homines
1237 1044 1466 1123 bruti,
1522 1043 1739 1113 divini
1786 1045 2018 1113 cultus
2070 1045 2314 1134 ignari.
2368 1047 2581 1115 sacri-

98 1133 249 1221 legae
289 1131 749 1221 superstitioni
798 1130 1102 1212 addicti,
1161 1131 1417 1217 multis⁸
1448 1132 1783 1223 implicati
1832 1134 2225 1211 erroribus,
2279 1134 2579 1204 colentes

92 1219 448 1290 daemonum
492 1220 893 1299 simulacra,
936 1236 999 1289 et
1036 1226 1242 1291 Deum
1299 1242 1531 1290 verum
1580 1243 1859 1311 prorsus
1903 1223 2317 1310 ignorantes.
2352 1224 2582 1313 Coepit

98 1329 223 1398 ergo
251 1310 338 1377 vir
371 1309 474 1377 Dei
512 1310 615 1377 eis
651 1308 1044 1399 praedicare
1097 1311 1375 1379 verbum
1431 1311 1591 1390 Dei,
1646 1323 2089 1397 extructoque
2145 1313 2461 1392 oratorio,
2508 1313 2580 1381 in

104 1396 301 1485 vigiliis
334 1412 395 1467 et
434 1399 754 1486 precibus
800 1410 1218 1486 pernoctare,
1261 1414 1324 1466 et
1357 1398 1636 1468 assidue
1664 1399 2020 1489 deprecari
2071 1402 2462 1481 Dominum,
2502 1415 2581 1471 ut

99 1484 161 1551 ad
189 1486 704 1571 cognoscendam
746 1487 1090 1554 veritatem
1143 1486 1350 1555 corda
1402 1509 1831 1577 paganorum
1869 1489 1975 1558 sui
2026 1490 2312 1577 spiritus
2361 1491 2581 1579 gratia

101 1572 429 1643 illustraret.
461 1580 745 1644 Tantam
776 1589 1003 1644 autem
1041 1576 1099 1643 ei
1142 1576 1431 1663 gratiam
1464 1575 1757 1646 contulit
1791 1582 1988 1657 Deus,
2028 1591 2103 1647 ut
2147 1600 2317 1666 pene
2342 1600 2582 1649 omnes

100 1661 163 1728 ad
207 1662 512 1819 Chiiistum
567 1676 990 1733 converteret
1053 1663 1560 1753 praedicatione
1623 1687 1746 1734 sua
1795 1678 1861 1734 et
1911 1666 2149 1735 multis
2197 1668 2580 1737 sanctitatis

99 1771 248 1817 vtem
320 1773 390 1820 lS.

168 1774 310 1924 ξδρ.
357 1840 595 1925 volens
640 1862 807 1931 ergo
856 1842 1162 1911 Christus
1215 1842 1496 1911 militem
1555 1841 1748 1912 illum
1799 1866 2004 1913 suum
2056 1845 2123 1912 in
2176 1866 2254 1913 ea
2305 1829 2581 1935 regione

106 1928 480 2009 innotescere,
536 1930 669 1999 hac
715 1930 972 1998 ratione
1031 1930 1093 1998 id
1147 1931 1408 2000 effecit:
1464 1932 1577 1999 Vir
1608 1931 1920 2018 quidam,
1972 1954 2173 2019 quem
2223 1934 2366 2022 ipse
2414 1956 2579 2003 con-

90 2027 352 2097 ·verterat,
391 2018 610 2087 filiurn
660 2018 903 2088 habuit
953 2019 1260 2108 impense
1308 2041 1575 2097 carum,
1628 2020 1747 2106 qui
1798 2019 1984 2087 febre
2029 2035 2409 2110 correptuS‚
2462 2045 2579 2091 ex-

108 2104 264 2173 msit
298 2130 330 2171 e
375 2107 561 2176 vivis.
618 2109 785 2196 Ejus
832 2107 1323 2196 corpusculum
1380 2121 1619 2188 mater,
1658 2108 2100 2201 acerbissime
2140 2109 2402 2189 dolenS,
2443 2110 2579 2179 col·

124 2186 298 2289 locavit
338 2196 395 2263 in
448 2197 741 2266 lectulo:
798 2197 1209 2282 veniensque
1243 2195 1323 2265 ad
1370 2199 1598 2266 Virum
1633 2198 1767 2279 Dei,
1807 2219 1964 2266 cum
2021 2197 2279 2286 ingenti
2315 2198 2578 2288 ejulatu

130 2278 274 2348 dixit:
314 2310 343 2350 «ι
372 2288 611 2355 Sancte
653 2286 721 2354 Vi
775 2307 875 2365 or,
915 2284 968 2354 si
1010 2308 1158 2354 vere
1193 2308 1430 2356 servus
1482 2287 1595 2355 Dei
1645 2310 1740 2366 es,
1793 2300 1859 2355 et
1907 2286 1962 2354 si
2016 2308 2173 2355 vera
2213 2300 2372 2356 sunt
2405 2308 2581 2374 quae

137 2386 187 2432 ta
216 2375 430 2442 nomine
472 2380 644 2445 Jesu
683 2380 727 2444 C
756 2375 926 2444 tristi
978 2377 1391 2457 annuncias‚
1451 2376 1627 2457 veni,
1666 2375 1880 2446 excita
1917 2374 2138 2444 filium
2177 2396 2404 2445 meum
2447 2377 2577 2446 vita

138 2451 394 2541 sunctum,
443 2478 507 2532 et
564 2462 931 2533 credemus
984 2465 1267 2534 missum
1323 2477 1383 2534 te
1434 2487 1469 2533 a
1523 2466 1808 2534 Domino
1864 2465 1933 2533 in
2003 2465 2348 2555 regionem
2404 2466 2579 2534 hanc

130 2541 197 2610 ad
221 2544 651 2645 illuminandos
688 2575 830 2621 nos.
868 2576 902 2615 »
939 2557 1015 2621 At
1050 2555 1161 2622 Vir
1198 2567 1479 2623 sanctus
1513 2554 1706 2622 humi
1736 2575 1808 2622 se
1844 2568 2304 2644 prosternens,
2342 2555 2580 2625 orabat

30 2653 31 2662 ²
128 2635 399 2734 ”arpinum
439 2665 602 2712 cum
661 2641 1012 2730 lacrymis,
1069 2657 1161 2724 uti
1193 2664 1404 2730 puero
1457 2643 1658 2711 vitam
1716 2644 2094 2713 restitueret
2130 2644 2194 2712 in
2235 2644 2425 2714 illius
2462 2665 2579 2732 po-

118 2719 233 2810 puli
276 2725 546 2799 salutem.
607 2732 882 2820 Expleta
934 2731 1285 2809 oratione,
1340 2731 1435 2799 ait
1481 2731 1563 2799 ad
1628 2731 2027 2801 mulierem:
2098 2757 2121 2792 ι
2165 2732 2339 2814 Quid
2405 2733 2577 2802 mihi

30 2825 37 2868 ἰ
120 2810 407 2886 molestiam
460 2820 796 2888 exhibes?
843 2820 987 2887 Dixi
1030 2820 1190 2887 tibi:
1237 2821 1295 2888 si
1357 2820 1733 2889 credideris
1798 2836 1929 2890 toto
1976 2820 2182 2890 corde
2239 2822 2303 2889 in
2362 2827 2570 2891 Deum

122 2913 327 3000 mm,
376 2908 705 2995 quicquid
774 2909 1090 2997 petieris,
1144 2909 1229 2977 ab
1282 2907 1397 2977 illo
1461 2922 1522 2977 te
1589 2909 2135 2998 impetraturam.
2179 2933 2213 2975 »
2274 2909 2573 2979 Credidit

114 2985 315 3072 mer,
354 3013 414 3062 et
458 2997 678 3067 abiit:
733 3011 796 3065 et
841 3018 996 3064 ecce
1047 2998 1162 3066 ubi
1214 2998 1502 3067 accessit
1535 2998 1616 3066 ad
1652 2997 1831 3067 sores
1878 2999 2128 3069 domus
2164 3021 2349 3078 suae,
2392 2998 2572 3068 videt

327 3106 517 3154 suum
592 3085 1054 3173 prosilientem
1097 3140 1111 3157 .
1186 3084 1720 3172 laudantemque
1787 3093 1990 3157 Deum
2058 3100 2121 3157 et
2181 3087 2566 3156 dicentem:

164 3166 342 3266 Laudo
382 3187 442 3241 et
492 3174 863 3264 magnifico
914 3174 1254 3244 Christum
1309 3175 1528 3244 filium
1587 3178 1721 3252 Dei.
1778 3177 1895 3262 qui
1950 3176 2116 3244 mihi
2172 3198 2290 3265 per
2338 3197 2569 3265 preces

30 3275 34 3311 ε
98 3269 234 3322 servi
261 3261 349 3328 sui
386 3263 673 3351 vigoris,
715 3264 919 3332 vitam
971 3279 1035 3331 et
1084 3264 1372 3333 salutem
1430 3264 1815 3333 reddidit.»
1849 3264 2059 3335 Multo
2109 3265 2223 3333 ille
2266 3277 2395 3333 tem
2455 3287 2570 3332 ore

30 3381 43 3414 z:
138 3356 280 3444 osten
320 3353 684 3440 supervixit
734 3352 1127 3421 incolumis.
1184 3359 1463 3440 Propter
1501 3354 1626 3422 boc
1667 3367 1892 3423 autem
1942 3353 2354 3422 miraculum
2418 3374 2572 3420 ama

30 3447 37 3466 ²
104 3427 236 3499 brata
270 3437 384 3505 Viri
435 3439 633 3530 longe
691 3440 957 3527 lateque
1022 3442 1404 3520 increbuit,
1459 3457 1524 3510 et
1572 3442 1654 3510 ad
1709 3466 1864 3511 eum
1908 3443 2301 3511 confluxere
2336 3440 2567 3520 caeci,

30 3555 33 3564 ι
122 3516 299 3602 laudi,
332 3525 612 3616 aliisque
666 3530 923 3599 morbis
957 3530 1211 3608 afflicti,
1249 3530 1367 3617 qui
1399 3531 1552 3620 ejus
1591 3532 1911 3620 precibus
1950 3530 2169 3600 curati
2207 3543 2391 3598 sunt.

164 3607 300 3693 ξεί.
348 3619 459 3685 Per
523 3618 589 3687 id
656 3634 785 3687 tem
844 3642 926 3688 us
996 3619 1404 3689 Volusianus
1464 3619 1746 3707 quidam
1783 3675 1797 3700 ,
1867 3620 2069 3689 homo
2138 3617 2559 3708 opulentus,

138 3698 339 3769 mediis
379 3717 440 3772 et
483 3706 746 3776 familia
821 3707 1126 3798 ocuples‚
1180 3709 1249 3777 in
1300 3709 1538 3778 eadem
1594 3710 1868 3799 regione
1915 3707 2196 3798 degens,
2254 3707 2434 3776 venit
2482 3708 2565 3776 ad

98 3780 281 3856 alirum
328 3793 451 3872 Dei,
503 3796 733 3884 aitque
781 3795 927 3864 illi:
984 3821 1016 3862 «
1059 3797 1213 3866 Scio
1263 3798 1618 3867 miraculis
1672 3810 2009 3887 potentem
2067 3810 2124 3864 te
2172 3815 2344 3875 esse,
2392 3818 2568 3882 quae

104 3887 195 3954 per
242 3889 292 3944 te
348 3884 666 3954 Dominus
729 3885 960 3954 efficit.
1014 3890 1145 3955 Oro
1199 3887 1452 3976 igitur,
1508 3900 1584 3955 ut
1634 3887 1866 3954 venias
1914 3885 1998 3954 ad
2068 3884 2569 3973 possessionem

34 4009 39 4012 Α
110 3976 294 4032 meam.
343 3972 444 4038 Est
489 3974 672 4040 enim
727 3973 864 4042 illic
914 3975 983 4042 in
1038 3974 1209 4043 silva
1282 3996 1566 4063 serpens
1630 3976 2000 4051 immanis,
2055 3973 2174 4060 qui
2229 3973 2396 4042 ssatu
2448 3997 2573 4042 suo

30 4073 43 4102 τ
108 4055 155 4141 el
188 4049 455 4127 homines
499 4074 564 4130 et
616 4083 853 4151 pecora
910 4064 1124 4132 multa
1186 4063 1454 4142 adurit,
1510 4077 1586 4132 ut
1635 4085 1835 4131 nemo
1884 4061 2066 4131 ausit
2119 4062 2184 4131 in
2237 4062 2387 4151 ejus
2440 4062 2566 4131 loci

30 4153 36 4172 ²
156 4141 334 4212 rcuitu
373 4148 737 4237 quicquam
789 4152 1143 4242 attingere.
1184 4157 1281 4219 Tu
1316 4173 1437 4219 nos
1476 4153 1796 4240 precibus
1832 4153 1965 4220 tuis
2000 4152 2086 4220 ab
2121 4150 2241 4221 illo
2286 4151 2570 4219 libera.»

34 4265 51 4302 2·
110 4223 406 4315 Respondit
436 4238 545 4306 Vir
578 4240 689 4308 Dei
725 4264 739 4302 ε
794 4263 829 4305 α
859 4246 997 4310 Non
1055 4261 1333 4330 possum
1385 4261 1512 4330 ego
1542 4241 1913 4329 quicquam
1972 4261 2089 4329 per
2131 4263 2238 4310 me
2271 4238 2564 4318 efficere,

2511 4407 2606 4465 ί,

155 4435 173 4458 ’
189 4440 297 4486 enjus
319 4448 469 4497 hayna
498 4449 747 4501 praecipua.
763 4455 862 4494 erat
884 4455 1063 4494 cimus.
