2993 4837
563 361 645 423 62
1186 378 1265 423 nn
1312 378 1403 423 ss.
1457 376 1770 423 Acmnvno
1819 378 1893 422 m·
1942 378 2141 423 sucus
2190 378 2303 423 nu.
2591 396 2598 401 ·
2721 361 2868 426 Not.
2905 367 2934 426 2

475 461 663 531 visus
695 473 795 531 est
830 472 963 530 tam
1003 460 1364 530 terribilis:
1403 459 1732 551 ignis·ille
1765 461 2141 547 gehennae,
2178 461 2299 546 qui
2336 482 2679 548 nunquam
2717 463 2931 538 desinit.

474 563 539 619 et
590 572 943 637 nunquam
994 550 1440 639 extinguitur,
1492 548 2078 635 quemadmodum
2117 550 2374 619 avobis
2405 551 2938 621 tolerabitur?»-

477 661 511 705 «
564 643 640 707 Et
686 637 1054 724 quomodo,
1110 638 1431 707 dixerunt
1479 637 1605 716 illi,
1663 638 2088 727 potuerimus
2130 637 2451 729 effugere,
2511 640 2682 726 quod
2733 662 2831 709 vos
2868 641 2938 707 di·

473 728 673 807 citis,
748 726 1222 816 supplicium?
1272 750 1306 792 »
1340 766 1428 776 -
1478 750 1513 792 «
1564 726 1702 795 Nisi
1762 727 2098 815 abnegato
2154 726 2347 797 cultu
2398 727 2751 809 idolorum,
2801 728 2938 796 dixe·

474 828 636 885 runt
686 817 934 899 Sancti,
975 816 1238 885 Christo
1288 837 1443 884 vero
1499 820 1624 883 Deo
1674 837 1825 884 vere
1854 814 2309 896 credideritis,
2351 838 2484 885 non
2540 817 2820 906 poteritis
2862 818 2946 901 illa

472 906 771 994 effugere
818 905 1256 994 supplicia.»
1306 904 1396 973 Ad
1453 904 1618 972 haec
1657 904 1943 972 milites:
1998 926 2032 968 «
2064 903 2376 985 QuandO,
2416 906 2746 985 dixerunt,
2793 907 2944 995 Regis

462 994 693 1082 jussui
736 994 1126 1074 servienteS‚
1182 993 1372 1062 vobis
1410 992 1875 1061 inferebamus
1909 992 2276 1083 supplicia,
2309 995 2944 1064 contremiscebamus

471 1096 536 1151 et
586 1082 824 1150 timore
871 1081 1380 1159 afficiebamur,
1438 1094 1509 1150 ut
1549 1082 1665 1168 qui
1717 1094 2269 1172 exspectaremus
2320 1104 2443 1151 nos
2495 1083 2746 1171 aliquid
2794 1105 2945 1173 grave

472 1192 619 1241 esse
670 1193 1015 1259 passuros.
1077 1176 1271 1240 Nunc
1314 1182 1545 1240 autem
1603 1183 1888 1239 vestram
1934 1172 2282 1240 consecuti
2352 1171 2726 1241 doctrinam
2771 1189 2827 1240 et
2864 1172 2951 1239 ad-

473 1260 949 1340 monitionem,
987 1281 1233 1328 sumus
1277 1259 1668 1345 tranquillis
1707 1259 1983 1337 animiS,
2039 1259 2341 1347 aliquam
2396 1282 2584 1351 spem
2638 1259 2951 1339 salutisut

473 1370 598 1437 par
644 1362 765 1426 est,
820 1356 1325 1436 exspectantes:
1373 1348 1488 1418 sed
1542 1371 1655 1418 vos
1690 1370 1846 1417 cum
1885 1348 1952 1416 in
2009 1370 2131 1418 nos
2173 1348 2490 1429 feceritis,
2528 1372 2703 1436 quae
2746 1362 2946 1438 oportet

471 1448 535 1506 et
566 1436 707 1505 vult
757 1450 970 1505 vestra
1024 1436 1215 1516 fides,
1270 1437 1353 1505 ad
1406 1442 1655 1527 Regem
1716 1449 2069 1505 aeternum
2121 1437 2477 1507 adducite:
2552 1439 2732 1506 hunc
2780 1439 2944 1513 enim,

474 1528 541 1594 in
591 1546 795 1613 quem
870 1525 1053 1594 cadit
1102 1524 1441 1605 interituS‚
1492 1527 1636 1614 ,iam
1705 1547 1949 1595 sumus
1997 1525 2469 1596 abominati.»
2522 1533 2792 1617 Propter
2834 1528 2946 1615 haee

475 1619 803 1703 Martyres
855 1613 1085 1703 repleti
1144 1613 1434 1683 laetitia:
1484 1636 1519 1679 «
1551 1614 1942 1692 Dominum,
1983 1613 2323 1696 dixerunt,
2378 1638 2516 1684 una
2572 1638 2727 1685 voce
2772 1614 2926 1683 laude

475 1725 655 1781 mus,
700 1703 1025 1789 quoniam
1077 1703 1343 1783 bonus;
1407 1716 1471 1771 et
1524 1702 1754 1771 suavis
1802 1701 2042 1771 evadat
2106 1704 2165 1772 ei
2221 1716 2443 1773 nostra
2512 1704 2827 1774 laudatio.
2870 1700 2946 1789 qu'

476 1790 792 1860 aedificat
838 1791 1106 1860 animas
1139 1813 1402 1872 eorum,
1456 1791 1572 1877 qui
1623 1791 1706 1859 ad
1758 1790 1988 1879 ipsum
2041 1791 2173 1860 fide
2222 1793 2592 1871 accedunt,
2647 1806 2712 1862 et
2757 1793 2920 1883 gaud'

472 1892 750 2037 propter
780 1901 1016 1949 eorum
1071 1880 1358 1950 salutem
1414 1879 1652 1969 implet
1683 1879 2025 1949 coelestia.
2065 1882 2312 1971 Excipe
2346 1882 2627 1951 Domine
2668 1904 2799 1962 e05,
2830 1902 2900 1968 qu

523 1990 641 2037 ora
679 1968 1043 2038 undecima
1092 1970 1477 2038 convocasti
1522 1967 1604 2036 ad
1660 1968 1925 2037 vineam
1964 1969 2441 2059 tuimartyrii:
2493 1985 2559 2040 et
2592 1971 2678 2040 da
2711 1971 2804 2041 eis
2832 1992 2881 2051 in

472 2056 705 2126 cedem
757 2057 1037 2149 dignam
1085 2070 1201 2127 tua
1249 2057 1574 2147 bonitate,
1629 2078 1747 2126 eos
1803 2056 2101 2129 referens
2150 2058 2217 2125 in
2274 2081 2645 2129 numerum
2709 2061 2906 2151 priocu

474 2157 745 2215 tuorum
800 2145 1326 2215 decertatorum.
1363 2170 1397 2212 »

557 2237 593 2322 ξ
647 2239 811 2306 20.
869 2235 1112 2304 Milites
1146 2256 1307 2324 ergo
1351 2233 1553 2303 veluti
1608 2234 2025 2321 quibusdam
2063 2236 2275 2304 armis
2323 2236 2472 2305 inex
2534 2236 2878 2326 ugnabilib

472 2324 716 2394 Christi
770 2323 1021 2392 muniti
1063 2322 1455 2413 signanum,
1517 2322 1723 2391 simul
1776 2345 1932 2392 cum
1986 2324 2240 2392 sanctis
2303 2325 2461 2393 Acin
2517 2347 2682 2415 yn0,
2739 2323 2927 2415 Pega‘

470 2426 533 2481 et
585 2411 1069 2503 Anempodisto
1118 2416 1460 2482 fornacem
1522 2411 1811 2500 ingressi
1853 2425 2035 2494 sunt,
2096 2435 2252 2482 cum
2298 2428 2525 2484 essent
2578 2436 2856 2485 numero
2892 2409 2934 2480 vi

471 2502 642 2590 ginti
692 2513 755 2569 et
802 2518 974 2582 octo,
1033 2524 1114 2569 ne
1155 2503 1303 2589 ipsa
1337 2501 1614 2587 quidem
1668 2501 1936 2590 tyranni
1975 2513 2186 2570 matre
2237 2502 2492 2585 relicta,
2547 2505 2668 2573 sed
2720 2526 2864 2574 cum
2919 2500 2931 2512 ’

472 2589 680 2659 simul
734 2590 1065 2679 ingressa.
1122 2591 1381 2659 Chorus
1440 2601 1667 2658 autem
1721 2588 2133 2676 Angelorum
2195 2590 2376 2660 circa
2447 2591 2794 2663 fornacem
2843 2598 2938 2661 San

472 2691 613 2746 ctos
652 2678 1006 2748 videbatur
1051 2680 1434 2769 excipienS,
1476 2691 1558 2751 ‚et
1605 2700 1761 2747 cum
1814 2679 1912 2745 eis
1968 2679 2301 2767 hymnum
2353 2702 2631 2750 canens.
2694 2688 2883 2770 Mat-ty

473 2780 697 2835 autem
751 2789 908 2835 cum
963 2790 1193 2837 sacras
1253 2769 1523 2837 animas
1578 2766 1759 2857 apud
1823 2772 2031 2835 Deum
2088 2790 2207 2857 per
2257 2769 2479 2858 ignem
2533 2769 2912 2860 deposuisse.

472 2854 774 2924 secundo
823 2855 933 2924 die
972 2856 1388 2934 NovernbriS,
1446 2855 1668 2924 locum
1712 2854 2142 2944 repleverunt
2187 2856 2393 2925 odore
2441 2859 2803 2929 ineffabili:
2844 2857 2907 2927 ad

470 2957 547 3012 ut
593 2943 709 3030 qui
766 2943 905 3013 illic
952 2944 1235 3014 aderant
1278 2945 1669 3022 Christiani,
1708 2966 1884 3031 quae
1923 2944 2057 3011 dici
2115 2967 2247 3014 non
2304 2959 2544 3034 potest,
2599 2948 2888 3037 voluptat

471 3033 832 3112 senserint,
884 3046 947 3102 et
995 3055 1151 3103 eum
1208 3033 1577 3112 laudarint,
1631 3034 1748 3120 qui
1808 3054 1875 3101 re
1929 3032 2071 3122 ipsa
2120 3033 2357 3123 implet
2403 3056 2579 3122 quae
2626 3037 2800 3106 dicit
2841 3029 2942 3104 div'

472 3142 605 3189 nus
657 3121 886 3202 David,
940 3123 1103 3191 etin
1142 3123 1399 3192 sanctis
1447 3123 1594 3191 suis
1642 3143 1712 3190 se
1760 3121 2056 3190 ostendit
2108 3123 2518 3192 mirabilem.
2567 3131 2946 3207 Quorumsa

469 3231 623 3278 crae
680 3222 745 3278 et
794 3210 1126 3299 pretiosae
1176 3211 1503 3298 reliquiae
1569 3210 1917 3298 depositae
1965 3224 2129 3280 sunt
2200 3211 2265 3278 in
2321 3211 2513 3292 loen,
2567 3215 2689 3299 qui
2765 3214 2910 3282 dicit

472 3303 847 3379 IrenessuS‚
901 3322 978 3368 ex
1019 3300 1275 3386 quibus
1324 3311 1559 3368 manat
1591 3299 1886 3368 maxima
1923 3300 2139 3388 gratia
2170 3300 2252 3369 ad
2296 3322 2412 3370 eos
2460 3302 2581 3389 qui
2632 3304 2942 3372 accedunt

469 3387 561 3456 Ad
663 3387 899 3457 loriam
955 3389 1220 3458 Domini
1273 3388 1481 3458 nostri
1530 3388 1705 3457 Jesu
1754 3388 2031 3456 Christi:
2085 3410 2286 3474 quem
2341 3389 2532 3459 decet
2581 3393 2892 3481 maJestas

472 3475 584 3545 lau
639 3476 774 3547 atio
799 3499 957 3546 cum
989 3478 1139 3565 ejus
1175 3477 1515 3567 principio
1548 3490 1822 3546 carente
1852 3493 2060 3565 patre,
2100 3493 2164 3546 et
2204 3478 2469 3549 vivifico
2504 3480 2791 3569 Spiritu,
2830 3501 2908 3548 nu

469 3577 534 3633 et
574 3587 866 3655 semper,
902 3577 968 3634 et
1018 3566 1083 3633 in
1136 3565 1365 3635 secula
1416 3565 1834 3641 seculorum,
1889 3572 2120 3634 Amen.
