2993 4837
493 221 621 285 600
940 236 1018 283 nr.
1066 236 1120 283 s.
1176 235 1543 294 nmsAassrn,
1601 235 1781 283 nsels
1830 234 2201 282 nummatas
2250 235 2410 282 rma
2583 216 2737 281 net.
2775 220 2846 283 ⁴⁹

404 322 648 413 capite,
685 320 770 390 ad
798 319 1141 409 objectum
1174 320 1499 409 parietem
1534 319 1770 389 oculos
1797 319 2264 408 cogitabunda
2296 318 2530 409 defigit.
2575 320 2854 407 Exiguum

406 410 733 499 temporis
785 407 1114 489 medium,
1166 430 1325 478 curn
1375 430 1533 477 ecce
1581 419 1890 480 serenato
1951 408 2147 478 vultu
2202 407 2509 477 festiviter
2548 406 2857 476 admodum

403 499 709 570 cernitur
773 497 1172 579 subridere;
1228 518 1643 583 rursumque
1712 497 1891 567 sacto
1941 497 2131 586 parvi
2182 497 2497 587 temporis
2538 495 2855 577 intervallo,

407 589 647 669 abacta
698 586 1080 666 serenitate,
1132 584 1389 657 clausis
1437 585 1656 675 genis,
1696 586 1860 655 fletu
1888 585 2324 669 madescere3
2376 586 2727 670 iterumque
2759 605 2859 652 non

404 675 623 746 multo
655 688 806 765 post
855 685 984 744 tem
999 696 1156 764 pore
1187 675 1330 744 risu
1359 674 1703 744 sereniore
1737 674 2090 765 pertundi:
2135 696 2273 761 quo
2303 674 2568 742 demum
2594 686 2862 751 cessante,

401 765 630 834 denuo
676 764 1015 854 lacrymis
1066 762 1568 860 profusioribus
1615 763 1919 853 oppleri:
1973 785 2187 852 eaque
2237 761 2687 833 vicissitudine
2726 760 2862 829 diem

404 854 474 923 in
523 875 881 941 vesperum
943 852 1321 921 deducere:
1401 851 1734 940 prolixius
1791 865 2013 921 tamen
2065 874 2145 920 ac
2186 852 2461 941 saepius
2523 849 2862 925 serenitati,

402 964 613 1030 quam
649 941 840 1010 fletui
873 940 1125 1023 dedita,
1157 940 1453 1027 denique
1487 940 1654 1010 haec
1699 941 1897 1010 verba
1952 939 2212 1010 facere:
2267 965 2303 1007 t(
2334 945 2456 1020 Ita,
2499 940 2587 1008 mi
2617 938 2866 1015 Domine,

400 1042 478 1101 ut
527 1042 598 1099 tu
632 1052 779 1100 esse
830 1050 1098 1099 mecum
1150 1029 1480 1117 digneris,
1539 1030 1629 1098 ita
1674 1042 1739 1099 et
1770 1051 1896 1119 ego
1946 1051 2304 1116 nunquam
2347 1029 2470 1098 abs
2501 1042 2560 1096 te
2589 1049 2655 1096 se
2703 1042 2862 1104 arata,

404 1130 630 1189 tecum
661 1139 934 1187 manere
972 1118 1437 1208 perseverabo
1477 1140 1513 1185 ›>
1564 1118 1920 1203 Isintrudi‚
1972 1140 2151 1205 quae
2182 1119 2350 1187 haec
2384 1118 2608 1187 omnia
2688 1116 2862 1271 iligen·

403 1220 504 1278 ter
551 1207 1012 1288 adnotaverat,
1069 1207 1438 1277 instantius
1488 1206 1886 1296 postulanti,
1941 1220 2061 1287 ut,
2122 1207 2289 1293 quid
2342 1206 2436 1275 rei
2488 1213 2866 1292 contempata

403 1296 667 1378 suisset,
732 1296 1048 1385 aperiret,
1102 1296 1417 1380 quamvis
1466 1295 1699 1376 invita,
1753 1295 2129 1382 aliquando
2181 1308 2404 1364 tamen
2459 1294 2756 1383 precibus
2785 1291 2860 1359 de-

404 1386 603 1465 victa,
636 1384 1026 1474 respondit:
1067 1384 1294 1465 «Vidi,
1326 1384 1672 1470 inquiens,
1699 1398 1933 1473 aperto
1972 1383 2160 1453 caelo
2185 1383 2670 1454 consolatorem
2701 1398 2864 1449 meum

404 1474 748 1543 Christum
798 1479 1035 1542 Jesum
1098 1471 1183 1541 ad
1229 1493 1335 1541 me
1389 1494 1608 1559 usque
1668 1472 2122 1542 inclinatum:
2174 1474 2294 1559 qui
2341 1474 2648 1543 animum
2700 1489 2862 1537 meua

402 1562 592 1651 gravi
646 1560 1154 1630 tribulationem
1208 1559 1388 1630 fasce
1426 1560 1898 1651 degravatum,
1931 1561 2233 1650 benigna
2263 1560 2720 1631 consolatione
2751 1558 2866 1625 lera-

403 1651 518 1730 vit,
574 1648 831 1731 refovit,
887 1650 1340 1720 confirmavit.
1395 1651 1602 1739 Cujus
1672 1661 1747 1719 ut
1795 1651 2179 1739 praesentia
2228 1650 2657 1719 serenitatem
2706 1646 2868 1714 vultui

401 1738 892 1830 placidumque
943 1739 1158 1808 risum
1213 1760 1373 1828 prae
1414 1760 1523 1807 me
1562 1738 1886 1817 ferebam,
1953 1739 2046 1807 ita
2094 1738 2448 1807 aversione
2494 1738 2868 1820 discessuque

401 1827 714 1897 solvebar
763 1828 828 1895 in
865 1827 1125 1896 ssetum.
1182 1831 1394 1908 Quem
1423 1826 1539 1895 ille
1568 1828 1881 1916 protinus
1922 1828 2312 1906 miseratus,
2355 1849 2512 1895 cum
2550 1826 2755 1894 redire
2781 1844 2867 1889 ωε

404 1927 718 1994 turasset,
773 1915 1042 1985 dicens:
1076 1938 1111 1981 <‹
1142 1915 1379 1984 Tibine
1416 1937 1680 1985 mecum
1719 1938 1868 1985 esse
1898 1915 2083 1996 libet,
2122 1916 2372 2004 ut'ipse
2405 1927 2625 1985 tecum
2668 1912 2866 1980 volnt»

400 2004 777 2094 respondit:
820 2028 854 2071 ‹<
888 2009 1007 2086 Ita,
1052 2003 1143 2073 mi
1179 2004 1481 2085 Domine,
1516 2017 1595 2074 ut
1622 2017 1696 2074 tu
1732 2026 2000 2074 mecum
2035 2026 2182 2073 esse
2217 2004 2547 2094 digneris,
2594 2004 2682 2071 ita
2710 2014 2765 2068 et
2790 2018 2866 2088 ego

402 2115 763 2179 nunquam
799 2093 922 2164 abs
976 2105 1034 2163 te
1075 2107 1409 2182 separata,
1467 2105 1689 2162 tecum
1745 2114 2018 2161 manere
2071 2093 2537 2182 perseverabo
2573 2116 2608 2157 »

487 2184 522 2268 ἓ
571 2186 721 2254 16.
768 2187 922 2250 Erat
962 2193 1236 2251 sanctae
1287 2181 1558 2250 mulieri
1615 2194 1995 2262 matertera,
2040 2180 2669 2251 sanctimonialium
2729 2195 2862 2267 prae·

400 2269 574 2339 fecta
621 2270 655 2304 ²*
702 2271 1054 2340 coenobio:
1093 2292 1288 2356 quae,
1319 2270 1555 2338 audita
1593 2270 1814 2359 neptis
1848 2292 2013 2340 suae
2052 2269 2464 2350 calamitate,
2507 2261 2862 2338 miseramad

401 2381 473 2430 se
503 2360 1023 2450 quamprimum
1075 2359 1281 2429 acciri
1308 2358 1714 2446 advehique,
1752 2358 2105 2442 advectam
2138 2359 2220 2428 ad
2255 2351 2864 2448 Babenbergensis‘*⁸

399 2448 739 2516 Ecclesiae
809 2449 1221 2538 Episcopum
1281 2448 1704 2519 avunculum
1781 2449 2048 2537 ipsius,
2130 2449 2500 2519 transmitti
2563 2443 2867 2541 honorifice

402 2537 816 2625 procuravit.
878 2541 924 2605 Α
972 2558 1108 2622 quo
1160 2537 1659 2606 humanissime
1724 2548 2091 2627 suscepta,
2143 2559 2303 2605 cum
2353 2535 2750 2623 aliquandiu
2787 2533 2872 2599 ibi·

398 2625 555 2694 dem
605 2626 875 2714 egisset,
913 2625 1135 2715 coepit
1183 2627 1285 2694 vir
1324 2624 1650 2715 prudenS,
1688 2625 1884 2712 juxta
1929 2624 2296 2694 consilium
2331 2626 2653 2714 Apostoli,
2703 2621 2868 2691 adole-

400 2714 804 2783 scentiorem
840 2713 1067 2783 adhuc
1101 2713 1375 2782 viduam
1423 2715 1861 2783 matrimonio
1896 2714 2063 2782 velle
2094 2714 2465 2794 devincire,
2510 2713 2868 2797 sollicitoque

399 2802 631 2871 animo
676 2802 1100 2891 expendere,
1155 2803 1435 2872 cuinam
1508 2803 1942 2892 potissimum
2007 2825 2085 2871 ex
2138 2802 2575 2891 principibus
2620 2823 2754 2870 eam
2792 2801 2868 2866 de·

397 2889 809 2977 sponderet:
873 2891 957 2960 ob
1008 2891 1215 2977 idque
1286 2891 1506 2980 ipsam
1583 2913 1721 2960 una
1785 2913 1943 2960 cum
2012 2891 2404 2980 pedisequis
2475 2891 2780 2980 tantisper
2812 2885 2868 2955 ad

397 2978 602 3047 aliam
656 2980 1037 3049 transmisit
1085 2997 1310 3049 arcem
1343 2979 1468 3059 wa,
1510 2978 1677 3049 dum
1726 2979 2086 3058 maturius,
2127 2980 2248 3066 qui
2301 3001 2442 3048 rem
2497 2979 2732 3049 melius
2759 2997 2871 3046 con·

396 3068 630 3137 ficeret
677 3090 755 3136 ex
804 3068 1134 3137 sententia
1166 3123 1181 3148 ,
1244 3067 1674 3138 deliberaret.
1740 3072 1815 3136 At
1865 3090 2018 3137 vero
2079 3068 2523 3157 pedisequae,
2580 3069 2715 3157 pari
2757 3086 2868 3134 cum

396 3155 677 3226 domina
731 3156 1061 3227 castitatis
1111 3168 1259 3225 voto
1311 3155 1732 3245 jampridem
1782 3156 2173 3237 obstrictae,
2217 3156 2688 3226 animadversa
2733 3176 2870 3244 prae

395 3245 570 3315 sulis
605 3244 973 3326 voluntate,
1009 3246 1204 3332 queri
1234 3268 1396 3315 cum
1439 3244 1760 3333 lacrymis
1798 3259 2195 3334 coeperunt,
2243 3267 2654 3335 magnopere
2685 3245 2868 3313 timen-

397 3346 535 3413 teS,
594 3356 666 3403 se
713 3334 1038 3403 antistitis
1100 3334 1371 3403 decreto
1431 3335 1772 3403 contraire
1836 3355 1971 3403 non
2052 3355 2274 3423 posse.
2330 3340 2512 3416 Quas
2581 3333 2866 3403 confestim

393 3422 761 3502 Elisabeth,
822 3423 1138 3513 precibus
1188 3422 1273 3492 ad
1327 3428 1538 3492 Deum
1590 3422 1786 3502 fusiS,
1846 3435 2118 3509 totaque
2168 3422 2425 3492 fiducia
2472 3424 2540 3491 in
2593 3424 2863 3491 Christum

391 3524 635 3593 erecta,
684 3511 792 3582 his
842 3512 1062 3580 verbis
1102 3511 1566 3581 confirmavit:
1608 3535 1644 3577 «
1680 3517 1821 3581 Non
1867 3533 2005 3591 vos,
2044 3534 2085 3581 o
2127 3510 2333 3593 filiae,
2381 3512 2584 3580 timor
2630 3512 2736 3581 iste
2774 3507 2860 3579 sol·

390 3600 614 3671 licitas
672 3599 962 3679 habeat,
1018 3621 1222 3687 quem
1272 3601 1603 3671 castitatis
1640 3621 1874 3669 amore
1917 3599 2258 3688 patimini.
2311 3599 2592 3669 Confido
2649 3621 2754 3688 ego
2789 3596 2860 3664 di-

392 3688 586 3758 vinae
623 3689 1044 3778 protectioni,
1088 3702 1182 3768 ut,
1215 3689 1398 3776 quod
1432 3689 1573 3758 viro
1609 3688 1974 3777 superstite
2006 3688 2180 3769 vovi,
2214 3687 2539 3758 defuncto
2572 3709 2688 3757 non
2717 3685 2859 3756 amit·

391 3789 553 3860 tam,
592 3778 1039 3863 quantumvis
1072 3778 1275 3846 etiam
1330 3778 1425 3846 vel
1462 3778 1836 3847 auctoritas
1870 3789 2157 3866 premat,
2192 3776 2292 3844 vel
2330 3778 2625 3864 potentia
2654 3785 2851 3846 terreat.

389 3866 490 3935 vel
563 3866 865 3936 amicitia
938 3865 1354 3936 blandiatur.
1412 3872 1554 3937 Non
1634 3866 1805 3934 mihi
1870 3865 2090 3953 patiar
2161 3865 2418 3935 auferri
2483 3867 2569 3936 ab
2623 3865 2847 3938 homine,

387 3955 569 4041 quod
626 3955 926 4024 hominis
975 3955 1196 4045 gratia
1248 3977 1379 4023 non
1430 3954 1816 4044 assumpsi.'
1859 3953 1984 4023 Sed
2041 3976 2262 4041 neque
2323 3954 2456 4022 vim
2510 3954 2660 4022 mihi
2696 3951 2846 4048 ullam

392 4043 635 4113 inferri
685 4044 915 4126 timeo,
950 4042 1514 4130 quandoquidem
1554 4043 1776 4112 taliter
1823 4042 2104 4113 adactae
2159 4064 2430 4133 semper
2471 4043 2721 4112 liberum
2760 4053 2847 4108 ent

391 4145 454 4203 et
505 4131 852 4202 voluntate
928 4133 1329 4216 dissentire,
1397 4145 1462 4203 et
1537 4131 1624 4201 ad
1700 4131 2286 4202 dehonestandam
2372 4131 2603 4201 faciem
2665 4148 2841 4199 nasum

444 4293 470 4320 Φ
498 4291 751 4331 Muthtldes
771 4293 1116 4341 nominabatur,
1133 4290 1348 4336 coenobii
1371 4290 1620 4343 Ritzingen
1645 4290 1896 4338 abbatissa,
1916 4293 2165 4332 Gertrudts
2187 4301 2339 4332 soror.

444 4346 499 4373 ⁸*
528 4345 758 4395 Bamberq,
784 4348 834 4386 tn
862 4348 1087 4388 Bova-tao
1117 4357 1276 4398 regno.
1722 4348 1804 4375 *Ψ*
1834 4351 1925 4387 Arx
1954 4347 2138 4387 scilieet
2165 4346 2433 4391 Botenseosera
