2993 4837
31 307 149 372 lov.
198 309 280 372 28
673 326 748 371 DE
797 326 851 372 s.
907 325 1227 372 srssraANo
1272 326 1540 373 srmone
1589 327 1777 372 mar.
2275 309 2400 373 733

35 433 61 479 c
98 409 320 479 ferreis
381 408 764 499 pectinibus
812 422 1025 479 totum
1077 410 1297 499 ipsius
1352 432 1604 499 corpus
1649 421 2063 491 exarassent,
2112 431 2328 499 prono
2375 433 2489 480 ca-

31 498 109 567 ·ite
143 497 672 588 suspenderunt.
716 502 804 567 Ac
838 497 1086 567 deinde
1121 519 1257 567 non
1291 499 1537 586 exiguo
1579 498 1735 588 igne
1769 498 1947 568 infra
1976 519 2139 568 eum
2173 520 2485 581 accenSO,

31 599 74 655 ta
94 586 360 656 demum
394 585 872 657 holocaustum
925 591 1056 655 Deo
1104 600 1376 676 gratum
1410 587 1638 675 ipsum
1675 587 2068 656 effecerunt.
2102 610 2138 653 »

67 677 98 761 ξ
136 678 281 746 88.
334 680 514 744 Haec
545 697 623 744 eo
669 686 1269 757 commemorante,
1309 676 1760 762 Patribusque
1794 675 1937 745 laer
1990 675 2122 745 mis
2155 674 2490 745 madenti·

32 784 124 841 MS,
158 763 651 834 Theosterictus
683 763 992 849 quidam,
1031 764 1133 833 vir
1163 785 1367 834 senex
1398 786 1478 834 ac
1511 764 1872 833 sacerdotii
1972 764 2254 854 ignitate
2284 785 2492 833 orna·

31 873 105 931 us,
140 852 251 938 qui
300 874 380 920 ex
432 853 542 941 pio
592 852 709 921 illo
760 854 1171 922 monasterio
1217 866 1383 933 erat,
1427 852 1610 939 quod
1662 852 1964 922 Peleceta
2013 866 2486 941 nuncupatur,

33 951 167 1023 tque
214 953 278 1010 et
332 962 581 1011 nasum
622 941 1034 1020 abscissum,
1085 955 1150 1011 et
1202 963 1413 1031 genas
1467 940 1751 1010 ferventi
1818 942 1966 1030 pice
2021 963 2097 1010 ac
2154 942 2492 1010 bitumine

31 1026 196 1108 uitas,
252 1029 717 1116 miserumque
764 1030 832 1098 in
878 1029 1158 1098 modum
1199 1029 1555 1099 ambustas
1594 1029 1886 1100 habebat
1921 1030 2073 1114 (hos
2105 1030 2288 1098 enim
2332 1052 2491 1099 cru-

32 1115 185 1185 iatus
213 1117 480 1206 pietatis
502 1121 716 1186 causa
748 1117 1169 1218 pertulerat),
1202 1118 1524 1208 prodiens
1557 1119 1703 1207 ipse
1741 1139 2016 1206 quoque
2055 1118 2124 1186 in
2158 1117 2486 1198 medium,

32 1205 435 1302 uperioribus
465 1207 901 1276 sermonibus
948 1207 1114 1276 haec
1157 1207 1446 1295 adjecit:
1503 1230 1539 1272 «
1600 1206 2034 1294 Impossibile
2066 1216 2189 1285 est,
2233 1206 2490 1296 impos-

32 1292 170 1363 ibile
197 1294 503 1382 inquam,
544 1306 667 1376 est,
705 1308 782 1365 ut
817 1294 915 1365 vel
951 1296 1063 1364 hic
1111 1296 1256 1383 ipse
1290 1296 1573 1365 antistes
1609 1308 1837 1365 noster
1870 1294 2326 1370 siccis‘oculis
2363 1296 2493 1364 ista

34 1396 465 1453 ommemoret.
522 1388 829 1465 Quanam
887 1384 1071 1452 enim
1128 1385 1434 1454 oratione
1481 1384 1825 1474 quispiam
1887 1384 2121 1465 illius,
2175 1384 2292 1470 qui
2345 1395 2486 1453 tum

31 1467 192 1537 ksiam
237 1494 390 1541 cum
444 1472 737 1562 imperio
793 1473 1185 1555 obtinebat,
1248 1472 1547 1543 furorem
1619 1472 1982 1563 complecti
2037 1473 2307 1573 possit?
2372 1472 2492 1540 Cui

31 1557 531 1630 ,achanodracon
571 1560 849 1648 quidem
882 1574 1413 1651 cognomentum
1445 1573 1612 1642 erat,
1653 1583 1884 1631 verum
1922 1563 2141 1650 ipsius
2169 1560 2255 1629 fel
2288 1572 2492 1648 atque

31 1648 319 1718 facundia
364 1649 688 1719 draconis
752 1671 1026 1737 quoque
1077 1650 1263 1721 virus
1311 1650 1772 1719 amaritudine
1843 1650 2232 1740 superabat.
2303 1672 2337 1716 »
2395 1649 2488 1718 Ad

31 1753 172 1816 [uem
222 1737 457 1811 beatus
506 1737 941 1828 Stephanus:
996 1761 1032 1805 «
1083 1744 1315 1820 Narra,
1352 1759 1631 1826 quaes0‚
1675 1744 1891 1819 Pater,
1945 1738 2114 1808 nihil
2169 1739 2490 1808 omittens

32 1841 225 1907 orum,
302 1849 428 1896 uae
467 1838 615 1895 tum
658 1827 1114 1915 contigerunt,
1151 1849 1388 1897 verum
1427 1827 1661 1896 omnia
1694 1829 1998 1897 oratione
2042 1847 2484 1915 prosequens.

31 1911 225 1981 ltenim
319 1914 671 2005 ujusmodi
729 1915 1063 2006 exempla,
1114 1929 1257 1986 tum
1307 1916 1524 1984 animi
1575 1915 2139 2005 promptitudine,
2185 1929 2330 1984 tum
2382 1936 2491 1984 ro-

31 2018 137 2066 »ore
161 1999 436 2092 impleti,
475 2003 563 2072 ad
613 2004 933 2074 eumdem
968 2005 1188 2073 zelum
1228 2026 1746 2094 praeparamur:
1788 2004 2130 2091 siquidem
2174 2003 2489 2073 voluntas

32 2086 98 2152 )ei
127 2087 239 2158 hoc
278 2093 533 2171 tulerit,
572 2103 645 2162 ut
676 2115 798 2182 pro
831 2092 1065 2161 divina
1096 2094 1316 2182 ipsius
1352 2093 1653 2182 imagine
1685 2114 1808 2161 nos
1837 2114 2110 2180 quoque
2143 2103 2486 2162 certamen

31 2174 353 2249 zubeamus.
411 2204 448 2247 »
500 2186 668 2249 Tum
716 2181 930 2269 igitur
976 2182 1474 2251 Theosterictus
1524 2178 1920 2251 inchoatum
1974 2202 2360 2253 sermonem
2403 2180 2487 2249 ad

32 2278 163 2330 iuno
199 2269 477 2338 modum
533 2269 991 2358 prosequitur.
1038 2292 1073 2336 «
1118 2274 1284 2339 Cum
1317 2270 1754 2339 incruentum
1790 2270 2206 2341 sacrificium
2243 2269 2310 2338 in
2352 2291 2487 2338 mo-

32 2354 254 2424 lasterio
292 2371 526 2428 nostro
572 2357 1033 2429 celebraretur
1076 2358 1252 2449 (erat
1298 2372 1528 2429 autem
1579 2381 1857 2448 vespera
1894 2371 2168 2428 sanctae
2216 2380 2293 2428 ac
2347 2381 2490 2428 ma-

31 2459 146 2508 rnae
185 2446 455 2530 quintae
487 2446 716 2529 feriae,
752 2449 819 2516 in
870 2470 1005 2535 qua
1055 2449 1362 2518 Christus
1399 2448 1678 2518 Judaeis
1727 2448 2102 2518 tradendus
2149 2447 2344 2536 erat),
2379 2447 2490 2516 hic

31 2490 275 2604 haconis
305 2558 557 2606 nomen
592 2537 877 2618 habens,
914 2538 1185 2625 tyranni
1222 2538 1431 2626 jussu
1459 2558 1619 2606 cum
1656 2558 1906 2627 magna
1939 2536 2234 2606 militum
2278 2557 2489 2606 manu

34 2635 60 2678 ι]
110 2626 583 2718 monasterium
646 2626 980 2715 impetum
1028 2626 1209 2694 facit.
1275 2630 1363 2695 Ac
1438 2625 1806 2714 mysticum
1879 2625 2155 2713 quidem
2214 2646 2485 2694 sacrum

31 2718 220 2804 *vernn
270 2714 577 2803 mysticis
632 2713 944 2783 videlicet
1000 2714 1279 2804 hymnis
1346 2716 1657 2803 protinus
1707 2713 1979 2784 silentio
2027 2713 2485 2802 compressis;

32 2798 367 2872 ecttssimos
413 2815 645 2872 autem
697 2802 1071 2871 monachos
1131 2802 1817 2894 duodequadraginta
1894 2802 2185 2873 vinculis
2254 2801 2490 2871 ferreis

31 2876 342 2959 idstrinxit.
380 2891 704 2978 Reliquos
754 2912 908 2961 vero
957 2891 1205 2981 partim
1248 2891 1647 2961 verberibus
1684 2891 2032 2961 crudelem
2084 2891 2152 2960 in
2206 2890 2489 2960 modum

31 2976 301 3058 aceravit,
333 2980 582 3068 partim
616 3002 865 3050 eorum·
890 2980 1175 3049 barbam
1212 2980 1361 3068 pice
1392 2978 1636 3049 illitam
1669 2981 1950 3060 exussit,
1987 2979 2270 3049 naribus
2297 2980 2490 3068 prius

31 3067 352 3159 tmputatis.
390 3074 696 3151 Quorum
734 3090 1101 3138 numerum
1136 3068 1282 3162 ipse
1313 3089 1587 3155 quoque
1619 3089 1861 3158 auge0,
1903 3067 2489 3155 quemadmodum

31 3161 166 3215 aciei
213 3175 393 3224 meae
445 3169 644 3226 notae
690 3157 1067 3227 certissime
1116 3168 1472 3227 testantur.
1527 3157 1792 3240 Quibus
1849 3157 2107 3245 impius
2156 3156 2269 3225 ille
2317 3178 2489 3225 non·

31 3226 139 3303 lum
175 3241 498 3330 expletus,
542 3246 940 3315 universum
994 3244 1486 3315 monasterium
1523 3258 1753 3335 postea
1787 3244 2261 3325 inflammavit,
2302 3245 2490 3334 ipsas

31 3337 233 3408 [noque
284 3332 606 3402 ecclesias
675 3356 816 3404 una
884 3357 1043 3404 cum
1109 3333 1393 3422 reliquis
1438 3334 1772 3404 aedificiis
1820 3336 2292 3404 concremans.
2347 3339 2490 3402 Mox

31 3422 189 3508 3utem
260 3422 639 3504 praedictos
711 3422 1397 3512 duodequadraginta
1448 3429 1677 3493 Patres
1724 3423 1808 3492 ad
1859 3435 2194 3492 extremos
2242 3422 2489 3511 Ephesi

31 3514 143 3567 ines
190 3505 541 3598 relegavit:
596 3510 714 3579 ubi
764 3533 925 3581 cum
973 3532 1088 3582 eos
1137 3512 1205 3580 in
1258 3511 1501 3581 veteris
1550 3510 1774 3581 balnei
1813 3510 2070 3581 fornice
2109 3510 2489 3581 conclusis-

32 3595 103 3680 θῇ,
141 3609 212 3658 ac
252 3595 495 3667 deinde
544 3599 805 3669 aditum
854 3599 1326 3683 obstruxisset,
1383 3600 1465 3669 ad
1522 3600 1706 3670 hunc
1768 3600 2052 3670 modum
2101 3622 2214 3670 eos
2270 3622 2308 3670 e
2357 3601 2490 3670 vita

31 3690 261 3760 nigrare
306 3688 546 3777 coegit.
590 3711 623 3754 »
844 3703 853 3713 ·

74 3761 296 3869 §³¹2
348 3780 513 3845 Cum
571 3777 963 3864 usqueadeo
1012 3777 1236 3847 tristes
1297 3776 1681 3867 tragoediae
1744 3788 2228 3855 narrarentur,
2287 3789 2491 3865 atque

31 3864 206 3952 [mnes
250 3881 315 3927 in
365 3863 660 3952 gemitus
706 3879 769 3935 et
800 3866 1140 3954 lacrymas
1191 3880 1735 3955 prorumperent,
1781 3879 2061 3956 rogatus
2093 3888 2130 3935 a
2176 3867 2489 3938 Patribus

31 3939 370 4031 stephanus,
400 3966 471 4023 ut
500 3953 584 4022 ad
616 3954 1069 4044 mitigandum
1104 3975 1340 4024 eorum
1380 3975 1752 4024 moerorem
1782 3957 2152 4025 orationem
2184 3953 2488 4041 aliquam

31 4022 262 4115 labaret,
313 4038 554 4111 intimo
600 4043 805 4112 corde
855 4043 1356 4132 ingemiscens:
1402 4065 1437 4108 «
1489 4044 1775 4124 GratiaS,
1830 4045 2072 4130 inquit,
2121 4048 2250 4111 Deo
2291 4064 2492 4140 agere

31 4125 109 4177 ΜΓ
147 4134 258 4202 est,
311 4131 569 4200 Fratres
607 4153 687 4200 ac
734 4137 986 4212 Patres,
1024 4131 1301 4221 gratias,
1344 4131 1654 4217 inquam,
1700 4133 1760 4201 ei
1809 4154 2007 4221 agere
2045 4131 2130 4200 de
2163 4134 2490 4200 omnibus

31 4196 199 4288 M³¹18,
229 4233 396 4314 quae
446 4233 709 4319 praeter
756 4220 1168 4290 voluntatem
1211 4219 1560 4289 accidunt.
1593 4221 1852 4289 Etenim
1895 4221 2273 4310 gratiarum
2310 4217 2487 4287 actio

31 4302 138 4378 tum
197 4313 507 4399 patientia
551 4309 919 4397 conjuncta
967 4329 1254 4378 coronas
1309 4308 1507 4378 nobis
1556 4321 1819 4378 nectere
1867 4309 2240 4380 consuevit.
2307 4310 2489 4388 Quo-

31 4387 159 4446 211'021
184 4396 437 4465 etiamsi
469 4397 649 4488 igne,
691 4411 809 4467 aut
835 4397 1089 4488 gladio,
1117 4409 1233 4467 aut
1267 4397 1477 4468 maris
1511 4396 1873 4486 profundo,
1907 4410 2023 4468 aut
2056 4394 2481 4488 praecipitio,
