<?xml version="1.0" encoding="UTF-8"?>
<!DOCTYPE html PUBLIC "-//W3C//DTD XHTML 1.0 Transitional//EN"
    "http://www.w3.org/TR/xhtml1/DTD/xhtml1-transitional.dtd">
<html xmlns="http://www.w3.org/1999/xhtml" xml:lang="en" lang="en">
 <head>
  <title>
</title>
<meta http-equiv="Content-Type" content="text/html;charset=utf-8" />
  <meta name='ocr-system' content='tesseract 3.04.00' />
  <meta name='ocr-capabilities' content='ocr_page ocr_carea ocr_par ocr_line ocrx_word'/>
</head>
<body>
  <div class='ocr_page' id='page_1' title='image "./historiaeseuvit05lippgoog_0725.png"; bbox 0 0 2993 4837; ppageno 0'>
   <div class='ocr_carea' id='block_1_1' title="bbox 33 311 2483 376">
    <p class='ocr_par' dir='ltr' id='par_1_1' title="bbox 33 311 2483 376">
     <span class='ocr_line' id='line_1_1' title="bbox 33 311 2483 376; baseline 0 -1"><span class='ocrx_word' id='word_1_1' title='bbox 33 311 187 375; x_wconf 71' lang='lat' dir='ltr'>NOV.</span> <span class='ocrx_word' id='word_1_2' title='bbox 246 312 333 374; x_wconf 70' lang='lat'>25</span> <span class='ocrx_word' id='word_1_3' title='bbox 706 328 782 373; x_wconf 72' lang='lat' dir='ltr'>na</span> <span class='ocrx_word' id='word_1_4' title='bbox 831 329 887 374; x_wconf 92' lang='lat' dir='ltr'>s.</span> <span class='ocrx_word' id='word_1_5' title='bbox 940 327 1297 374; x_wconf 60' lang='lat' dir='ltr'>cummim</span> <span class='ocrx_word' id='word_1_6' title='bbox 1350 327 1518 373; x_wconf 76' lang='lat' dir='ltr'>viae.</span> <span class='ocrx_word' id='word_1_7' title='bbox 1570 328 1644 373; x_wconf 70' lang='lat' dir='ltr'>nr</span> <span class='ocrx_word' id='word_1_8' title='bbox 1693 328 1881 374; x_wconf 60' lang='lat' dir='ltr'>naar.</span> <span class='ocrx_word' id='word_1_9' title='bbox 2355 312 2483 376; x_wconf 84' lang='lat'>669</span> 
     </span>
    </p>
   </div>
   <div class='ocr_carea' id='block_1_2' title="bbox 29 411 2572 4492">
    <p class='ocr_par' dir='ltr' id='par_1_2' title="bbox 29 411 2572 2625">
     <span class='ocr_line' id='line_1_2' title="bbox 34 411 2563 502; baseline 0.001 -21"><span class='ocrx_word' id='word_1_10' title='bbox 34 436 208 499; x_wconf 65' lang='lat' dir='ltr'>quem</span> <span class='ocrx_word' id='word_1_11' title='bbox 268 413 477 502; x_wconf 87' lang='lat' dir='ltr'>prius</span> <span class='ocrx_word' id='word_1_12' title='bbox 512 411 835 488; x_wconf 80' lang='lat' dir='ltr'>diximus,</span> <span class='ocrx_word' id='word_1_13' title='bbox 881 424 1061 481; x_wconf 87' lang='lat' dir='ltr'>torve</span> <span class='ocrx_word' id='word_1_14' title='bbox 1102 412 1403 490; x_wconf 81' lang='lat' dir='ltr'>intuenS,</span> <span class='ocrx_word' id='word_1_15' title='bbox 1442 423 1507 480; x_wconf 87' lang='lat' dir='ltr'>et</span> <span class='ocrx_word' id='word_1_16' title='bbox 1555 413 1852 500; x_wconf 82' lang='lat' dir='ltr'>superbe</span> <span class='ocrx_word' id='word_1_17' title='bbox 1903 412 2226 498; x_wconf 88' lang='lat' dir='ltr'>loquens:</span> <span class='ocrx_word' id='word_1_18' title='bbox 2269 436 2304 477; x_wconf 92' lang='lat'>«</span> <span class='ocrx_word' id='word_1_19' title='bbox 2337 418 2435 481; x_wconf 88' lang='lat' dir='ltr'>Tu</span> <span class='ocrx_word' id='word_1_20' title='bbox 2468 437 2563 494; x_wconf 81' lang='lat' dir='ltr'>eS,</span> 
     </span>
     <span class='ocr_line' id='line_1_3' title="bbox 33 500 2571 587; baseline 0.001 -19"><span class='ocrx_word' id='word_1_21' title='bbox 33 504 252 587; x_wconf 76' lang='lat' dir='ltr'>inquit,</span> <span class='ocrx_word' id='word_1_22' title='bbox 312 522 502 586; x_wconf 89' lang='lat' dir='ltr'>quae</span> <span class='ocrx_word' id='word_1_23' title='bbox 541 500 705 569; x_wconf 90' lang='lat' dir='ltr'>deos</span> <span class='ocrx_word' id='word_1_24' title='bbox 747 513 1012 569; x_wconf 89' lang='lat' dir='ltr'>nostros</span> <span class='ocrx_word' id='word_1_25' title='bbox 1047 513 1182 568; x_wconf 90' lang='lat' dir='ltr'>tam</span> <span class='ocrx_word' id='word_1_26' title='bbox 1237 502 1326 568; x_wconf 94' lang='lat' dir='ltr'>im</span> <span class='ocrx_word' id='word_1_27' title='bbox 1388 500 1677 569; x_wconf 89' lang='lat' dir='ltr'>udenter</span> <span class='ocrx_word' id='word_1_28' title='bbox 1723 513 1788 568; x_wconf 91' lang='lat' dir='ltr'>et</span> <span class='ocrx_word' id='word_1_29' title='bbox 1820 500 1989 569; x_wconf 86' lang='lat' dir='ltr'>adeo</span> <span class='ocrx_word' id='word_1_30' title='bbox 2036 501 2406 570; x_wconf 78' lang='lat' dir='ltr'>insolenter</span> <span class='ocrx_word' id='word_1_31' title='bbox 2469 504 2571 570; x_wconf 92' lang='lat' dir='ltr'>in-</span> 
     </span>
     <span class='ocr_line' id='line_1_4' title="bbox 33 589 2563 679; baseline -0.001 -20"><span class='ocrx_word' id='word_1_32' title='bbox 33 591 185 672; x_wconf 71' lang='lat' dir='ltr'>iuria</span> <span class='ocrx_word' id='word_1_33' title='bbox 234 589 521 658; x_wconf 78' lang='lat' dir='ltr'>afficis?</span> <span class='ocrx_word' id='word_1_34' title='bbox 553 612 589 654; x_wconf 87' lang='lat'>»</span> <span class='ocrx_word' id='word_1_35' title='bbox 639 594 892 676; x_wconf 74' lang='lat' dir='ltr'>Martyr</span> <span class='ocrx_word' id='word_1_36' title='bbox 938 602 1163 657; x_wconf 76' lang='lat' dir='ltr'>autem</span> <span class='ocrx_word' id='word_1_37' title='bbox 1202 589 1307 657; x_wconf 87' lang='lat' dir='ltr'>val</span> <span class='ocrx_word' id='word_1_38' title='bbox 1364 610 1398 657; x_wconf 94' lang='lat' dir='ltr'>e</span> <span class='ocrx_word' id='word_1_39' title='bbox 1449 589 1689 657; x_wconf 90' lang='lat' dir='ltr'>leniter</span> <span class='ocrx_word' id='word_1_40' title='bbox 1735 602 1799 658; x_wconf 92' lang='lat' dir='ltr'>et</span> <span class='ocrx_word' id='word_1_41' title='bbox 1851 589 2114 678; x_wconf 83' lang='lat' dir='ltr'>placide</span> <span class='ocrx_word' id='word_1_42' title='bbox 2165 590 2563 679; x_wconf 81' lang='lat' dir='ltr'>respondit:</span> 
     </span>
     <span class='ocr_line' id='line_1_5' title="bbox 34 677 2571 767; baseline 0.001 -22"><span class='ocrx_word' id='word_1_43' title='bbox 34 705 47 738; x_wconf 61' lang='grc' dir='ltr'>ε.</span> <span class='ocrx_word' id='word_1_44' title='bbox 82 684 213 767; x_wconf 86' lang='lat' dir='ltr'>Ego</span> <span class='ocrx_word' id='word_1_45' title='bbox 246 700 443 755; x_wconf 87' lang='lat' dir='ltr'>sum;</span> <span class='ocrx_word' id='word_1_46' title='bbox 484 678 600 747; x_wconf 90' lang='lat' dir='ltr'>sed</span> <span class='ocrx_word' id='word_1_47' title='bbox 639 698 768 745; x_wconf 92' lang='lat' dir='ltr'>non</span> <span class='ocrx_word' id='word_1_48' title='bbox 823 677 1258 766; x_wconf 89' lang='lat' dir='ltr'>impudenter</span> <span class='ocrx_word' id='word_1_49' title='bbox 1305 690 1369 746; x_wconf 92' lang='lat' dir='ltr'>et</span> <span class='ocrx_word' id='word_1_50' title='bbox 1411 677 1801 759; x_wconf 81' lang='lat' dir='ltr'>insolenter,</span> <span class='ocrx_word' id='word_1_51' title='bbox 1840 689 1917 746; x_wconf 90' lang='lat' dir='ltr'>ut</span> <span class='ocrx_word' id='word_1_52' title='bbox 1963 678 2218 761; x_wconf 78' lang='lat' dir='ltr'>dixisti,</span> <span class='ocrx_word' id='word_1_53' title='bbox 2265 680 2380 748; x_wconf 91' lang='lat' dir='ltr'>sed</span> <span class='ocrx_word' id='word_1_54' title='bbox 2428 701 2571 747; x_wconf 90' lang='lat' dir='ltr'>mo·</span> 
     </span>
     <span class='ocr_line' id='line_1_6' title="bbox 32 766 2568 853; baseline 0 -19"><span class='ocrx_word' id='word_1_55' title='bbox 32 768 234 835; x_wconf 76' lang='lat' dir='ltr'>[lerate</span> <span class='ocrx_word' id='word_1_56' title='bbox 271 767 514 853; x_wconf 86' lang='lat' dir='ltr'>potius</span> <span class='ocrx_word' id='word_1_57' title='bbox 554 778 618 835; x_wconf 87' lang='lat' dir='ltr'>et</span> <span class='ocrx_word' id='word_1_58' title='bbox 668 787 817 834; x_wconf 86' lang='lat' dir='ltr'>vere</span> <span class='ocrx_word' id='word_1_59' title='bbox 865 788 1018 834; x_wconf 90' lang='lat' dir='ltr'>sum</span> <span class='ocrx_word' id='word_1_60' title='bbox 1065 766 1312 835; x_wconf 87' lang='lat' dir='ltr'>locuta.</span> <span class='ocrx_word' id='word_1_61' title='bbox 1355 790 1389 832; x_wconf 90' lang='lat'>»</span> <span class='ocrx_word' id='word_1_62' title='bbox 1432 766 1603 835; x_wconf 84' lang='lat' dir='ltr'>Dixit</span> <span class='ocrx_word' id='word_1_63' title='bbox 1644 787 1798 834; x_wconf 87' lang='lat' dir='ltr'>vero</span> <span class='ocrx_word' id='word_1_64' title='bbox 1831 781 2097 837; x_wconf 88' lang='lat' dir='ltr'>orator:</span> <span class='ocrx_word' id='word_1_65' title='bbox 2138 791 2174 833; x_wconf 89' lang='lat'>«</span> <span class='ocrx_word' id='word_1_66' title='bbox 2205 773 2368 837; x_wconf 87' lang='lat' dir='ltr'>Cum</span> <span class='ocrx_word' id='word_1_67' title='bbox 2426 790 2568 836; x_wconf 89' lang='lat' dir='ltr'>ma·</span> 
     </span>
     <span class='ocr_line' id='line_1_7' title="bbox 31 853 2566 946; baseline 0.001 -24"><span class='ocrx_word' id='word_1_68' title='bbox 31 857 125 944; x_wconf 76' lang='lat' dir='ltr'>gni</span> <span class='ocrx_word' id='word_1_69' title='bbox 160 858 408 946; x_wconf 75' lang='lat' dir='ltr'>poetae</span> <span class='ocrx_word' id='word_1_70' title='bbox 441 854 605 924; x_wconf 89' lang='lat' dir='ltr'>deos</span> <span class='ocrx_word' id='word_1_71' title='bbox 653 854 824 923; x_wconf 89' lang='lat' dir='ltr'>altos</span> <span class='ocrx_word' id='word_1_72' title='bbox 876 855 1027 924; x_wconf 79' lang='lat' dir='ltr'>illos</span> <span class='ocrx_word' id='word_1_73' title='bbox 1082 856 1457 934; x_wconf 77' lang='lat' dir='ltr'>nominent,</span> <span class='ocrx_word' id='word_1_74' title='bbox 1503 853 1847 941; x_wconf 88' lang='lat' dir='ltr'>quomodo</span> <span class='ocrx_word' id='word_1_75' title='bbox 1891 856 2063 923; x_wconf 89' lang='lat' dir='ltr'>tuin</span> <span class='ocrx_word' id='word_1_76' title='bbox 2107 877 2221 924; x_wconf 89' lang='lat' dir='ltr'>eos</span> <span class='ocrx_word' id='word_1_77' title='bbox 2259 855 2566 944; x_wconf 81' lang='lat' dir='ltr'>linguam</span> 
     </span>
     <span class='ocr_line' id='line_1_8' title="bbox 31 942 2560 1025; baseline 0.001 -15"><span class='ocrx_word' id='word_1_78' title='bbox 31 967 262 1025; x_wconf 80' lang='lat' dir='ltr'>moveS,</span> <span class='ocrx_word' id='word_1_79' title='bbox 299 958 368 1014; x_wconf 88' lang='lat' dir='ltr'>et</span> <span class='ocrx_word' id='word_1_80' title='bbox 412 956 553 1012; x_wconf 87' lang='lat' dir='ltr'>tam</span> <span class='ocrx_word' id='word_1_81' title='bbox 606 943 975 1012; x_wconf 84' lang='lat' dir='ltr'>insolenter</span> <span class='ocrx_word' id='word_1_82' title='bbox 1022 943 1235 1013; x_wconf 87' lang='lat' dir='ltr'>audes</span> <span class='ocrx_word' id='word_1_83' title='bbox 1271 944 1336 1010; x_wconf 88' lang='lat' dir='ltr'>in</span> <span class='ocrx_word' id='word_1_84' title='bbox 1398 964 1516 1012; x_wconf 93' lang='lat' dir='ltr'>eos</span> <span class='ocrx_word' id='word_1_85' title='bbox 1565 942 1948 1011; x_wconf 79' lang='lat' dir='ltr'>insultare?</span> <span class='ocrx_word' id='word_1_86' title='bbox 1996 944 2157 1022; x_wconf 87' lang='lat' dir='ltr'>Etsi,</span> <span class='ocrx_word' id='word_1_87' title='bbox 2213 957 2288 1012; x_wconf 91' lang='lat' dir='ltr'>ut</span> <span class='ocrx_word' id='word_1_88' title='bbox 2325 944 2560 1023; x_wconf 83' lang='lat' dir='ltr'>fertur,</span> 
     </span>
     <span class='ocr_line' id='line_1_9' title="bbox 31 1029 2570 1122; baseline 0.001 -23"><span class='ocrx_word' id='word_1_89' title='bbox 31 1046 86 1100; x_wconf 84' lang='lat' dir='ltr'>tu</span> <span class='ocrx_word' id='word_1_90' title='bbox 131 1055 413 1119; x_wconf 88' lang='lat' dir='ltr'>quoque</span> <span class='ocrx_word' id='word_1_91' title='bbox 478 1053 715 1101; x_wconf 89' lang='lat' dir='ltr'>eorum</span> <span class='ocrx_word' id='word_1_92' title='bbox 768 1033 1056 1122; x_wconf 81' lang='lat' dir='ltr'>gustasti</span> <span class='ocrx_word' id='word_1_93' title='bbox 1105 1033 1540 1122; x_wconf 79' lang='lat' dir='ltr'>sapientiam,</span> <span class='ocrx_word' id='word_1_94' title='bbox 1587 1044 1652 1100; x_wconf 89' lang='lat' dir='ltr'>et</span> <span class='ocrx_word' id='word_1_95' title='bbox 1700 1029 1886 1100; x_wconf 87' lang='lat' dir='ltr'>suisti</span> <span class='ocrx_word' id='word_1_96' title='bbox 1944 1032 2286 1120; x_wconf 84' lang='lat' dir='ltr'>particeps</span> <span class='ocrx_word' id='word_1_97' title='bbox 2332 1033 2570 1101; x_wconf 91' lang='lat' dir='ltr'>dulce—</span> 
     </span>
     <span class='ocr_line' id='line_1_10' title="bbox 32 1119 2570 1211; baseline 0.001 -24"><span class='ocrx_word' id='word_1_98' title='bbox 32 1120 214 1189; x_wconf 82' lang='lat' dir='ltr'>dinis.</span> <span class='ocrx_word' id='word_1_99' title='bbox 255 1144 291 1186; x_wconf 83' lang='lat'>»</span> <span class='ocrx_word' id='word_1_100' title='bbox 346 1119 480 1189; x_wconf 88' lang='lat' dir='ltr'>Illa</span> <span class='ocrx_word' id='word_1_101' title='bbox 529 1134 754 1189; x_wconf 89' lang='lat' dir='ltr'>autem</span> <span class='ocrx_word' id='word_1_102' title='bbox 812 1120 1183 1210; x_wconf 88' lang='lat' dir='ltr'>prudenter</span> <span class='ocrx_word' id='word_1_103' title='bbox 1230 1120 1693 1211; x_wconf 84' lang='lat' dir='ltr'>respondens:</span> <span class='ocrx_word' id='word_1_104' title='bbox 1749 1143 1783 1186; x_wconf 90' lang='lat'>«</span> <span class='ocrx_word' id='word_1_105' title='bbox 1816 1120 2044 1189; x_wconf 89' lang='lat' dir='ltr'>Habeo</span> <span class='ocrx_word' id='word_1_106' title='bbox 2093 1121 2410 1207; x_wconf 87' lang='lat' dir='ltr'>quidem,</span> <span class='ocrx_word' id='word_1_107' title='bbox 2467 1123 2570 1189; x_wconf 92' lang='lat' dir='ltr'>in-</span> 
     </span>
     <span class='ocr_line' id='line_1_11' title="bbox 31 1208 2561 1298; baseline 0 -21"><span class='ocrx_word' id='word_1_108' title='bbox 31 1211 178 1295; x_wconf 85' lang='lat' dir='ltr'>quit,</span> <span class='ocrx_word' id='word_1_109' title='bbox 233 1209 681 1298; x_wconf 82' lang='lat' dir='ltr'>sapientiam,</span> <span class='ocrx_word' id='word_1_110' title='bbox 736 1209 915 1278; x_wconf 91' lang='lat' dir='ltr'>sicut</span> <span class='ocrx_word' id='word_1_111' title='bbox 965 1210 1094 1277; x_wconf 91' lang='lat' dir='ltr'>mei</span> <span class='ocrx_word' id='word_1_112' title='bbox 1133 1210 1245 1277; x_wconf 90' lang='lat' dir='ltr'>Dei</span> <span class='ocrx_word' id='word_1_113' title='bbox 1295 1209 1580 1289; x_wconf 92' lang='lat' dir='ltr'>donum,</span> <span class='ocrx_word' id='word_1_114' title='bbox 1634 1209 1752 1295; x_wconf 91' lang='lat' dir='ltr'>qui</span> <span class='ocrx_word' id='word_1_115' title='bbox 1780 1222 1882 1279; x_wconf 90' lang='lat' dir='ltr'>est</span> <span class='ocrx_word' id='word_1_116' title='bbox 1931 1209 2267 1297; x_wconf 87' lang='lat' dir='ltr'>sapientia</span> <span class='ocrx_word' id='word_1_117' title='bbox 2297 1222 2361 1277; x_wconf 86' lang='lat' dir='ltr'>et</span> <span class='ocrx_word' id='word_1_118' title='bbox 2403 1208 2561 1290; x_wconf 88' lang='lat' dir='ltr'>vita,</span> 
     </span>
     <span class='ocr_line' id='line_1_12' title="bbox 29 1295 2570 1388; baseline 0.001 -24"><span class='ocrx_word' id='word_1_119' title='bbox 29 1312 80 1364; x_wconf 87' lang='lat' dir='ltr'>et</span> <span class='ocrx_word' id='word_1_120' title='bbox 122 1321 322 1383; x_wconf 88' lang='lat' dir='ltr'>quem</span> <span class='ocrx_word' id='word_1_121' title='bbox 368 1298 611 1367; x_wconf 90' lang='lat' dir='ltr'>timere</span> <span class='ocrx_word' id='word_1_122' title='bbox 649 1309 714 1365; x_wconf 92' lang='lat' dir='ltr'>et</span> <span class='ocrx_word' id='word_1_123' title='bbox 761 1298 910 1387; x_wconf 87' lang='lat' dir='ltr'>ejus</span> <span class='ocrx_word' id='word_1_124' title='bbox 963 1297 1285 1366; x_wconf 89' lang='lat' dir='ltr'>mandata</span> <span class='ocrx_word' id='word_1_125' title='bbox 1343 1319 1636 1376; x_wconf 87' lang='lat' dir='ltr'>servare,</span> <span class='ocrx_word' id='word_1_126' title='bbox 1704 1311 1803 1366; x_wconf 90' lang='lat' dir='ltr'>est</span> <span class='ocrx_word' id='word_1_127' title='bbox 1865 1295 2140 1368; x_wconf 90' lang='lat' dir='ltr'>initium</span> <span class='ocrx_word' id='word_1_128' title='bbox 2192 1298 2570 1388; x_wconf 86' lang='lat' dir='ltr'>sapientiae</span> 
     </span>
     <span class='ocr_line' id='line_1_13' title="bbox 36 1386 2572 1474; baseline 0.001 -21"><span class='ocrx_word' id='word_1_129' title='bbox 36 1387 443 1472; x_wconf 82' lang='lat' dir='ltr'>perfectioris</span> <span class='ocrx_word' id='word_1_130' title='bbox 490 1402 555 1455; x_wconf 95' lang='lat' dir='ltr'>et</span> <span class='ocrx_word' id='word_1_131' title='bbox 610 1386 913 1474; x_wconf 79' lang='lat' dir='ltr'>majoris,</span> <span class='ocrx_word' id='word_1_132' title='bbox 968 1391 1098 1455; x_wconf 89' lang='lat' dir='ltr'>Res</span> <span class='ocrx_word' id='word_1_133' title='bbox 1148 1400 1374 1455; x_wconf 90' lang='lat' dir='ltr'>autem</span> <span class='ocrx_word' id='word_1_134' title='bbox 1431 1399 1806 1454; x_wconf 89' lang='lat' dir='ltr'>vestrorum</span> <span class='ocrx_word' id='word_1_135' title='bbox 1859 1386 2144 1456; x_wconf 90' lang='lat' dir='ltr'>deorum</span> <span class='ocrx_word' id='word_1_136' title='bbox 2210 1409 2366 1455; x_wconf 90' lang='lat' dir='ltr'>cum</span> <span class='ocrx_word' id='word_1_137' title='bbox 2433 1387 2572 1455; x_wconf 91' lang='lat' dir='ltr'>sint</span> 
     </span>
     <span class='ocr_line' id='line_1_14' title="bbox 35 1473 2568 1564; baseline 0.002 -24"><span class='ocrx_word' id='word_1_138' title='bbox 35 1474 372 1553; x_wconf 85' lang='lat' dir='ltr'>ridiculae,</span> <span class='ocrx_word' id='word_1_139' title='bbox 420 1488 486 1543; x_wconf 93' lang='lat' dir='ltr'>et</span> <span class='ocrx_word' id='word_1_140' title='bbox 539 1474 779 1564; x_wconf 85' lang='lat' dir='ltr'>plenae</span> <span class='ocrx_word' id='word_1_141' title='bbox 815 1474 1028 1543; x_wconf 89' lang='lat' dir='ltr'>multa</span> <span class='ocrx_word' id='word_1_142' title='bbox 1079 1474 1500 1564; x_wconf 80' lang='lat' dir='ltr'>deceptione,</span> <span class='ocrx_word' id='word_1_143' title='bbox 1538 1473 1840 1542; x_wconf 91' lang='lat' dir='ltr'>nondum</span> <span class='ocrx_word' id='word_1_144' title='bbox 1882 1475 2094 1544; x_wconf 89' lang='lat' dir='ltr'>ullam</span> <span class='ocrx_word' id='word_1_145' title='bbox 2151 1497 2271 1564; x_wconf 90' lang='lat' dir='ltr'>pro</span> <span class='ocrx_word' id='word_1_146' title='bbox 2309 1475 2568 1544; x_wconf 89' lang='lat' dir='ltr'>meritis</span> 
     </span>
     <span class='ocr_line' id='line_1_15' title="bbox 34 1563 2568 1653; baseline 0.002 -24"><span class='ocrx_word' id='word_1_147' title='bbox 34 1579 366 1633; x_wconf 80' lang='lat' dir='ltr'>assecutae</span> <span class='ocrx_word' id='word_1_148' title='bbox 400 1577 567 1634; x_wconf 86' lang='lat' dir='ltr'>suut</span> <span class='ocrx_word' id='word_1_149' title='bbox 616 1564 1205 1653; x_wconf 86' lang='lat' dir='ltr'>vituperationem.</span> <span class='ocrx_word' id='word_1_150' title='bbox 1263 1563 1862 1632; x_wconf 78' lang='lat' dir='ltr'>verumenimvero</span> <span class='ocrx_word' id='word_1_151' title='bbox 1924 1563 2037 1631; x_wconf 90' lang='lat' dir='ltr'>dic</span> <span class='ocrx_word' id='word_1_152' title='bbox 2090 1564 2321 1644; x_wconf 81' lang='lat' dir='ltr'>nobiS,</span> <span class='ocrx_word' id='word_1_153' title='bbox 2375 1564 2568 1651; x_wconf 89' lang='lat' dir='ltr'>quis-</span> 
     </span>
     <span class='ocr_line' id='line_1_16' title="bbox 34 1651 2568 1740; baseline 0.003 -25"><span class='ocrx_word' id='word_1_154' title='bbox 34 1673 170 1718; x_wconf 85' lang='lat' dir='ltr'>nam</span> <span class='ocrx_word' id='word_1_155' title='bbox 206 1675 286 1720; x_wconf 82' lang='lat' dir='ltr'>ex</span> <span class='ocrx_word' id='word_1_156' title='bbox 337 1652 480 1720; x_wconf 81' lang='lat' dir='ltr'>tuis</span> <span class='ocrx_word' id='word_1_157' title='bbox 519 1653 813 1740; x_wconf 76' lang='lat' dir='ltr'>magniS,</span> <span class='ocrx_word' id='word_1_158' title='bbox 849 1665 925 1720; x_wconf 91' lang='lat' dir='ltr'>ut</span> <span class='ocrx_word' id='word_1_159' title='bbox 958 1651 1153 1732; x_wconf 91' lang='lat' dir='ltr'>dicis,</span> <span class='ocrx_word' id='word_1_160' title='bbox 1212 1653 1449 1740; x_wconf 74' lang='lat' dir='ltr'>poetis,</span> <span class='ocrx_word' id='word_1_161' title='bbox 1505 1664 1567 1719; x_wconf 88' lang='lat' dir='ltr'>et</span> <span class='ocrx_word' id='word_1_162' title='bbox 1615 1652 1960 1737; x_wconf 87' lang='lat' dir='ltr'>quomodo</span> <span class='ocrx_word' id='word_1_163' title='bbox 2001 1651 2164 1721; x_wconf 87' lang='lat' dir='ltr'>deos</span> <span class='ocrx_word' id='word_1_164' title='bbox 2212 1653 2395 1740; x_wconf 88' lang='lat' dir='ltr'>ipsos</span> <span class='ocrx_word' id='word_1_165' title='bbox 2447 1675 2568 1722; x_wconf 90' lang='lat' dir='ltr'>no-</span> 
     </span>
     <span class='ocr_line' id='line_1_17' title="bbox 39 1739 2568 1830; baseline 0.002 -26"><span class='ocrx_word' id='word_1_166' title='bbox 39 1740 352 1809; x_wconf 73' lang='lat' dir='ltr'>minavit?</span> <span class='ocrx_word' id='word_1_167' title='bbox 389 1765 425 1807; x_wconf 86' lang='lat'>»</span> <span class='ocrx_word' id='word_1_168' title='bbox 479 1745 718 1810; x_wconf 86' lang='lat' dir='ltr'>Orator</span> <span class='ocrx_word' id='word_1_169' title='bbox 752 1753 1007 1809; x_wconf 88' lang='lat' dir='ltr'>autem:</span> <span class='ocrx_word' id='word_1_170' title='bbox 1041 1765 1076 1806; x_wconf 86' lang='lat'>«</span> <span class='ocrx_word' id='word_1_171' title='bbox 1108 1742 1412 1809; x_wconf 90' lang='lat' dir='ltr'>Primum</span> <span class='ocrx_word' id='word_1_172' title='bbox 1441 1739 1748 1826; x_wconf 89' lang='lat' dir='ltr'>quidem,</span> <span class='ocrx_word' id='word_1_173' title='bbox 1788 1740 2032 1827; x_wconf 91' lang='lat' dir='ltr'>inquit,</span> <span class='ocrx_word' id='word_1_174' title='bbox 2067 1740 2342 1828; x_wconf 90' lang='lat' dir='ltr'>sapiens</span> <span class='ocrx_word' id='word_1_175' title='bbox 2376 1745 2568 1830; x_wconf 74' lang='lat' dir='ltr'>poeta</span> 
     </span>
     <span class='ocr_line' id='line_1_18' title="bbox 38 1827 2563 1918; baseline 0.001 -24"><span class='ocrx_word' id='word_1_176' title='bbox 38 1831 356 1899; x_wconf 89' lang='lat' dir='ltr'>Homerus</span> <span class='ocrx_word' id='word_1_177' title='bbox 382 1836 622 1898; x_wconf 73' lang='lat' dir='ltr'>Jovem</span> <span class='ocrx_word' id='word_1_178' title='bbox 670 1850 978 1918; x_wconf 86' lang='lat' dir='ltr'>precans,</span> <span class='ocrx_word' id='word_1_179' title='bbox 1019 1830 1114 1899; x_wconf 92' lang='lat' dir='ltr'>sic</span> <span class='ocrx_word' id='word_1_180' title='bbox 1145 1828 1348 1897; x_wconf 87' lang='lat' dir='ltr'>dicit:</span> <span class='ocrx_word' id='word_1_181' title='bbox 1385 1829 1655 1918; x_wconf 84' lang='lat' dir='ltr'>Jupiter</span> <span class='ocrx_word' id='word_1_182' title='bbox 1689 1827 2205 1917; x_wconf 85' lang='lat' dir='ltr'>gloriosissime,</span> <span class='ocrx_word' id='word_1_183' title='bbox 2248 1831 2563 1908; x_wconf 81' lang='lat' dir='ltr'>maxime,</span> 
     </span>
     <span class='ocr_line' id='line_1_19' title="bbox 38 1917 2571 2006; baseline 0.002 -25"><span class='ocrx_word' id='word_1_184' title='bbox 38 1917 239 1986; x_wconf 84' lang='lat' dir='ltr'>etalii</span> <span class='ocrx_word' id='word_1_185' title='bbox 292 1919 391 1986; x_wconf 89' lang='lat' dir='ltr'>dii</span> <span class='ocrx_word' id='word_1_186' title='bbox 463 1918 907 1987; x_wconf 82' lang='lat' dir='ltr'>immortales.</span> <span class='ocrx_word' id='word_1_187' title='bbox 980 1917 1230 1986; x_wconf 90' lang='lat' dir='ltr'>Deinde</span> <span class='ocrx_word' id='word_1_188' title='bbox 1285 1917 1581 2006; x_wconf 88' lang='lat' dir='ltr'>insignis</span> <span class='ocrx_word' id='word_1_189' title='bbox 1636 1938 1908 2003; x_wconf 89' lang='lat' dir='ltr'>quoque</span> <span class='ocrx_word' id='word_1_190' title='bbox 1956 1917 2268 2006; x_wconf 82' lang='lat' dir='ltr'>Orpheus</span> <span class='ocrx_word' id='word_1_191' title='bbox 2313 1918 2377 1985; x_wconf 91' lang='lat' dir='ltr'>in</span> <span class='ocrx_word' id='word_1_192' title='bbox 2444 1940 2571 1987; x_wconf 89' lang='lat' dir='ltr'>sua</span> 
     </span>
     <span class='ocr_line' id='line_1_20' title="bbox 43 2004 2570 2096; baseline 0.002 -27"><span class='ocrx_word' id='word_1_193' title='bbox 43 2004 434 2096; x_wconf 84' lang='lat' dir='ltr'>Theogonia,</span> <span class='ocrx_word' id='word_1_194' title='bbox 482 2007 583 2074; x_wconf 90' lang='lat' dir='ltr'>sic</span> <span class='ocrx_word' id='word_1_195' title='bbox 616 2008 869 2095; x_wconf 82' lang='lat' dir='ltr'>gratias</span> <span class='ocrx_word' id='word_1_196' title='bbox 902 2029 1112 2096; x_wconf 87' lang='lat' dir='ltr'>agens</span> <span class='ocrx_word' id='word_1_197' title='bbox 1163 2011 1294 2074; x_wconf 89' lang='lat' dir='ltr'>Deo</span> <span class='ocrx_word' id='word_1_198' title='bbox 1331 2005 1650 2094; x_wconf 83' lang='lat' dir='ltr'>Apollini,</span> <span class='ocrx_word' id='word_1_199' title='bbox 1704 2006 1906 2074; x_wconf 85' lang='lat' dir='ltr'>dicit:</span> <span class='ocrx_word' id='word_1_200' title='bbox 1961 2010 2011 2074; x_wconf 91' lang='grc' dir='ltr'><strong>Ο</strong></span> <span class='ocrx_word' id='word_1_201' title='bbox 2059 2011 2195 2074; x_wconf 82' lang='lat' dir='ltr'>Rex</span> <span class='ocrx_word' id='word_1_202' title='bbox 2227 2005 2415 2075; x_wconf 83' lang='lat' dir='ltr'>filius</span> <span class='ocrx_word' id='word_1_203' title='bbox 2449 2011 2570 2074; x_wconf 91' lang='lat' dir='ltr'>La-</span> 
     </span>
     <span class='ocr_line' id='line_1_21' title="bbox 48 2093 2572 2184; baseline 0.003 -29"><span class='ocrx_word' id='word_1_204' title='bbox 48 2096 221 2174; x_wconf 84' lang='lat' dir='ltr'>tonis,</span> <span class='ocrx_word' id='word_1_205' title='bbox 261 2096 548 2164; x_wconf 90' lang='lat' dir='ltr'>eminus</span> <span class='ocrx_word' id='word_1_206' title='bbox 595 2095 865 2166; x_wconf 69' lang='lat' dir='ltr'>feriens,</span> <span class='ocrx_word' id='word_1_207' title='bbox 909 2108 1147 2184; x_wconf 87' lang='lat' dir='ltr'>potens</span> <span class='ocrx_word' id='word_1_208' title='bbox 1178 2095 1465 2163; x_wconf 88' lang='lat' dir='ltr'>Phoebe.</span> <span class='ocrx_word' id='word_1_209' title='bbox 1522 2094 1642 2171; x_wconf 82' lang='lat' dir='ltr'>Qui</span> <span class='ocrx_word' id='word_1_210' title='bbox 1678 2093 1908 2162; x_wconf 90' lang='lat' dir='ltr'>omnia</span> <span class='ocrx_word' id='word_1_211' title='bbox 1968 2094 2278 2174; x_wconf 89' lang='lat' dir='ltr'>intueris,</span> <span class='ocrx_word' id='word_1_212' title='bbox 2332 2106 2397 2163; x_wconf 92' lang='lat' dir='ltr'>et</span> <span class='ocrx_word' id='word_1_213' title='bbox 2444 2096 2572 2162; x_wconf 89' lang='lat' dir='ltr'>im—</span> 
     </span>
     <span class='ocr_line' id='line_1_22' title="bbox 58 2182 2570 2271; baseline 0.003 -27"><span class='ocrx_word' id='word_1_214' title='bbox 58 2203 218 2263; x_wconf 78' lang='lat' dir='ltr'>peras</span> <span class='ocrx_word' id='word_1_215' title='bbox 257 2183 675 2254; x_wconf 88' lang='lat' dir='ltr'>mortalibus</span> <span class='ocrx_word' id='word_1_216' title='bbox 721 2197 786 2252; x_wconf 91' lang='lat' dir='ltr'>et</span> <span class='ocrx_word' id='word_1_217' title='bbox 834 2183 1367 2252; x_wconf 89' lang='lat' dir='ltr'>immortalibus.</span> <span class='ocrx_word' id='word_1_218' title='bbox 1423 2182 1558 2261; x_wconf 89' lang='lat' dir='ltr'>Sol,</span> <span class='ocrx_word' id='word_1_219' title='bbox 1615 2183 1732 2268; x_wconf 91' lang='lat' dir='ltr'>qui</span> <span class='ocrx_word' id='word_1_220' title='bbox 1785 2184 1852 2251; x_wconf 88' lang='lat' dir='ltr'>in</span> <span class='ocrx_word' id='word_1_221' title='bbox 1905 2183 2119 2251; x_wconf 91' lang='lat' dir='ltr'>altum</span> <span class='ocrx_word' id='word_1_222' title='bbox 2166 2183 2410 2271; x_wconf 90' lang='lat' dir='ltr'>pennis</span> <span class='ocrx_word' id='word_1_223' title='bbox 2444 2205 2570 2251; x_wconf 89' lang='lat' dir='ltr'>au—</span> 
     </span>
     <span class='ocr_line' id='line_1_23' title="bbox 58 2269 2563 2361; baseline 0.004 -31"><span class='ocrx_word' id='word_1_224' title='bbox 58 2269 169 2336; x_wconf 85' lang='lat' dir='ltr'>reis</span> <span class='ocrx_word' id='word_1_225' title='bbox 201 2273 567 2341; x_wconf 83' lang='lat' dir='ltr'>extolleris.</span> <span class='ocrx_word' id='word_1_226' title='bbox 598 2277 805 2358; x_wconf 80' lang='lat' dir='ltr'>Atque</span> <span class='ocrx_word' id='word_1_227' title='bbox 837 2273 935 2340; x_wconf 91' lang='lat' dir='ltr'>sic</span> <span class='ocrx_word' id='word_1_228' title='bbox 961 2271 1236 2357; x_wconf 87' lang='lat' dir='ltr'>quidem</span> <span class='ocrx_word' id='word_1_229' title='bbox 1277 2270 1851 2360; x_wconf 88' lang='lat' dir='ltr'>praestantissimi</span> <span class='ocrx_word' id='word_1_230' title='bbox 1882 2284 1946 2340; x_wconf 91' lang='lat' dir='ltr'>et</span> <span class='ocrx_word' id='word_1_231' title='bbox 1975 2272 2178 2361; x_wconf 88' lang='lat' dir='ltr'>primi</span> <span class='ocrx_word' id='word_1_232' title='bbox 2212 2294 2290 2340; x_wconf 89' lang='lat' dir='ltr'>ex</span> <span class='ocrx_word' id='word_1_233' title='bbox 2328 2273 2563 2360; x_wconf 76' lang='lat' dir='ltr'>poetiS,</span> 
     </span>
     <span class='ocr_line' id='line_1_24' title="bbox 58 2354 2569 2450; baseline 0.004 -30"><span class='ocrx_word' id='word_1_234' title='bbox 58 2354 208 2441; x_wconf 84' lang='lat' dir='ltr'>ipsos</span> <span class='ocrx_word' id='word_1_235' title='bbox 236 2361 696 2440; x_wconf 86' lang='lat' dir='ltr'>honorabant,</span> <span class='ocrx_word' id='word_1_236' title='bbox 735 2374 799 2430; x_wconf 88' lang='lat' dir='ltr'>et</span> <span class='ocrx_word' id='word_1_237' title='bbox 845 2361 1008 2431; x_wconf 89' lang='lat' dir='ltr'>deos</span> <span class='ocrx_word' id='word_1_238' title='bbox 1056 2373 1286 2450; x_wconf 91' lang='lat' dir='ltr'>aperte</span> <span class='ocrx_word' id='word_1_239' title='bbox 1334 2361 1688 2430; x_wconf 90' lang='lat' dir='ltr'>vocabant.</span> <span class='ocrx_word' id='word_1_240' title='bbox 1725 2364 1952 2448; x_wconf 87' lang='lat' dir='ltr'>Neque</span> <span class='ocrx_word' id='word_1_241' title='bbox 1988 2372 2061 2430; x_wconf 92' lang='lat' dir='ltr'>tu</span> <span class='ocrx_word' id='word_1_242' title='bbox 2092 2381 2255 2450; x_wconf 88' lang='lat' dir='ltr'>ergo</span> <span class='ocrx_word' id='word_1_243' title='bbox 2288 2360 2569 2449; x_wconf 85' lang='lat' dir='ltr'>decepta</span> 
     </span>
     <span class='ocr_line' id='line_1_25' title="bbox 53 2449 2570 2546; baseline 0.006 -40"><span class='ocrx_word' id='word_1_244' title='bbox 53 2449 435 2546; x_wconf 66' lang='lat' dir='ltr'>crucifixum</span> <span class='ocrx_word' id='word_1_245' title='bbox 491 2449 801 2519; x_wconf 82' lang='lat' dir='ltr'>attendas</span> <span class='ocrx_word' id='word_1_246' title='bbox 865 2465 1211 2537; x_wconf 88' lang='lat' dir='ltr'>tamquam</span> <span class='ocrx_word' id='word_1_247' title='bbox 1268 2450 1769 2535; x_wconf 61' lang='lat' dir='ltr'>Deum‚‘quem</span> <span class='ocrx_word' id='word_1_248' title='bbox 1825 2449 2062 2519; x_wconf 87' lang='lat' dir='ltr'>nullus</span> <span class='ocrx_word' id='word_1_249' title='bbox 2109 2470 2188 2517; x_wconf 88' lang='lat' dir='ltr'>ex</span> <span class='ocrx_word' id='word_1_250' title='bbox 2230 2451 2570 2520; x_wconf 89' lang='lat' dir='ltr'>veteribus</span> 
     </span>
     <span class='ocr_line' id='line_1_26' title="bbox 53 2539 2335 2625; baseline 0.001 -25"><span class='ocrx_word' id='word_1_251' title='bbox 53 2554 298 2622; x_wconf 77' lang='lat' dir='ltr'>sapiens</span> <span class='ocrx_word' id='word_1_252' title='bbox 340 2540 691 2608; x_wconf 87' lang='lat' dir='ltr'>invenitur</span> <span class='ocrx_word' id='word_1_253' title='bbox 727 2539 1145 2621; x_wconf 89' lang='lat' dir='ltr'>nominasse,</span> <span class='ocrx_word' id='word_1_254' title='bbox 1202 2560 1420 2625; x_wconf 90' lang='lat' dir='ltr'>neque</span> <span class='ocrx_word' id='word_1_255' title='bbox 1469 2539 1668 2617; x_wconf 88' lang='lat' dir='ltr'>scire,</span> <span class='ocrx_word' id='word_1_256' title='bbox 1716 2558 1801 2606; x_wconf 93' lang='lat' dir='ltr'>an</span> <span class='ocrx_word' id='word_1_257' title='bbox 1839 2550 2015 2608; x_wconf 89' lang='lat' dir='ltr'>esset</span> <span class='ocrx_word' id='word_1_258' title='bbox 2064 2543 2263 2607; x_wconf 81' lang='lat' dir='ltr'>Deus,</span> <span class='ocrx_word' id='word_1_259' title='bbox 2299 2561 2335 2603; x_wconf 88' lang='lat'>»</span> 
     </span>
    </p>

    <p class='ocr_par' dir='ltr' id='par_1_3' title="bbox 49 2626 2572 4492">
     <span class='ocr_line' id='line_1_27' title="bbox 121 2626 2564 2716; baseline -0.002 -17"><span class='ocrx_word' id='word_1_260' title='bbox 121 2626 150 2709; x_wconf 69' lang='grc' dir='ltr'>ξ</span> <span class='ocrx_word' id='word_1_261' title='bbox 196 2633 348 2699; x_wconf 77' lang='lat'>10.</span> <span class='ocrx_word' id='word_1_262' title='bbox 408 2634 664 2716; x_wconf 78' lang='lat' dir='ltr'>Martyr</span> <span class='ocrx_word' id='word_1_263' title='bbox 692 2641 919 2695; x_wconf 90' lang='lat' dir='ltr'>autem</span> <span class='ocrx_word' id='word_1_264' title='bbox 970 2627 1177 2696; x_wconf 89' lang='lat' dir='ltr'>dicit:</span> <span class='ocrx_word' id='word_1_265' title='bbox 1233 2651 1268 2693; x_wconf 90' lang='lat'>«</span> <span class='ocrx_word' id='word_1_266' title='bbox 1310 2633 1437 2696; x_wconf 89' lang='lat' dir='ltr'>Res</span> <span class='ocrx_word' id='word_1_267' title='bbox 1471 2627 1756 2696; x_wconf 89' lang='lat' dir='ltr'>deorum</span> <span class='ocrx_word' id='word_1_268' title='bbox 1810 2626 2022 2696; x_wconf 85' lang='lat' dir='ltr'>fateor</span> <span class='ocrx_word' id='word_1_269' title='bbox 2055 2627 2145 2696; x_wconf 87' lang='lat' dir='ltr'>ita</span> <span class='ocrx_word' id='word_1_270' title='bbox 2176 2648 2249 2695; x_wconf 93' lang='lat' dir='ltr'>se</span> <span class='ocrx_word' id='word_1_271' title='bbox 2292 2628 2564 2705; x_wconf 88' lang='lat' dir='ltr'>habere;</span> 
     </span>
     <span class='ocr_line' id='line_1_28' title="bbox 54 2715 2561 2805; baseline 0.002 -28"><span class='ocrx_word' id='word_1_272' title='bbox 54 2732 242 2798; x_wconf 79' lang='lat' dir='ltr'>neque</span> <span class='ocrx_word' id='word_1_273' title='bbox 290 2717 850 2786; x_wconf 79' lang='lat' dir='ltr'>contradixerim.</span> <span class='ocrx_word' id='word_1_274' title='bbox 894 2716 1017 2784; x_wconf 91' lang='lat' dir='ltr'>Sed</span> <span class='ocrx_word' id='word_1_275' title='bbox 1059 2716 1173 2785; x_wconf 91' lang='lat' dir='ltr'>illa</span> <span class='ocrx_word' id='word_1_276' title='bbox 1214 2715 1644 2805; x_wconf 87' lang='lat' dir='ltr'>adjiciemus.</span> <span class='ocrx_word' id='word_1_277' title='bbox 1694 2720 1858 2784; x_wconf 91' lang='lat' dir='ltr'>Nam</span> <span class='ocrx_word' id='word_1_278' title='bbox 1890 2720 2225 2785; x_wconf 87' lang='lat' dir='ltr'>Homerus</span> <span class='ocrx_word' id='word_1_279' title='bbox 2256 2715 2561 2802; x_wconf 82' lang='lat' dir='ltr'>quidem,</span> 
     </span>
     <span class='ocr_line' id='line_1_29' title="bbox 49 2804 2570 2894; baseline 0.002 -27"><span class='ocrx_word' id='word_1_280' title='bbox 49 2818 222 2882; x_wconf 87' lang='lat' dir='ltr'>quem</span> <span class='ocrx_word' id='word_1_281' title='bbox 271 2805 506 2876; x_wconf 85' lang='lat' dir='ltr'>dixisti</span> <span class='ocrx_word' id='word_1_282' title='bbox 550 2805 1221 2894; x_wconf 86' lang='lat' dir='ltr'>praestantissimum</span> <span class='ocrx_word' id='word_1_283' title='bbox 1274 2808 1654 2894; x_wconf 75' lang='lat' dir='ltr'>poetarum,</span> <span class='ocrx_word' id='word_1_284' title='bbox 1710 2804 1824 2873; x_wconf 89' lang='lat' dir='ltr'>ille</span> <span class='ocrx_word' id='word_1_285' title='bbox 1874 2805 2018 2893; x_wconf 89' lang='lat' dir='ltr'>ipse</span> <span class='ocrx_word' id='word_1_286' title='bbox 2071 2826 2314 2873; x_wconf 86' lang='lat' dir='ltr'>rursus</span> <span class='ocrx_word' id='word_1_287' title='bbox 2359 2804 2570 2872; x_wconf 82' lang='lat' dir='ltr'>maxi-</span> 
     </span>
     <span class='ocr_line' id='line_1_30' title="bbox 52 2892 2572 2977; baseline 0.001 -20"><span class='ocrx_word' id='word_1_288' title='bbox 52 2906 214 2957; x_wconf 73' lang='lat' dir='ltr'>mum</span> <span class='ocrx_word' id='word_1_289' title='bbox 250 2895 562 2962; x_wconf 91' lang='lat' dir='ltr'>omnium</span> <span class='ocrx_word' id='word_1_290' title='bbox 616 2894 900 2962; x_wconf 92' lang='lat' dir='ltr'>deorum</span> <span class='ocrx_word' id='word_1_291' title='bbox 941 2899 1200 2973; x_wconf 79' lang='lat' dir='ltr'>Jovem,</span> <span class='ocrx_word' id='word_1_292' title='bbox 1256 2892 1888 2962; x_wconf 88' lang='lat' dir='ltr'>innumerabilibus</span> <span class='ocrx_word' id='word_1_293' title='bbox 1921 2893 2203 2977; x_wconf 82' lang='lat' dir='ltr'>subiicit</span> <span class='ocrx_word' id='word_1_294' title='bbox 2248 2892 2572 2962; x_wconf 92' lang='lat' dir='ltr'>absurdi-</span> 
     </span>
     <span class='ocr_line' id='line_1_31' title="bbox 56 2978 2569 3070; baseline 0.004 -30"><span class='ocrx_word' id='word_1_295' title='bbox 56 2978 302 3062; x_wconf 78' lang='lat' dir='ltr'>tatibuS,</span> <span class='ocrx_word' id='word_1_296' title='bbox 335 2981 595 3051; x_wconf 91' lang='lat' dir='ltr'>alicubi</span> <span class='ocrx_word' id='word_1_297' title='bbox 633 2982 912 3069; x_wconf 88' lang='lat' dir='ltr'>quidem</span> <span class='ocrx_word' id='word_1_298' title='bbox 959 2981 1357 3050; x_wconf 89' lang='lat' dir='ltr'>mendacem</span> <span class='ocrx_word' id='word_1_299' title='bbox 1408 2994 1473 3050; x_wconf 89' lang='lat' dir='ltr'>et</span> <span class='ocrx_word' id='word_1_300' title='bbox 1523 3000 1945 3070; x_wconf 87' lang='lat' dir='ltr'>perversum,</span> <span class='ocrx_word' id='word_1_301' title='bbox 1996 2981 2404 3066; x_wconf 84' lang='lat' dir='ltr'>vafrumque</span> <span class='ocrx_word' id='word_1_302' title='bbox 2455 3004 2569 3049; x_wconf 87' lang='lat' dir='ltr'>vo-</span> 
     </span>
     <span class='ocr_line' id='line_1_32' title="bbox 51 3070 2568 3160; baseline 0.004 -32"><span class='ocrx_word' id='word_1_303' title='bbox 51 3084 191 3134; x_wconf 83' lang='lat' dir='ltr'>cans</span> <span class='ocrx_word' id='word_1_304' title='bbox 233 3084 295 3138; x_wconf 91' lang='lat' dir='ltr'>et</span> <span class='ocrx_word' id='word_1_305' title='bbox 342 3071 802 3160; x_wconf 81' lang='lat' dir='ltr'>deceptorem3</span> <span class='ocrx_word' id='word_1_306' title='bbox 840 3070 1097 3139; x_wconf 88' lang='lat' dir='ltr'>alicubi</span> <span class='ocrx_word' id='word_1_307' title='bbox 1132 3084 1361 3140; x_wconf 86' lang='lat' dir='ltr'>autem</span> <span class='ocrx_word' id='word_1_308' title='bbox 1404 3093 1441 3138; x_wconf 90' lang='lat' dir='ltr'>a</span> <span class='ocrx_word' id='word_1_309' title='bbox 1479 3076 1775 3149; x_wconf 79' lang='lat' dir='ltr'>Junone,</span> <span class='ocrx_word' id='word_1_310' title='bbox 1812 3075 2124 3160; x_wconf 84' lang='lat' dir='ltr'>Neptuno</span> <span class='ocrx_word' id='word_1_311' title='bbox 2170 3082 2237 3138; x_wconf 94' lang='lat' dir='ltr'>et</span> <span class='ocrx_word' id='word_1_312' title='bbox 2271 3070 2568 3138; x_wconf 80' lang='lat' dir='ltr'>Minerva</span> 
     </span>
     <span class='ocr_line' id='line_1_33' title="bbox 54 3158 2567 3249; baseline 0.004 -31"><span class='ocrx_word' id='word_1_313' title='bbox 54 3168 289 3249; x_wconf 75' lang='lat' dir='ltr'>praeter</span> <span class='ocrx_word' id='word_1_314' title='bbox 335 3160 666 3229; x_wconf 88' lang='lat' dir='ltr'>rationem</span> <span class='ocrx_word' id='word_1_315' title='bbox 717 3160 1106 3247; x_wconf 89' lang='lat' dir='ltr'>conjectum</span> <span class='ocrx_word' id='word_1_316' title='bbox 1167 3159 1236 3228; x_wconf 92' lang='lat' dir='ltr'>in</span> <span class='ocrx_word' id='word_1_317' title='bbox 1305 3158 1601 3231; x_wconf 86' lang='lat' dir='ltr'>vincula.</span> <span class='ocrx_word' id='word_1_318' title='bbox 1657 3159 1796 3227; x_wconf 89' lang='lat' dir='ltr'>Nisi</span> <span class='ocrx_word' id='word_1_319' title='bbox 1846 3158 2029 3226; x_wconf 88' lang='lat' dir='ltr'>enim</span> <span class='ocrx_word' id='word_1_320' title='bbox 2086 3181 2124 3227; x_wconf 90' lang='lat' dir='ltr'>a</span> <span class='ocrx_word' id='word_1_321' title='bbox 2173 3158 2451 3226; x_wconf 82' lang='lat' dir='ltr'>Thetide</span> <span class='ocrx_word' id='word_1_322' title='bbox 2507 3160 2567 3227; x_wconf 89' lang='lat' dir='ltr'>ei</span> 
     </span>
     <span class='ocr_line' id='line_1_34' title="bbox 52 3244 2568 3337; baseline 0.002 -27"><span class='ocrx_word' id='word_1_323' title='bbox 52 3244 448 3327; x_wconf 75' lang='lat' dir='ltr'>significatae</span> <span class='ocrx_word' id='word_1_324' title='bbox 511 3246 799 3316; x_wconf 85' lang='lat' dir='ltr'>fuissent</span> <span class='ocrx_word' id='word_1_325' title='bbox 854 3248 1191 3328; x_wconf 85' lang='lat' dir='ltr'>insidiae,</span> <span class='ocrx_word' id='word_1_326' title='bbox 1249 3259 1315 3316; x_wconf 90' lang='lat' dir='ltr'>et</span> <span class='ocrx_word' id='word_1_327' title='bbox 1359 3254 1652 3337; x_wconf 81' lang='lat' dir='ltr'>Aegeum</span> <span class='ocrx_word' id='word_1_328' title='bbox 1712 3246 2147 3337; x_wconf 86' lang='lat' dir='ltr'>praefecisset</span> <span class='ocrx_word' id='word_1_329' title='bbox 2221 3246 2568 3315; x_wconf 89' lang='lat' dir='ltr'>custodiae</span> 
     </span>
     <span class='ocr_line' id='line_1_35' title="bbox 56 3335 2560 3424; baseline 0.003 -29"><span class='ocrx_word' id='word_1_330' title='bbox 56 3347 194 3424; x_wconf 79' lang='lat' dir='ltr'>suae</span> <span class='ocrx_word' id='word_1_331' title='bbox 218 3336 481 3417; x_wconf 77' lang='lat' dir='ltr'>salutiS,</span> <span class='ocrx_word' id='word_1_332' title='bbox 520 3336 801 3405; x_wconf 90' lang='lat' dir='ltr'>deorum</span> <span class='ocrx_word' id='word_1_333' title='bbox 836 3349 900 3405; x_wconf 91' lang='lat' dir='ltr'>et</span> <span class='ocrx_word' id='word_1_334' title='bbox 933 3336 1292 3406; x_wconf 90' lang='lat' dir='ltr'>hominum</span> <span class='ocrx_word' id='word_1_335' title='bbox 1372 3335 1706 3409; x_wconf 76' lang='lat' dir='ltr'>ateriorte</span> <span class='ocrx_word' id='word_1_336' title='bbox 1733 3336 2204 3423; x_wconf 87' lang='lat' dir='ltr'>tibijacuisset</span> <span class='ocrx_word' id='word_1_337' title='bbox 2239 3336 2560 3423; x_wconf 80' lang='lat' dir='ltr'>supinuS‚</span> 
     </span>
     <span class='ocr_line' id='line_1_36' title="bbox 56 3424 2566 3515; baseline 0.008 -39"><span class='ocrx_word' id='word_1_338' title='bbox 56 3433 293 3493; x_wconf 78' lang='lat' dir='ltr'>vinctus</span> <span class='ocrx_word' id='word_1_339' title='bbox 325 3447 363 3493; x_wconf 90' lang='lat' dir='ltr'>a</span> <span class='ocrx_word' id='word_1_340' title='bbox 400 3424 810 3494; x_wconf 89' lang='lat' dir='ltr'>mulieribus</span> <span class='ocrx_word' id='word_1_341' title='bbox 855 3437 920 3494; x_wconf 90' lang='lat' dir='ltr'>et</span> <span class='ocrx_word' id='word_1_342' title='bbox 967 3431 1275 3514; x_wconf 90' lang='lat' dir='ltr'>Neptuno</span> <span class='ocrx_word' id='word_1_343' title='bbox 1307 3425 1325 3492; x_wconf 94' lang='lat' dir='ltr'>i</span> <span class='ocrx_word' id='word_1_344' title='bbox 1361 3425 1581 3495; x_wconf 90' lang='lat' dir='ltr'>lusus.</span> <span class='ocrx_word' id='word_1_345' title='bbox 1616 3430 1880 3495; x_wconf 89' lang='lat' dir='ltr'>Rursus</span> <span class='ocrx_word' id='word_1_346' title='bbox 1906 3425 2220 3515; x_wconf 89' lang='lat' dir='ltr'>Orpheus</span> <span class='ocrx_word' id='word_1_347' title='bbox 2253 3424 2566 3495; x_wconf 87' lang='lat' dir='ltr'>musicus</span> 
     </span>
     <span class='ocr_line' id='line_1_37' title="bbox 59 3513 2570 3606; baseline -0 -23"><span class='ocrx_word' id='word_1_348' title='bbox 59 3514 340 3606; x_wconf 33' lang='lat' dir='ltr'>‘&#39;OQ-qui</span> <span class='ocrx_word' id='word_1_349' title='bbox 376 3536 490 3583; x_wconf 92' lang='lat' dir='ltr'>eos</span> <span class='ocrx_word' id='word_1_350' title='bbox 539 3513 799 3593; x_wconf 81' lang='lat' dir='ltr'>colitiS,</span> <span class='ocrx_word' id='word_1_351' title='bbox 855 3534 1145 3603; x_wconf 89' lang='lat' dir='ltr'>magnae</span> <span class='ocrx_word' id='word_1_352' title='bbox 1200 3514 1541 3582; x_wconf 90' lang='lat' dir='ltr'>amentiae</span> <span class='ocrx_word' id='word_1_353' title='bbox 1603 3514 1957 3583; x_wconf 88' lang='lat' dir='ltr'>damnavit</span> <span class='ocrx_word' id='word_1_354' title='bbox 2003 3526 2067 3582; x_wconf 92' lang='lat' dir='ltr'>et</span> <span class='ocrx_word' id='word_1_355' title='bbox 2115 3513 2451 3601; x_wconf 81' lang='lat' dir='ltr'>stuporiS,</span> <span class='ocrx_word' id='word_1_356' title='bbox 2507 3526 2570 3582; x_wconf 92' lang='lat' dir='ltr'>et</span> 
     </span>
     <span class='ocr_line' id='line_1_38' title="bbox 58 3601 2571 3692; baseline 0.004 -33"><span class='ocrx_word' id='word_1_357' title='bbox 58 3610 323 3687; x_wconf 70' lang='lat' dir='ltr'>maxime</span> <span class='ocrx_word' id='word_1_358' title='bbox 372 3603 438 3670; x_wconf 94' lang='lat' dir='ltr'>in</span> <span class='ocrx_word' id='word_1_359' title='bbox 493 3601 690 3683; x_wconf 79' lang='lat' dir='ltr'>libre,</span> <span class='ocrx_word' id='word_1_360' title='bbox 730 3624 960 3689; x_wconf 90' lang='lat' dir='ltr'>quem,</span> <span class='ocrx_word' id='word_1_361' title='bbox 996 3615 1072 3671; x_wconf 89' lang='lat' dir='ltr'>ut</span> <span class='ocrx_word' id='word_1_362' title='bbox 1119 3602 1317 3681; x_wconf 87' lang='lat' dir='ltr'>dicis,</span> <span class='ocrx_word' id='word_1_363' title='bbox 1356 3602 1630 3692; x_wconf 90' lang='lat' dir='ltr'>scripsit</span> <span class='ocrx_word' id='word_1_364' title='bbox 1655 3602 1740 3671; x_wconf 94' lang='lat' dir='ltr'>de</span> <span class='ocrx_word' id='word_1_365' title='bbox 1773 3618 1927 3673; x_wconf 91' lang='lat' dir='ltr'>ortu</span> <span class='ocrx_word' id='word_1_366' title='bbox 1968 3602 2253 3671; x_wconf 89' lang='lat' dir='ltr'>deorum</span> <span class='ocrx_word' id='word_1_367' title='bbox 2288 3614 2352 3670; x_wconf 90' lang='lat' dir='ltr'>et</span> <span class='ocrx_word' id='word_1_368' title='bbox 2381 3624 2571 3671; x_wconf 82' lang='lat' dir='ltr'>crea-</span> 
     </span>
     <span class='ocr_line' id='line_1_39' title="bbox 57 3687 2563 3781; baseline 0.003 -29"><span class='ocrx_word' id='word_1_369' title='bbox 57 3687 217 3781; x_wconf 68' lang='lat' dir='ltr'>llpne</span> <span class='ocrx_word' id='word_1_370' title='bbox 248 3690 512 3771; x_wconf 89' lang='lat' dir='ltr'>mundi,</span> <span class='ocrx_word' id='word_1_371' title='bbox 567 3692 664 3760; x_wconf 90' lang='lat' dir='ltr'>sic</span> <span class='ocrx_word' id='word_1_372' title='bbox 706 3705 994 3760; x_wconf 89' lang='lat' dir='ltr'>vestram</span> <span class='ocrx_word' id='word_1_373' title='bbox 1063 3691 1424 3760; x_wconf 90' lang='lat' dir='ltr'>vanitatem</span> <span class='ocrx_word' id='word_1_374' title='bbox 1486 3692 1889 3781; x_wconf 82' lang='lat' dir='ltr'>significans</span> <span class='ocrx_word' id='word_1_375' title='bbox 1936 3704 2001 3760; x_wconf 89' lang='lat' dir='ltr'>et</span> <span class='ocrx_word' id='word_1_376' title='bbox 2055 3691 2563 3779; x_wconf 82' lang='lat' dir='ltr'>ignorantiam,</span> 
     </span>
     <span class='ocr_line' id='line_1_40' title="bbox 60 3762 2570 3870; baseline 0.007 -40"><span class='ocrx_word' id='word_1_377' title='bbox 60 3762 241 3839; x_wconf 77' lang='lat' dir='ltr'>dicit:</span> <span class='ocrx_word' id='word_1_378' title='bbox 280 3781 503 3867; x_wconf 78' lang='lat' dir='ltr'>Neque</span> <span class='ocrx_word' id='word_1_379' title='bbox 550 3779 926 3849; x_wconf 89' lang='lat' dir='ltr'>adventans</span> <span class='ocrx_word' id='word_1_380' title='bbox 973 3780 1229 3849; x_wconf 87' lang='lat' dir='ltr'>malum</span> <span class='ocrx_word' id='word_1_381' title='bbox 1291 3781 1607 3849; x_wconf 90' lang='lat' dir='ltr'>homines</span> <span class='ocrx_word' id='word_1_382' title='bbox 1661 3781 2076 3870; x_wconf 84' lang='lat' dir='ltr'>intelligunt,</span> <span class='ocrx_word' id='word_1_383' title='bbox 2133 3801 2354 3866; x_wconf 89' lang='lat' dir='ltr'>neque</span> <span class='ocrx_word' id='word_1_384' title='bbox 2407 3801 2570 3849; x_wconf 90' lang='lat' dir='ltr'>cum</span> 
     </span>
     <span class='ocr_line' id='line_1_41' title="bbox 62 3854 2571 3958; baseline 0.003 -30"><span class='ocrx_word' id='word_1_385' title='bbox 62 3854 379 3952; x_wconf 58' lang='lat' dir='ltr'>advenerit</span> <span class='ocrx_word' id='word_1_386' title='bbox 427 3868 684 3937; x_wconf 86' lang='lat' dir='ltr'>malum</span> <span class='ocrx_word' id='word_1_387' title='bbox 755 3881 1042 3958; x_wconf 89' lang='lat' dir='ltr'>possunt</span> <span class='ocrx_word' id='word_1_388' title='bbox 1104 3881 1424 3938; x_wconf 90' lang='lat' dir='ltr'>avertere.</span> <span class='ocrx_word' id='word_1_389' title='bbox 1480 3870 1600 3937; x_wconf 89' lang='lat' dir='ltr'>Cui</span> <span class='ocrx_word' id='word_1_390' title='bbox 1667 3870 1869 3938; x_wconf 91' lang='lat' dir='ltr'>etiam</span> <span class='ocrx_word' id='word_1_391' title='bbox 1935 3867 2400 3956; x_wconf 89' lang='lat' dir='ltr'>adstipulatur</span> <span class='ocrx_word' id='word_1_392' title='bbox 2462 3890 2571 3936; x_wconf 89' lang='lat' dir='ltr'>sa-</span> 
     </span>
     <span class='ocr_line' id='line_1_42' title="bbox 66 3955 2570 4047; baseline 0 -21"><span class='ocrx_word' id='word_1_393' title='bbox 66 3961 234 4025; x_wconf 76' lang='lat' dir='ltr'>Dlens</span> <span class='ocrx_word' id='word_1_394' title='bbox 280 3971 490 4026; x_wconf 87' lang='lat' dir='ltr'>vester</span> <span class='ocrx_word' id='word_1_395' title='bbox 540 3957 930 4047; x_wconf 89' lang='lat' dir='ltr'>Sophocles,</span> <span class='ocrx_word' id='word_1_396' title='bbox 984 3957 1262 4027; x_wconf 87' lang='lat' dir='ltr'>dicens:</span> <span class='ocrx_word' id='word_1_397' title='bbox 1304 3963 1417 4026; x_wconf 86' lang='lat' dir='ltr'>Est</span> <span class='ocrx_word' id='word_1_398' title='bbox 1447 3962 1647 4037; x_wconf 78' lang='lat' dir='ltr'>DeUS,</span> <span class='ocrx_word' id='word_1_399' title='bbox 1705 3958 1827 4043; x_wconf 92' lang='lat' dir='ltr'>qui</span> <span class='ocrx_word' id='word_1_400' title='bbox 1877 3955 2144 4028; x_wconf 90' lang='lat' dir='ltr'>coelum</span> <span class='ocrx_word' id='word_1_401' title='bbox 2198 3957 2570 4027; x_wconf 86' lang='lat' dir='ltr'>fabricatus</span> 
     </span>
     <span class='ocr_line' id='line_1_43' title="bbox 65 4042 2569 4137; baseline 0.002 -30"><span class='ocrx_word' id='word_1_402' title='bbox 65 4046 148 4100; x_wconf 80' lang='lat' dir='ltr'>est</span> <span class='ocrx_word' id='word_1_403' title='bbox 179 4053 239 4137; x_wconf 84' lang='lat' dir='ltr'>et</span> <span class='ocrx_word' id='word_1_404' title='bbox 285 4042 553 4135; x_wconf 89' lang='lat' dir='ltr'>longam</span> <span class='ocrx_word' id='word_1_405' title='bbox 593 4060 863 4128; x_wconf 90' lang='lat' dir='ltr'>terram,</span> <span class='ocrx_word' id='word_1_406' title='bbox 902 4059 964 4115; x_wconf 92' lang='lat' dir='ltr'>et</span> <span class='ocrx_word' id='word_1_407' title='bbox 1026 4047 1217 4135; x_wconf 90' lang='lat' dir='ltr'>ponti</span> <span class='ocrx_word' id='word_1_408' title='bbox 1266 4047 1550 4135; x_wconf 84' lang='lat' dir='ltr'>glaucos</span> <span class='ocrx_word' id='word_1_409' title='bbox 1610 4046 1883 4126; x_wconf 83' lang='lat' dir='ltr'>ssuctuS,</span> <span class='ocrx_word' id='word_1_410' title='bbox 1929 4057 1995 4115; x_wconf 92' lang='lat' dir='ltr'>et</span> <span class='ocrx_word' id='word_1_411' title='bbox 2034 4056 2390 4114; x_wconf 89' lang='lat' dir='ltr'>ventorum</span> <span class='ocrx_word' id='word_1_412' title='bbox 2429 4046 2569 4113; x_wconf 85' lang='lat' dir='ltr'>vio·</span> 
     </span>
     <span class='ocr_line' id='line_1_44' title="bbox 71 4114 2569 4210; baseline 0.006 -24"><span class='ocrx_word' id='word_1_413' title='bbox 71 4114 302 4198; x_wconf 81' lang='lat' dir='ltr'>lentias.</span> <span class='ocrx_word' id='word_1_414' title='bbox 347 4135 653 4205; x_wconf 85' lang='lat' dir='ltr'>Mortales</span> <span class='ocrx_word' id='word_1_415' title='bbox 701 4148 927 4204; x_wconf 90' lang='lat' dir='ltr'>autem</span> <span class='ocrx_word' id='word_1_416' title='bbox 964 4135 1167 4204; x_wconf 90' lang='lat' dir='ltr'>corde</span> <span class='ocrx_word' id='word_1_417' title='bbox 1218 4134 1413 4203; x_wconf 88' lang='lat' dir='ltr'>valde</span> <span class='ocrx_word' id='word_1_418' title='bbox 1459 4149 1786 4210; x_wconf 86' lang='lat' dir='ltr'>errantes,</span> <span class='ocrx_word' id='word_1_419' title='bbox 1834 4132 2278 4203; x_wconf 90' lang='lat' dir='ltr'>bellariorum</span> <span class='ocrx_word' id='word_1_420' title='bbox 2329 4134 2569 4202; x_wconf 88' lang='lat' dir='ltr'>statui-</span> 
     </span>
     <span class='ocr_line' id='line_1_45' title="bbox 72 4221 2569 4313; baseline 0.006 -38"><span class='ocrx_word' id='word_1_421' title='bbox 72 4226 205 4281; x_wconf 88' lang='lat' dir='ltr'>mus</span> <span class='ocrx_word' id='word_1_422' title='bbox 250 4221 522 4305; x_wconf 88' lang='lat' dir='ltr'>solatia,</span> <span class='ocrx_word' id='word_1_423' title='bbox 576 4237 639 4293; x_wconf 89' lang='lat' dir='ltr'>et</span> <span class='ocrx_word' id='word_1_424' title='bbox 691 4224 974 4294; x_wconf 90' lang='lat' dir='ltr'>deorum</span> <span class='ocrx_word' id='word_1_425' title='bbox 1041 4224 1380 4312; x_wconf 81' lang='lat' dir='ltr'>imagines</span> <span class='ocrx_word' id='word_1_426' title='bbox 1410 4278 1428 4303; x_wconf 85' lang='lat'>,</span> <span class='ocrx_word' id='word_1_427' title='bbox 1484 4245 1564 4291; x_wconf 82' lang='lat' dir='ltr'>ex</span> <span class='ocrx_word' id='word_1_428' title='bbox 1613 4223 1821 4313; x_wconf 85' lang='lat' dir='ltr'>lignis</span> <span class='ocrx_word' id='word_1_429' title='bbox 1867 4237 1931 4291; x_wconf 93' lang='lat' dir='ltr'>et</span> <span class='ocrx_word' id='word_1_430' title='bbox 2002 4222 2350 4311; x_wconf 89' lang='lat' dir='ltr'>lapidibus</span> <span class='ocrx_word' id='word_1_431' title='bbox 2399 4243 2569 4289; x_wconf 88' lang='lat' dir='ltr'>auro</span> 
     </span>
     <span class='ocr_line' id='line_1_46' title="bbox 74 4306 2569 4401; baseline 0.006 -37"><span class='ocrx_word' id='word_1_432' title='bbox 74 4306 314 4376; x_wconf 84' lang='lat' dir='ltr'>structis</span> <span class='ocrx_word' id='word_1_433' title='bbox 343 4311 620 4401; x_wconf 80' lang='lat' dir='ltr'>figuras.</span> <span class='ocrx_word' id='word_1_434' title='bbox 663 4314 782 4382; x_wconf 89' lang='lat' dir='ltr'>His</span> <span class='ocrx_word' id='word_1_435' title='bbox 829 4328 1057 4382; x_wconf 89' lang='lat' dir='ltr'>autem</span> <span class='ocrx_word' id='word_1_436' title='bbox 1101 4313 1590 4391; x_wconf 78' lang='lat' dir='ltr'>sacrificantes,</span> <span class='ocrx_word' id='word_1_437' title='bbox 1640 4327 1705 4380; x_wconf 86' lang='lat' dir='ltr'>et</span> <span class='ocrx_word' id='word_1_438' title='bbox 1743 4312 1890 4382; x_wconf 90' lang='lat' dir='ltr'>dies</span> <span class='ocrx_word' id='word_1_439' title='bbox 1945 4311 2151 4380; x_wconf 82' lang='lat' dir='ltr'>festos</span> <span class='ocrx_word' id='word_1_440' title='bbox 2202 4329 2408 4377; x_wconf 80' lang='lat' dir='ltr'>novos</span> <span class='ocrx_word' id='word_1_441' title='bbox 2457 4331 2569 4378; x_wconf 92' lang='lat' dir='ltr'>ce-</span> 
     </span>
     <span class='ocr_line' id='line_1_47' title="bbox 76 4378 1743 4492; baseline 0.011 -42"><span class='ocrx_word' id='word_1_442' title='bbox 76 4378 393 4482; x_wconf 82' lang='lat' dir='ltr'>lebrantes,</span> <span class='ocrx_word' id='word_1_443' title='bbox 439 4414 790 4490; x_wconf 90' lang='lat' dir='ltr'>propterea</span> <span class='ocrx_word' id='word_1_444' title='bbox 843 4424 965 4473; x_wconf 89' lang='lat' dir='ltr'>nos</span> <span class='ocrx_word' id='word_1_445' title='bbox 1008 4402 1156 4492; x_wconf 88' lang='lat' dir='ltr'>pios</span> <span class='ocrx_word' id='word_1_446' title='bbox 1200 4423 1347 4471; x_wconf 86' lang='lat' dir='ltr'>esse</span> <span class='ocrx_word' id='word_1_447' title='bbox 1394 4400 1743 4471; x_wconf 76' lang='lat' dir='ltr'>ducimus,</span> 
     </span>
    </p>
   </div>
  </div>
 </body>
</html>
