2993 4837
506 327 635 389 260
1258 343 1336 388 ne
1383 342 1439 388 s.
1492 340 1733 389 canoto
1784 340 2113 389 aoaaoimo
2674 323 2823 389 Not-2
2865 324 2891 387 t

408 430 680 519 justum
712 439 911 506 esset,
970 438 1232 495 tantum
1287 426 1784 517 respondebat,
1837 438 1958 495 aut
2003 448 2161 496 vero
2204 427 2407 496 etiam
2471 425 2749 496 modeste
2789 447 2901 494 iiio-

421 517 653 596 nebat3
707 514 1000 584 eundem
1055 537 1125 583 se
1175 516 1542 604 praebebat
1590 516 1658 584 in
1710 537 1951 585 omnes
2002 515 2197 596 alios,
2248 515 2657 602 quibuscum
2697 536 2791 583 res
2822 514 2902 583 illi

418 618 618 686 esset,
664 603 981 672 difficiles
1030 603 1207 684 licet,
1244 603 1563 694 injustos,
1618 604 2006 693 imperitos;
2047 604 2426 691 quamlibet
2472 604 2650 673 enim
2688 605 2902 693 justam

418 693 843 773 offensionis,
884 692 1461 781 indignationisve
1509 714 1865 771 caussam,
1920 706 1997 762 ut
2043 714 2184 763 uno
2240 694 2447 763 verbo
2505 692 2746 774 dicam,
2789 693 2908 780 ejus

422 784 639 852 virtus
688 780 1078 871 superabat.
1119 782 1462 863 Quosdam
1515 781 1584 850 in
1628 781 2275 863 consultationibus,
2320 783 2708 872 importune
2752 781 2911 849 rectis

418 872 787 949 institutis,
840 869 1267 956 decretisque
1332 869 1919 949 contradicentes,
1975 882 2038 939 et
2086 870 2365 941 difficile
2412 870 2908 957 acquiescentes,

418 981 636 1047 aequo
671 960 903 1028 animo
952 980 1223 1047 semper
1272 960 1700 1048 argumentis
1749 957 2132 1039 refellebat,
2185 982 2459 1030 omnem
2512 957 2908 1028 iracundiae.

418 1064 622 1134 atque
669 1048 1172 1137 obJ'urgationis
1213 1048 1544 1137 impetum
1598 1048 2120 1137 comprimebat,
2161 1070 2401 1117 omnes
2462 1048 2773 1137 ineptia&
2814 1048 2913 1115 irn-

422 1137 732 1227 peritias,
807 1136 1276 1225 perversitates
1325 1135 1728 1215 devorabat,
1784 1149 1851 1205 et
1895 1140 1976 1206 ea
2028 1136 2394 1225 patientia,
2447 1136 2725 1206 demum
2769 1134 2911 1222 quod

420 1225 980 1295 volebatfacilius
1005 1227 1576 1311 consequebatur,
1627 1224 1851 1312 liujus*
1870 1226 1962 1293 rei
1999 1225 2556 1312 frequentissima
2595 1236 2914 1315 potuerunt

417 1315 505 1383 ab
538 1315 622 1383 iis
655 1313 965 1414 exempla
1000 1313 1368 1392 observari,
1421 1314 1543 1399 qui
1577 1313 1678 1381 illi
1719 1314 2106 1383 astiterunt.
2148 1315 2514 1383 Hominem
2556 1314 2628 1383 in
2678 1312 2914 1382 ecclesia

417 1402 678 1491 majore
726 1402 913 1471 festis
960 1402 1207 1472 diebus
1255 1402 1777 1471 concionantem
1828 1402 1952 1471 diu
2000 1424 2164 1471 sane
2224 1403 2400 1483 tulit,
2448 1403 2571 1489 qui
2636 1423 2707 1471 se
2756 1423 2914 1491 prae-

416 1506 701 1571 sentem,
758 1491 1303 1577 nominatimque
1351 1512 1555 1580 saepe
1603 1490 2180 1580 reprehendebat,
2237 1512 2459 1578 neque
2526 1492 2754 1560 solum
2802 1511 2914 1578 per·

419 1580 628 1659 misit,
673 1592 748 1649 ut
796 1579 1182 1648 concionari
1238 1592 1568 1669 pergeret,
1609 1578 1722 1648 sed
1754 1580 1900 1668 ipse
1932 1600 2205 1667 quoque
2252 1579 2577 1666 frequens
2627 1592 2767 1648 erat
2809 1579 2916 1665 ejus

417 1668 726 1748 auditor;
785 1689 1083 1754 cumque
1130 1667 1302 1737 alias
1349 1668 1642 1736 audiens
1699 1668 2072 1737 dormitare
2123 1667 2489 1749 videretur,
2542 1670 2607 1737 ei
2660 1690 2731 1738 se
2768 1688 2916 1758 prae

420 1758 619 1826 bebat
665 1756 1236 1836 attentissimum,
1304 1778 1522 1843 neque
1571 1756 1668 1825 vel
1721 1758 1898 1826 inter
1958 1779 2119 1826 suos
2175 1759 2547 1827 accusabat
2603 1778 2914 1844 unquam:

418 1846 724 1924 demum,
783 1868 942 1914 cum
995 1845 1084 1913 ita
1132 1844 1451 1933 expedire
1489 1858 1867 1914 ceterorum
1918 1849 2166 1917 caussa
2189 1846 2557 1935 judicaret,
2595 1869 2754 1915 eum
2796 1844 2917 1913 mis·

419 1956 570 2003 sum
629 1933 771 2003 fieri
811 1933 1076 2023 placide
1125 1935 1409 2002 curavit.
1464 1939 1692 2020 Neque
1723 1956 1877 2003 vero
1915 1956 2046 2003 non
2084 1935 2260 2003 inter
2305 1933 2724 2005 domesticos
2763 1934 2916 2003 etiam

421 2045 607 2102 sum,
647 2024 787 2091 sive
834 2041 1078 2112 operae
1126 2026 1395 2101 caussa,
1428 2045 1605 2110 quae
1643 2024 1798 2090 usui
1849 2022 2177 2092 ecclesiae
2210 2036 2410 2103 esset,
2467 2024 2614 2091 sive
2664 2024 2749 2093 ad
2779 2043 2916 2092 exer-

417 2112 704 2181 cendam
761 2112 1183 2200 patientiam,
1240 2110 1534 2180 similem
1587 2110 1885 2198 aliquem
1947 2111 2288 2191 toleravit;
2347 2112 2539 2182 mitto
2597 2114 2914 2185 incuriam,

330 2212 333 2215 '
416 2214 482 2269 et
529 2200 1061 2290 indiligentiam,
1097 2199 1494 2284 quotidiana
1547 2199 2079 2269 domesticorum
2107 2214 2352 2279 errata,
2393 2222 2570 2288 quae
2624 2201 2776 2270 licet
2799 2197 2920 2268 levia

421 2291 580 2367 sint,
636 2291 724 2359 ob
772 2289 1222 2376 frequentiam
1263 2301 1514 2369 tamen,
1556 2301 1621 2356 et
1652 2288 1997 2374 quoddam
2038 2311 2265 2358 reruni
2300 2288 2754 2360 familiarium
2785 2308 2922 2358 com·

426 2399 635 2447 mune
683 2377 1059 2457 fastidium,
1115 2398 1333 2463 aequo
1358 2377 1592 2446 animo
1627 2378 1929 2459 tolerata,
1984 2379 2396 2468 praecipuae
2433 2379 2801 2468 cujusdam
2828 2377 2924 2443 vir-

423 2469 588 2536 tutis
640 2467 966 2554 praebent
1015 2466 1377 2546 indicium;
1424 2466 1508 2535 ad
1545 2488 1719 2552 quae
1768 2489 1839 2535 se
1887 2489 1958 2535 se
2007 2467 2288 2538 Carolus
2332 2469 2568 2536 animo
2628 2468 2922 2540 sedatum,

424 2557 931 2644 pacificumque
970 2554 1280 2644 praebuit
1329 2577 1623 2644 semper.
1680 2556 1915 2624 Evenit
1961 2556 2308 2624 interdum
2345 2570 2419 2626 ut
2457 2556 2538 2625 ad
2592 2559 2746 2646 ipsa
2777 2571 2924 2624 sacri

422 2644 740 2713 obeunda
780 2643 1012 2712 Carolo
1051 2656 1308 2744 parat0,
1364 2642 1778 2733 negligentia
1831 2644 2306 2714 ministrorum
2361 2645 2631 2732 aliquid
2685 2646 2923 2716 deesset.

422 2732 604 2817 quod
660 2731 774 2800 ille
816 2732 1068 2820 insigni
1116 2734 1443 2821 temporis
1484 2734 1727 2820 spati0,
1785 2733 1854 2799 in
1891 2733 2044 2821 ipso
2096 2732 2241 2803 loco
2276 2756 2492 2812 sacro,
2547 2746 2693 2803 tam
2724 2735 2924 2821 quiete,

423 2832 697 2907 tamque
747 2820 895 2888 sine
927 2820 1067 2888 ullo
1102 2833 1288 2889 motu
1335 2823 1771 2910 exspectavit,
1806 2834 1880 2889 ut
1922 2835 2269 2907 tamquam
2321 2844 2508 2891 exem
2572 2822 2681 2891 lar
2717 2823 2926 2923 patien-

421 2910 568 2977 tiae.
604 2920 905 2978 astantes
952 2929 1190 2978 omnes
1229 2931 1384 2977 eum
1440 2910 1891 2978 intuerentur.
1950 2910 2074 2978 Sed
2114 2933 2332 2980 unum
2376 2933 2454 2980 ex
2529 2911 2930 2980 amitiaribus

420 2997 489 3066 in
544 2998 785 3085 primis
854 2995 1132 3087 pertulit
1180 2997 1383 3086 plane
1443 2998 1834 3078 molestum,
1903 2999 2244 3071 odiosum.
2302 3000 2789 3089 impotentem,
2846 2993 2932 3083 qui

420 3087 679 3155 nemini
732 3099 1057 3175 parceret,
1111 3087 1681 3173 quotiescumque
1716 3086 2099 3166 iracundia,
2147 3087 2245 3156 vel
2304 3090 2817 3176 perturbatione
2838 3085 2933 3153 ali·

416 3197 549 3263 qua
599 3176 1100 3244 effervesceret:
1144 3176 1260 3261 qui
1317 3175 1412 3243 vel
1464 3175 1533 3243 in
1586 3177 1814 3275 ipsum
1865 3176 2177 3245 Carolum
2234 3175 2622 3246 maledictis
2679 3176 2929 3246 nesciret

418 3265 782 3345 abstinere,
845 3264 1061 3333 eidem
1120 3285 1320 3352 saepe
1370 3264 1623 3353 insigni
1691 3265 2124 3333 contumacia
2187 3265 2716 3346 contradiceret,
2770 3278 2934 3358 atque

419 3354 781 3433 resisteret;
818 3376 954 3440 quo
994 3352 1271 3440 quidem
1326 3352 1425 3421 vel
1483 3354 1694 3421 unius
1745 3353 2044 3421 hominis
2085 3352 2267 3434 vitio,
2318 3353 2701 3443 singularis
2755 3348 2934 3444 Caroli

419 3443 745 3532 patientia
814 3442 1103 3511 mirifice
1152 3440 1334 3529 apud
1398 3463 1638 3510 omnes
1698 3440 2034 3511 illustrata
2086 3455 2226 3523 est,
2280 3443 2794 3530 diuturnaeque
2837 3439 2936 3507 fuit

419 3530 656 3599 multis
693 3547 835 3599 tum
880 3530 1343 3610 admirationi,
1401 3545 1543 3599 tum
1597 3530 2029 3599 documento.
2087 3536 2161 3599 At
2192 3532 2560 3601 excusabat
2609 3534 2814 3600 etiam
2842 3532 2936 3596 Ca·

419 3619 631 3698 roluS‚
686 3620 984 3705 vitioque
1033 3632 1318 3688 naturae
1375 3619 1603 3699 insito,
1661 3619 1880 3708 magis
1929 3640 2136 3704 quam
2193 3619 2521 3689 voluntati
2574 3619 2928 3713 tribuebat:

412 3710 650 3776 omnia
698 3730 854 3777 vero
908 3729 1173 3776 morum
1240 3709 2072 3798 gravitate-sustentatuS,
2129 3708 2276 3778 sine
2324 3708 2556 3796 aliqua
2605 3708 2936 3798 dignitatis

419 3797 906 3866 imminutione
958 3796 1364 3897 patiebatur.

505 3889 540 3972 ξ
587 3889 735 3959 85.
790 3887 1131 3954 Plurimos
1180 3886 1458 3954 Carolus
1508 3885 1936 3954 adversarios
1983 3897 2327 3974 expertus,
2389 3907 2609 3973 neque
2663 3884 2813 3954 illos
2859 3895 2934 3946 ta-

418 3996 571 4043 men
619 3997 899 4044 suorum
955 3974 1368 4054 studiorum,
1417 3973 1935 4059 sanctitatisque
1984 3974 2382 4052 imitatores,
2437 3986 2704 4042 tantum
2743 3971 2925 4041 abest.

417 4076 492 4131 ut
524 4064 896 4132 accusandi
947 4085 1283 4150 unquam,
1338 4061 1825 4131 detrahendive
1883 4061 2189 4131 studium
2242 4085 2404 4152 prae
2453 4085 2524 4134 se
2575 4062 2822 4137 tulerit,
2870 4066 2926 4123 ut

419 4151 475 4220 si
510 4151 672 4236 quid
711 4175 862 4220 vere
895 4152 1028 4221 dici
1081 4151 1162 4221 ad
1216 4173 1451 4220 eorum
1489 4151 1991 4220 excusationem
2036 4165 2285 4240 posset,
2314 4151 2381 4220 id
2418 4151 2708 4221 libenter
2742 4165 2930 4218 enun-

417 4240 649 4321 ciaret3
684 4262 984 4326 cumque
1013 4240 1362 4309 interdum
1398 4261 1513 4309 eos
1547 4241 1612 4307 in
1644 4261 1714 4308 se
1748 4239 2044 4310 acriores
2069 4241 2512 4330 experiretur,
2546 4261 2717 4327 quos
2754 4248 2919 4305 antea

421 4327 799 4414 majoribus
846 4343 1204 4397 ornaverat
1253 4328 1627 4408 beneficiis,
1666 4350 1839 4415 quos
1873 4328 2191 4414 equidem
2243 4329 2473 4419 plures
2508 4348 2765 4418 possem
2816 4342 2922 4390 nu-

422 4436 723 4490 merare,
785 4437 1001 4501 neque
1065 4417 1474 4498 accusabat,
1541 4439 1759 4504 neque
1809 4417 2296 4488 beneficiorum
2352 4417 2749 4488 mentionem
2796 4407 2916 4480 ullo
