2993 4837
464 188 544 249 72
1116 203 1191 247 ως
1242 203 1295 249 s.
1353 200 1636 247 nuceam
1686 203 1784 247 er.
1841 201 2165 247 naonisusi
2634 182 2789 246 NOV.
2833 185 2864 245 :3

373 290 491 375 qui
548 309 677 355 non
731 287 952 355 solum
1006 286 1275 354 animas
1323 307 1674 354 servorum
1715 298 1985 354 tuorum
2025 286 2091 353 in
2134 285 2434 373 paradisi
2472 283 2737 353 sedibus
2757 285 2868 353 col-

348 380 635 455 ·locanS,
689 387 1031 445 aeternam
1068 374 1167 443 eis
1216 372 1603 443 felicitatem
1654 374 1995 454 attribuiS,
2059 373 2171 442 sed
2221 374 2425 443 etiam
2474 395 2747 461 corpora
2784 394 2872 442 eo-

380 488 555 542 rum,
597 475 880 532 naturae
928 462 1439 550 quodammodo
1494 463 1630 531 vim
1685 463 1999 543 afferenS,
2059 462 2318 532 illibata
2353 462 2692 533 custodis?
2736 466 2873 531 Ecce

378 555 559 623 enim
598 552 678 621 ad
719 551 1299 642 augmentandam
1337 553 1434 621 tui
1484 552 1789 621 nominis
1845 551 2428 641 magnificentiam
2457 607 2471 632 ,
2527 572 2657 619 nou
2709 550 2877 622 modo

377 642 683 731 corporis
722 640 1096 731 integritas,
1132 640 1496 727 vultusque
1533 655 1876 721 venusta5‚
1909 640 2023 709 sed
2067 654 2131 710 et
2171 640 2727 709 indumentorum
2752 639 2879 726 ejus

376 742 773 801 conservata
821 743 921 800 est
962 729 1380 819 pulcritudo,
1424 743 1488 798 et
1522 729 2032 816 quodammodo
2082 731 2366 816 antiqua
2418 730 2753 798 novitas.»

465 824 499 908 ξ
548 825 686 891 u.
743 817 987 888 Eodem
1044 841 1197 888 vero
1245 818 1356 887 die
1405 818 1611 905 hujus
1655 819 1747 887 rei
1781 818 1964 887 fama
2002 818 2543 904 circumquaque
2577 817 2884 886 decucur-

382 910 487 989 rit,
543 921 608 978 et
657 930 775 996 per
820 922 1222 978 cunctorum
1277 929 1396 975 ora
1432 906 1744 986 volitans,
1785 906 1867 975 ad
1925 905 2253 995 palatium
2311 929 2527 994 usque
2583 905 2880 995 pervenit.

382 998 572 1066 Venit
609 996 790 1065 enim
842 1010 905 1065 et
955 996 1117 1066 illuc
1170 996 1501 1076 nuncius,
1571 995 1869 1065 reserens
1930 996 2103 1065 beati
2160 996 2282 1064 viri
2332 1018 2587 1084 corpus
2636 996 2702 1062 in
2749 1015 2886 1062 con·

379 1086 649 1162 ditorio‚
695 1107 832 1172 quo
866 1085 1027 1154 olim
1080 1085 1389 1153 exanime
1438 1096 1540 1155 est
1587 1084 1982 1162 conditum,
2041 1107 2224 1153 nunc
2277 1084 2499 1154 oculis
2551 1083 2884 1152 visentium

379 1198 450 1244 se
482 1175 731 1272 offerri,
778 1175 862 1243 ab
910 1174 1097 1243 omni
1153 1193 1432 1264 prorsus
1479 1172 1864 1263 corruptela
1925 1172 2225 1242 alienum
2254 1230 2268 1254 ,
2333 1186 2686 1259 vestesque
2732 1170 2889 1239 illius

381 1279 729 1351 tamquam
785 1262 1097 1331 miraculi
1151 1263 1540 1352 participeS,
1598 1284 2029 1348 nequaquam
2083 1262 2363 1352 reperiri
2413 1262 2646 1348 aliqua
2695 1257 2904 1328 desor-·

383 1353 613 1422 mitate
653 1351 1045 1440 degeneres
1083 1350 1271 1432 Quod
1315 1363 1699 1440 postquam,
1733 1350 1911 1419 sama
1950 1349 2290 1451 vulgante,
2343 1373 2460 1438 per
2507 1363 2887 1420 cunctorum

378 1463 579 1512 aures
626 1440 1152 1509 disseminatum
1202 1452 1323 1519 est,
1360 1439 1666 1508 certatim
1722 1453 1854 1509 tam
1911 1440 2224 1528 proximi,
2277 1462 2483 1526 quain
2535 1453 2604 1509 et
2654 1437 2890 1525 longin-

378 1532 492 1616 qui
544 1530 799 1616 quique
835 1529 957 1597 viri
994 1527 1408 1597 studuerunt
1463 1527 1624 1597 illuc
1665 1528 2064 1607 adventare,
2118 1541 2183 1597 et
2239 1528 2685 1608 miraculum,
2735 1523 2890 1612 quod

379 1619 687 1689 Christus
738 1618 803 1685 in
854 1617 1025 1686 servi
1078 1617 1182 1685 sui
1235 1639 1517 1705 corpore
1570 1630 2081 1697 monstraverat,
2138 1618 2414 1687 intueri.
2454 1623 2534 1686 Ut
2586 1630 2805 1684 autem
2839 1613 2889 1680 in

382 1719 566 1776 tanto
630 1706 963 1775 miraculo
1016 1706 1281 1774 Domini
1333 1707 1631 1796 potentia
1704 1706 2136 1795 potissimum
2205 1706 2803 1795 magnificaretur,
2845 1714 2893 1768 et

382 1797 599 1865 virtus
622 1808 775 1863 nota
807 1794 1220 1873 redderetur,
1260 1818 1415 1884 pars
1445 1796 1867 1885 permaxima
1901 1794 2221 1885 princeps
2256 1795 2694 1865 clarissimus
2723 1806 2894 1877 atque

379 1884 796 1953 orthodoxus
844 1884 1057 1952 extitit
1107 1883 1629 1953 CarlomannuS.
1677 1884 1801 1966 Qui
1857 1883 2110 1952 talibus
2156 1884 2436 1964 auditis,
2495 1883 2709 1974 regali
2751 1879 2892 1976 solio

378 1973 633 2042 exilivit
683 1995 821 2041 una
869 1995 1025 2041 cum
1083 1994 1292 2042 uxore
1340 1986 1403 2042 et
1453 1973 1876 2063 primoribus
1927 1971 2161 2062 palatii
2210 1973 2343 2052 sui,
2397 1985 2461 2041 et
2493 1972 2582 2041 ad
2636 1970 2760 2039 viri
2807 1973 2894 2036 Dei

380 2085 631 2152 corpus
669 2060 1160 2150 pervidendum
1190 2062 1499 2131 accessit.
1529 2067 1604 2130 Et
1633 2061 1987 2132 admirans
2032 2062 2397 2150 potentiam
2442 2061 2738 2138 Domini,
2789 2057 2894 2124 vir·

384 2165 588 2221 tutem
642 2152 791 2240 ejus
844 2150 1330 2251 magnificavit,
1405 2149 1945 2219 misericordiam
2006 2149 2442 2230 collaudavit,
2514 2164 2581 2219 et
2630 2150 2789 2236 quia
2844 2144 2894 2211 in

381 2240 625 2310 diebus
674 2239 821 2308 suis
874 2239 1030 2308 talia
1079 2238 1433 2309 ostendere
1481 2239 1808 2329 dignatus
1858 2239 1984 2318 sit,
2038 2238 2415 2328 gloriosum
2470 2260 2721 2308 nomen
2771 2236 2893 2320 ejus

385 2328 729 2400 benedixit
772 2352 785 2392 :
844 2327 1192 2413 nimioque
1242 2327 1495 2417 gaudio
1539 2341 1910 2418 permotus,
1968 2328 2143 2396 inter
2184 2328 2332 2418 pias
2382 2327 2624 2398 laudes
2674 2339 2738 2393 et
2769 2343 2894 2425 gra·

385 2417 628 2488 tiarum
670 2416 970 2486 actiones
1020 2415 1272 2506 gaudio
1319 2415 1631 2486 eliciente
1682 2415 2022 2505 lacrymas
2073 2415 2268 2486 fudit.
2301 2416 2423 2486 Sed
2459 2416 2896 2485 etadvenien-

386 2507 549 2576 tium
607 2505 835 2575 itidem
888 2506 1179 2591 quisque
1230 2505 1420 2575 fecit:
1473 2505 2001 2594 gaudebantque
2049 2505 2348 2574 osculari
2397 2528 2651 2576 manus
2701 2516 2763 2572 et
2806 2521 2895 2595 pej

382 2595 502 2664 des
554 2593 928 2663 beatissimi
1002 2594 1148 2673 viri,
1206 2616 1405 2681 quem
1465 2595 1792 2663 Dominus
1840 2594 2178 2663 honorare
2227 2595 2550 2684 dignatus
2600 2607 2704 2664 est
2761 2600 2897 2660 tanti

387 2684 847 2773 praerogativa
906 2682 1245 2752 miraculi.
1286 2688 1419 2752 Rex
1452 2684 1706 2752 interea
1744 2681 2211 2751 memorabilis
2247 2682 2748 2752 carlomannus
2786 2696 2897 2776 una

383 2794 539 2840 cum
595 2772 1040 2860 optimatibus
1089 2772 1233 2841 suis
1267 2772 1803 2860 proceribusque
1854 2771 1963 2840 sui
2001 2771 2259 2861 palatii,
2318 2771 2737 2842 sanctissimi
2798 2784 2895 2832 viri

390 2860 718 2939 membra,
760 2860 1192 2930 suavissimis
1240 2874 1304 2929 et
1328 2861 1434 2949 (ut
1467 2860 1556 2929 ita
1605 2860 1927 2948 dixerim)
1962 2860 2544 2930 inenarrabilibus
2593 2855 2898 2929 odoribus

388 2948 779 3028 redolentia,
838 2949 1225 3018 sustulitex
1263 2971 1416 3018 vase
1466 2949 1790 3038 sepulcri,
1844 2962 1908 3018 et
1956 2948 2180 3019 loculo
2230 2949 2589 3038 imposuit,
2646 2959 2712 3017 et
2764 2960 2895 3013 cum

386 3061 633 3128 magna
707 3038 957 3106 laetitia
1008 3051 1207 3126 atque
1264 3037 1563 3117 honore,
1621 3060 1881 3106 necnon
1943 3037 2359 3127 hymnorum
2414 3035 2894 3107 decantatione.

385 3127 499 3195 sed
564 3139 628 3196 et
674 3126 1245 3196 candelabrorum
1303 3127 1603 3203 lumine,
1671 3140 2199 3214 aromatumque
2247 3127 2661 3196 suavissimo
2721 3121 2900 3214 odore

384 3215 626 3285 detulit
680 3229 834 3284 ante
882 3238 1154 3285 sacrum
1216 3214 1476 3295 altare,
1535 3215 1928 3302 ibidemque
1979 3216 2276 3285 maxima
2327 3237 2616 3285 munera
2666 3213 2899 3282 devovit

383 3318 584 3391 atque
634 3305 966 3386 attribuit,
1024 3326 1177 3372 vasa
1237 3304 1494 3373 scilicet
1534 3317 1890 3394 argentea,
1944 3316 2008 3373 et
2059 3305 2268 3395 pallia
2318 3305 2678 3394 peregrino
2724 3313 2900 3387 opere

382 3392 749 3474 elaborata,
810 3415 1067 3461 necnon
1124 3392 1372 3462 fundos
1423 3392 1936 3480 fundorumque
1987 3393 2316 3473 reddituS,
2355 3394 2653 3480 itemque
2698 3403 2900 3458 servos

385 3482 959 3571 praediorumque
999 3481 1277 3549 dederat
1326 3481 1608 3563 incolas.
1640 3487 1824 3564 Quae
1865 3482 2138 3573 singula
2189 3494 2591 3552 testamento
2641 3473 2899 3551 manda-

386 3570 498 3650 vit,
552 3584 616 3639 et
662 3571 1010 3652 ecclesiae,
1058 3571 1122 3639 iu
1178 3592 1385 3655 quam
1438 3582 1753 3639 sanctum
1805 3593 2057 3660 corpus
2097 3571 2349 3650 intulit,
2408 3570 2472 3638 in
2528 3592 2647 3659 per
2697 3578 2894 3659 etuam

386 3659 871 3728 haereditatem
926 3657 1285 3758 delegavit,
1319 3659 1672 3745 sanctique
1699 3659 1824 3727 viri
1873 3682 2027 3729 ossa
2064 3660 2383 3729 nobiliter
2417 3659 2505 3728 ibi
2543 3658 2645 3728 col
2679 3659 2891 3752 oca-vit·

384 3753 505 3816 Per
532 3750 734 3837 cujus
764 3749 1345 3827 intercessionem,
1397 3747 1721 3837 piamque
1773 3748 2332 3818 interventionem
2370 3762 2581 3828 tuam,
2619 3752 2893 3833 Domine,

384 3837 733 3926 supplices
780 3837 1216 3926 exposcimus
1269 3837 1610 3924 pietatem,
1653 3850 1724 3906 ut
1757 3837 1874 3926 qui
1927 3838 2179 3907 nostris
2227 3859 2598 3928 gravamur
2641 3846 2895 3923 excessui-

388 3925 538 4004 bus,
599 3939 707 3994 tua
759 3926 1149 4015 gratissima
1199 3924 1648 4014 opitulatione
1688 3949 1723 3993 a
1780 3926 2222 4013 reproborum
2280 3948 2566 3995 numero
2621 3935 2891 4010 secernit,

374 4013 899 4102 justissimaque
949 4014 1387 4083 damnatione
1438 4014 1738 4095 liberari,
1784 4028 1988 4103 atque
2041 4014 2105 4082 in
2159 4013 2531 4083 electorum
2586 4015 2895 4083 consortio
2943 4082 2944 4085 Ἴ

390 4124 774 4171 mereamur
844 4105 1367 4173 connumerari:
1422 4104 1536 4172 cui
1597 4116 1696 4172 est
1747 4104 1965 4172 honor
2012 4115 2075 4172 et
2131 4103 2498 4193 imperium
2538 4158 2552 4183 ‚
2635 4104 2892 4191 potestas

386 4213 679 4269 summa,
740 4191 951 4279 pictas
1007 4193 1382 4273 immensa,
1437 4192 1708 4261 bonitas
1773 4191 2212 4262 inexhausta:
2280 4213 2483 4281 quem
2539 4191 2725 4259 decet
2767 4183 2892 4251 taus

383 4294 443 4346 et
496 4279 708 4368 gloria
764 4302 882 4369 per
930 4293 1172 4349 cuncta
1225 4280 1612 4350 seculorum
1669 4281 1921 4362 secula,
1965 4286 2194 4350 Amen.
