2993 4837
479 326 563 387 66
1142 339 1217 385 ως
1267 340 1322 401 s.
1376 339 1665 385 nonanto
1714 340 1813 385 ar.
1868 338 2194 386 montensi
2653 320 2814 386 NOV.
2857 322 2891 385 3

389 425 869 495 sanctissimus
915 423 1091 493 cinis
1139 421 1460 492 conditus
1510 422 1934 503 servabatur,
1982 421 2340 502 adeuntes,
2395 422 2652 510 absque
2693 422 2893 509 aliqua

386 511 788 583 difficultate
821 513 1021 582 busta
1069 511 1246 581 beati
1284 511 1418 580 Viri
1474 533 1554 580 ex
1616 509 1842 581 loculo
1910 510 2298 598 protulere:
2352 524 2419 581 et
2464 534 2621 582 cum
2678 532 2895 601 magno

385 601 663 694 gaudiO,
698 623 835 688 qua
871 611 1213 678 venerant,
1272 599 1512 689 pedem
1567 598 1953 679 reserentes,
1994 599 2062 668 in
2100 599 2270 680 loco,
2330 622 2470 687 quo
2514 622 2750 690 passus
2789 613 2894 675 est,

386 706 602 761 terrae
651 689 1081 760 mandavere.
1152 688 1441 771 Quantis
1501 700 1774 768 autem,
1846 687 2257 789 qualibusve
2306 688 2659 759 miraculis
2717 710 2896 758 suum

387 779 554 850 velle
588 779 918 848 Dominus
957 778 1024 846 in
1080 776 1194 846 tali
1229 775 1405 846 facto
1458 799 1577 866 per
1623 798 1828 846 omne
1869 790 1994 847 tter
2033 776 2442 848 reversionis
2473 800 2704 848 eorum
2735 798 2898 846 com·

391 867 756 969 mendarit,
800 864 1129 938 schedula
1179 879 1528 956 gestorum
1586 864 1898 955 ejusdem
1949 867 2168 936 sancti
2223 866 2567 956 pontificis
2614 878 2904 936 annotata

388 969 712 1028 continet.

477 1048 517 1134 ἕ
560 1051 653 1118 8.
710 1044 987 1116 Fabrica
1034 1055 1262 1115 autem
1313 1041 1623 1131 ejusdem
1651 1042 2020 1124 basilicae,
2063 1066 2200 1130 qua
2233 1043 2411 1113 beati
2454 1043 2574 1112 viri
2619 1042 2904 1113 conditae

391 1147 553 1205 sunt
601 1133 972 1220 reliquiae,
1025 1131 1319 1220 qualiter
1365 1132 1451 1202 ab
1500 1131 1746 1201 eodem.
1789 1147 2024 1203 sancto
2087 1132 2228 1201 viro
2268 1134 2584 1203 Huberto—
2620 1132 2904 1201 ordinata

389 1225 499 1305 sit,
552 1223 713 1311 quia
761 1221 980 1292 oculis
1032 1220 1406 1293 videntium
1456 1242 1530 1290 se
1575 1220 1804 1300 offert,
1857 1220 1941 1291 de
1987 1243 2069 1291 ea
2114 1220 2378 1308 aliquid
2429 1221 2658 1291 dicere
2696 1242 2905 1310 super-

392 1312 559 1383 sedi.
614 1312 735 1380 His
785 1310 1100 1401 peractis,
1156 1308 1257 1377 vir
1292 1309 1561 1377 Domini
1609 1311 1981 1390 Hubertus,
2028 1322 2103 1379 ut
2151 1311 2506 1399 Scriptura
2533 1309 2804 1388 clamat,
2837 1308 2906 1377 de

392 1401 636 1471 virtute
671 1402 737 1468 in
779 1401 1093 1469 virtutem
1149 1396 1615 1487 proficiscens,
1668 1397 1951 1467 ardebat
2000 1397 2226 1468 videre
2265 1403 2475 1468 Deum
2524 1398 2806 1469 deorum
2850 1397 2904 1466 in

390 1490 575 1559 Sion.
628 1494 705 1559 Et
751 1488 976 1558 sciens
1023 1487 1283 1556 dictum
1320 1486 1407 1555 ab
1446 1486 1786 1576 ApostolO,
1837 1493 1956 1568 Ea,
2010 1511 2185 1578 quae
2214 1498 2392 1557 retro
2439 1500 2621 1569 sunt,
2665 1488 2902 1557 oblitus.

390 1582 456 1647 ιή
495 1602 570 1649 ea
618 1601 792 1657 vei-0,
830 1600 1004 1669 quae
1051 1586 1204 1645 ante
1257 1585 1434 1654 sunt,
1490 1577 1854 1645 eaetendens
1901 1599 2026 1657 me,
2070 1599 2436 1667 persequor
2484 1578 2574 1646 ad
2626 1576 2908 1646 bravium

383 1689 709 1760 supernae
757 1666 1117 1735 vocationis
1148 1664 1270 1753 (ad
1320 1664 1613 1754 Philipp.
1673 1668 1814 1748 111);
1886 1664 2109 1755 magis
2160 1665 2514 1754 magisque
2555 1665 2819 1755 jejunio
2858 1677 2908 1732 et

388 1756 704 1847 vigiliae,
759 1752 1188 1840 castitatique
1236 1752 1449 1821 animi
1500 1766 1564 1821 et
1610 1752 1918 1841 corporis
1962 1775 2239 1854 operam
2290 1754 2539 1823 dabat:
2590 1768 2660 1823 et
2697 1752 2907 1823 subdi·
2965 1786 2968 1823 1

387 1857 610 1914 torum
663 1865 898 1913 curam
960 1863 1251 1931 gerens,
1322 1842 1673 1928 ta'mquam
1743 1841 2190 1912 fideliss1mus
2243 1842 2684 1933 dispensator
2750 1841 2907 1911 verbi

385 1934 682 2003 triticum
733 1932 1079 2002 conservis
1129 1931 1274 2001 suis
1325 1943 1460 2000 toto
1512 1930 1670 2001 nisu
1703 1930 2318 2002 subministrabat:
2377 1954 2500 2000 nec
2542 1944 2771 2001 tamen
2806 1936 2908 2000 Do·

385 2022 618 2090 minici
673 2022 1037 2090 immemor
1075 2018 1393 2109 exempli,
1431 2019 1518 2088 de
1555 2041 1692 2106 quo
1741 2018 2020 2108 legitur:
2079 2022 2300 2110 Coepit
2355 2026 2548 2090 Jesus
2598 2024 2822 2109 facere
2861 2030 2908 2087 et

382 2112 611 2180 docere
655 2110 840 2211 (Luc.
880 2109 1042 2198 x11):
1095 2131 1173 2177 ea
1206 2130 1381 2195 quae
1414 2107 1781 2198 discipulis
1812 2109 2239 2178 observanda
2275 2131 2433 2179 voce
2514 2109 2905 2183 raedicabat.

380 2222 511 2285 qua
565 2198 920 2299 diligentia
969 2196 1318 2288 operanda
1364 2210 1614 2276 essent,
1669 2198 1816 2266 suis
1849 2198 2118 2268 actibus
2158 2210 2430 2287 praeten
2487 2199 2670 2269 ebat.
2710 2204 2909 2267 Insta-

332 2302 335 2303 ’
382 2289 653 2375 batque,
690 2301 881 2376 Juxta
930 2285 1221 2376 Apostoli
1278 2284 1706 2364 mandatum,
1767 2285 2172 2374 praedicans
2218 2300 2630 2377 opportune,
2678 2287 2908 2375 impor-

382 2389 580 2447 tune:
638 2390 959 2464 tantaque
1005 2396 1160 2443 eum
1226 2374 1441 2463 gratia
1506 2374 1734 2455 verbi,
1788 2387 1852 2444 et
1899 2374 2265 2446 dulcedine
2326 2377 2668 2447 sermonis
2719 2376 2908 2446 virtus

382 2467 676 2556 Spiritus
726 2465 953 2533 Sancti
1004 2464 1392 2543 donaverat,
1450 2479 1527 2533 ut
1567 2486 1698 2532 non
1740 2463 1940 2533 modo
1973 2486 2010 2533 e
2046 2465 2313 2544 vicinis,
2358 2487 2591 2535 verum
2635 2465 2836 2535 etiam
2879 2487 2906 2531 e

382 2555 801 2644 longinquiS,
857 2566 922 2622 et
968 2575 1006 2620 a
1055 2574 1126 2622 se
1178 2551 1367 2620 valde
1402 2553 1681 2621 semotis
1730 2551 1897 2622 locis
1928 2606 1942 2632 ,
1997 2552 2082 2621 ad
2131 2576 2289 2623 eum
2345 2553 2580 2644 populi
2631 2576 2905 2625 concur·

383 2656 626 2722 rerent,
657 2665 735 2712 ac
762 2642 847 2710 de
875 2652 1195 2741 potestate
1222 2639 1675 2727 faucibusque
1700 2639 1958 2711 diaboli
1990 2663 2062 2710 se
2090 2643 2262 2721 erui,
2298 2656 2502 2729 atque
2534 2643 2599 2711 in
2635 2662 2904 2733 regnum

379 2731 648 2814 Christi,
680 2751 1158 2820 gremiumque
1190 2743 1462 2799 sanctae
1496 2728 1834 2799 Ecclesiae
1873 2752 1990 2818 per
2020 2730 2344 2821 baptismi
2433 2732 2674 2800 ratiam
2714 2745 2908 2801 trans·

378 2820 560 2901 serri,
598 2818 1019 2910 gauderent:
1076 2816 1554 2906 idolorumque
1601 2818 1892 2898 cultum,
1953 2841 2215 2889 necnon
2271 2755 2634 2908 profanum
2686 2840 2905 2889 eorum

377 2908 869 2978 observationis
918 2907 1123 2977 ritum
1163 2961 1177 2986 ,
1247 2930 1403 2976 cum
1455 2905 1855 2976 auctoribus
1920 2929 2156 2976 eorum
2222 2921 2667 2997 respuerent:
2793 2929 2910 2994 que

375 2997 536 3066 olim
595 2996 727 3067 sibi
781 2994 1161 3066 veneranda
1220 2995 1516 3084 templa,
1585 3008 1798 3065 terrae
1859 3011 2361 3083 coaequarent,
2484 2997 2716 3067 ulvere
2792 3016 2908 3083 que

374 3109 608 3156 eorum
648 3085 856 3155 veluti
891 3083 1401 3154 immunditiam
1454 3085 1887 3164 detestante&
1948 3109 2065 3174 per
2111 3085 2379 3155 diversa
2473 3086 2902 3177 ispergerent.

376 3182 658 3244 Omnem
723 3196 1021 3261 namque
1067 3173 1502 3243 Arduennam
1546 3174 1618 3253 *,
1684 3173 1868 3243 bisce
1914 3173 2228 3244 cultibus
2271 3175 2601 3244 hactenus
2661 3173 2907 3243 manci·
2963 3207 2964 3246 i

377 3275 601 3353 patam
636 3319 650 3345 ,
707 3264 772 3332 in
826 3262 1010 3332 brevi
1062 3261 1393 3351 sacrilega
1459 3262 1780 3331 servitute
1832 3261 2115 3332 liberam
2160 3317 2174 3342 ,
2248 3262 2588 3334 famulitio
2655 3261 2905 3333 Domini

375 3352 788 3444 subjugavit.
828 3352 894 3420 Si
932 3350 1050 3438 qui
1090 3363 1343 3430 autem,
1382 3349 1754 3420 facessente
1802 3350 2103 3440 generali
2155 3350 2493 3422 idolorum
2546 3352 2764 3432 cultu,
2802 3373 2905 3419 su-

378 3455 770 3528 peressent,
835 3441 951 3526 qui
1007 3462 1190 3508 more
1240 3438 1572 3528 sacrilego
1632 3452 1750 3509 aut
1815 3438 2114 3529 pulveris
2175 3462 2410 3509 eorum
2473 3438 2904 3510 reverentiam

375 3531 749 3609 haberent,
806 3529 902 3596 vel
967 3543 1229 3597 caetera
1293 3527 1689 3616 hujusmodi
1739 3527 2085 3598 observari
2143 3527 2390 3598 debere
2439 3552 2572 3598 usu
2623 3526 2906 3599 nefando

377 3634 712 3708 putarent,
748 3619 872 3687 hos
896 3617 977 3686 ad
1010 3639 1080 3686 se
1108 3616 1460 3698 deductoS,
1518 3617 1793 3686 triennii
1832 3618 2245 3707 poenitentia
2280 3617 2642 3706 plectebat:
2684 3618 2905 3703 sicque

376 3708 734 3795 proeliator
796 3707 1061 3775 Domini
1112 3719 1385 3776 strenue
1424 3705 1852 3775 adversarias
1902 3707 2326 3793 insequendo
2377 3729 2455 3776 ac
2516 3703 2904 3796 proterendo

372 3799 673 3875 virtutes,
733 3796 1107 3886 imperium
1158 3795 1421 3863 Domini
1475 3794 1541 3862 in
1593 3794 1762 3864 lines
1801 3816 2035 3864 eorum
2083 3797 2283 3884 longe
2322 3796 2453 3865 late
2506 3819 2589 3865 ue
2625 3793 2902 3883 amplia-

372 3888 482 3964 vit,
526 3888 613 3954 ita
650 3899 723 3956 ut
755 3884 1132 3954 Toxandria
1169 3884 1234 3917 ¹⁶*
1269 3896 1333 3953 et
1378 3883 1826 3964 Brachbante,
1880 3906 2116 3954 eorum
2169 3819 2545 3975 detegendo
2599 3882 2895 3957 insidias,

367 3998 481 4043 eos
532 3976 803 4064 penitus
853 3973 1290 4051 annullaret,
1344 3972 1742 4063 effigiesque
1795 3995 2032 4042 eorum
2088 3972 2362 4063 populi,
2404 3973 2647 4044 Christi
2696 3969 2896 4060 gratia
2961 4039 2962 4072 1

371 4063 762 4145 illuminati,
803 4062 1333 4152 confringerent,
1389 4076 1450 4130 et
1504 4063 1775 4152 penitus
1825 4061 2244 4132 abdicarent.
2303 4063 2393 4131 Ab
2438 4062 2521 4130 iis
2569 4074 2816 4139 autem,
2864 4078 2896 4122 a

420 4246 443 4269 *
474 4245 754 4282 Auluemmm
787 4246 945 4282 Silvam
977 4253 1156 4290 nempe.
1186 4253 1304 4290 quac
1335 4254 1457 4282 nunc
1492 4245 1554 4281 lea
1576 4244 1800 4282 Animum
1821 4243 2057 4283 dicuntur⁴
2093 4245 2134 4282 8.
2166 4243 2409 4283 Hubertua
2439 4246 2607 4286 autem,
2636 4242 2693 4281 ob
2721 4243 2895 4292 magno-⁸

366 4308 477 4337 suos
507 4297 691 4336 labores
718 4300 766 4337 in
798 4296 1047 4345 Evangelio
1084 4297 1180 4336 illis
1216 4299 1261 4335 in
1296 4295 1413 4336 locis
1447 4298 1762 4347 praedicando
1782 4297 2054 4342 exantlatis,
2075 4298 2349 4337 Arduennae
2369 4298 2619 4347 Apostolus
2641 4299 2748 4344 jure
2775 4296 2894 4331 meri·

368 4355 509 4398 toque
531 4355 704 4390 meruit
727 4349 900 4390 vocari.
2867 4389 2875 4398 ‚

420 4405 471 4430 *⁹
504 4404 769 4444 Tumuada-1⁸«.
801 4403 846 4442 in
877 4404 1017 4443 Medii
1050 4406 1157 4443 Aevi
1192 4405 1516 4452 scriptoribus,
1548 4414 1670 4442 nunc
1702 4415 1784 4452 pro
1808 4402 2086 4444 Brahantiac
2116 4407 2264 4454 parto,
2283 4415 2407 4445 nnnc
2436 4415 2517 4453 pro
2539 4396 2780 4443 nrnbantia
2806 4401 2890 4434 unl-

432 4471 447 4495 ι·
536 4459 781 4506 accipitur.
