2993 4837
78 351 220 417 Nov.
270 353 302 416 4
865 375 942 421 na
990 376 1043 422 s.
1099 374 1339 422 canoto
1388 374 1721 423 aoaaousso
2353 361 2470 425 29¹

26 436 31 489 ²
80 454 281 522 dandis
336 454 839 547 eleemosynis,
912 460 1103 527 omni
1162 458 1460 546 denique
1523 462 1783 529 ratione
1854 460 2211 530 sublevare
2283 474 2571 533 conatus

78 558 180 610 est:
226 564 638 632 quamquam
689 568 768 616 eo
817 547 965 617 vivo
1015 547 1330 629 modica,
1387 570 1550 638 prae
1606 561 1910 638 ternpore
1958 550 2139 636 quod
2198 564 2572 637 sequutum

28 672 35 731 κῃ
70 644 176 712 est,
218 632 323 700 illa
370 632 519 703 fuit.
580 636 702 704 His
754 637 957 706 rebus
1005 635 1479 707 incredibilem
1534 637 1665 707 sibi
1726 637 2207 709 conciliaverat
2255 640 2571 708 omnium

72 719 346 790 ordinum
419 745 726 793 amorem
815 738 1018 812 atque
1079 726 1636 807 observantiam;
1705 725 1801 795 vel
1853 740 2134 816 aspectu
2185 728 2338 816 ipso
2385 728 2574 797 vide-

72 807 280 879 bantur
315 810 629 882 homines
680 812 764 882 ad
811 814 980 882 bene
1014 814 1378 884 vivendum
1416 815 1687 884 incitari
1722 838 1737 896 ;
1792 838 1949 884 cum
1986 816 2195 885 exiret
2233 816 2370 886 fere
2403 839 2574 906 quo-

34 896 201 965 ‘tidie
243 898 318 967 ad
355 901 577 970 varias
628 902 736 971 sui
773 903 1081 971 muneris
1122 902 1536 984 functioneS‚
1591 925 2028 991 quacumque
2062 907 2574 976 tamentransi-

72 983 177 1065 bat,
222 989 460 1077 cupide
508 990 963 1061 accurrebant
1010 990 1097 1060 ad
1145 1013 1331 1073 eum,
1387 1014 1467 1061 ex
1515 992 1805 1062 aedibus
1852 992 2029 1062 inter
2073 1015 2143 1063 se
2183 996 2567 1074 vocabant,

68 1086 129 1143 ut
164 1075 469 1158 viderent,
523 1092 591 1149 et
641 1080 823 1169 signi
873 1079 1196 1151 salutaris
1247 1079 1550 1150 fructum
1604 1082 2066 1172 perciperent,
2120 1081 2302 1169 quod
2357 1104 2612 1153 manu.

42 1165 235 1249 ,modo
278 1166 354 1234 ad
390 1168 596 1248 hanc,
654 1168 856 1238 modo
890 1168 974 1237 ad
1027 1168 1214 1238 illam
1269 1183 1527 1259 partem
1582 1192 1840 1251 versuS,
1882 1170 2205 1240 incedens
2243 1183 2575 1261 perpetuo

40 1248 353 1334 isat-iehan
398 1268 607 1342 atque
655 1279 812 1326 cum
866 1258 956 1327 ita
999 1259 1501 1339 accurrissent,
1554 1272 1922 1345 utrumque
1971 1281 2152 1349 genu
2202 1258 2399 1328 humi
2451 1282 2574 1350 po-

46 1342 281 1410 'nebant
336 1366 629 1427 omnes;
697 1368 772 1415 ex
835 1368 1011 1434 equo
1082 1346 1385 1435 plerique
1446 1347 1997 1417 descendebant:
2053 1369 2229 1435 quae
2290 1349 2573 1435 quidem

44 1427 441 1507 abundantia
491 1434 794 1521 quadam
838 1436 1105 1525 pietatis
1138 1448 1202 1504 et
1235 1436 1514 1516 amoriS,
1570 1450 1810 1525 sponte
1844 1458 1971 1507 sua
2003 1437 2225 1506 facere
2259 1437 2572 1507 institue-

46 1532 240 1609 lt'unt;
287 1543 362 1590 ac
411 1523 727 1594 solebant
774 1523 1133 1603 foeminae,
1193 1546 1513 1615 magnam
1570 1537 1853 1615 partem,
1899 1549 2058 1595 curn
2112 1527 2169 1595 is
2224 1527 2568 1607 transiret,

46 1606 173 1675 exibi
208 1610 445 1692 velum,
506 1626 584 1681 ut
619 1613 686 1680 in
721 1613 1009 1683 ecclesia
1048 1612 1500 1701 jubebantur,
1557 1614 1930 1702 imponere,
1978 1630 2040 1683 et
2074 1636 2206 1683 non
2245 1637 2323 1683 ex
2358 1615 2565 1694 edim,

26 1694 157 1764 =‘sed
204 1697 393 1786 plano
444 1700 599 1771 loco
648 1723 720 1771 se
769 1702 1066 1772 venienti
1115 1702 1377 1783 offerre,
1413 1723 1493 1771 ea
1531 1724 1804 1789 quoque
1838 1703 1921 1771 de
1961 1725 2229 1783 caussa,
2268 1703 2451 1789 quod
2488 1703 2573 1773 ab

48 1800 129 1851 [eo
166 1786 381 1857 doctae
413 1804 638 1870 erant,
695 1803 928 1859 contra
978 1790 1430 1860 christianum
1483 1790 1787 1860 officium
1830 1791 2064 1871 videri,
2114 1814 2190 1860 ex
2225 1791 2564 1872 fenestriS,

62 1876 403 1947 ‘etomnino
442 1900 524 1948 ex
579 1879 863 1949 editiore
918 1878 1063 1948 loco
1108 1901 1338 1949 sacros
1400 1879 1723 1959 ordineS,
1786 1901 2029 1967 resque
2089 1903 2320 1949 sacras
2377 1903 2573 1970 prae·

74 1972 364 2035 tereuntes
415 1980 752 2057 spectare.
807 1969 936 2050 Qui
988 1968 1573 2038 cacodaemonum
1628 1970 1975 2037 vexatione
2027 1968 2472 2051 laborabant,
2525 1970 2574 2038 ii

48 2049 550 2141 [adducebantur
600 2057 767 2126 dum
804 2057 1240 2146 praeteriret:
1295 2080 1371 2126 ac
1420 2057 1814 2126 clamabant
1865 2056 1964 2126 illi
1999 2056 2306 2143 quidem,
2363 2059 2573 2148 agita-

48 2134 406 2231 danturque
448 2145 911 2226 vehementer,
967 2146 1080 2216 sed
1117 2146 1201 2214 ad
1234 2145 1456 2214 ullum
1491 2143 1974 2234 expellendum
2033 2167 2387 2232 nunquam
2429 2168 2576 2215 sese

46 2224 300 2299 *Patulus
357 2234 743 2303 convertit:
804 2245 1096 2317 tantum,
1152 2234 1342 2304 cruci
1392 2246 1574 2303 extra
1623 2248 1884 2323 portam
1940 2239 2231 2303 Tonsam
2282 2245 2569 2315 erectae,

46 2318 209 2400 ·qu0d
259 2323 462 2410 pestis
514 2324 765 2392 caussa
814 2322 1068 2393 factum
1119 2335 1262 2394 erat
1294 2323 1622 2392 omnibus
1670 2322 2032 2413 compiti5‚
2096 2321 2387 2423 solemni
2436 2317 2576 2392 ritu

46 2398 479 2493 benedicens,
537 2433 777 2481 eorum
846 2412 1231 2502 procaciam
1294 2413 1636 2502 repressit.
1711 2416 1874 2482 Nam
1937 2435 2015 2481 eo
2070 2423 2569 2492 concionante,

68 2511 192 2563 eum
224 2500 548 2571 mulieres
594 2501 804 2581 duae,
853 2523 975 2570 seu
1023 2501 1392 2571 daemones
1442 2502 1508 2570 in
1567 2503 1705 2582 eis,
1761 2501 1929 2569 adeo
1981 2523 2269 2591 magnos
2299 2500 2578 2570 ederent

46 2579 387 2670 “clamor-es,
443 2604 523 2660 ut
586 2589 790 2659 verba
838 2590 1125 2658 minime
1175 2603 1453 2679 possent
1499 2590 1856 2670 exaudiri,
1923 2612 2260 2677 nemoque
2307 2589 2575 2659 efficere

46 2676 372 2758 ¹potuisset,
438 2693 518 2748 ut
579 2691 916 2759 tacerent;
973 2678 1246 2747 tandem
1297 2679 1380 2747 ad
1432 2701 1548 2747 eas
1607 2678 1886 2748 Carolus
1934 2701 2353 2758 conversus,
2412 2701 2573 2747 cum

50 2777 241 2832 ·manu
274 2780 535 2836 tantum
591 2767 1093 2847 benedixisset,
1149 2768 1351 2837 tacito
1390 2768 1596 2856 jussu
1652 2768 1742 2835 ita
1794 2781 2221 2858 paruerunt,
2274 2779 2349 2836 ut
2399 2767 2573 2836 nihil

44 2850 323 2946 &amplius
369 2856 713 2925 auderent
746 2855 1014 2937 mutire,
1050 2877 1208 2925 cum
1249 2856 1341 2924 ibi
1380 2869 1600 2941 tamen
1640 2878 1859 2942 usque
1892 2857 1974 2925 ad
2013 2857 2218 2925 finem
2257 2878 2577 2946 perman-

74 2953 310 3010 sissent:
364 2945 556 3032 quod
607 2968 765 3013 cum
818 2944 1242 3014 attenderent
1281 2957 1602 3020 astantes,
1652 2967 1798 3014 sese
1849 2959 2090 3015 mutuo
2144 2968 2302 3035 prae
2352 2945 2575 3014 adrni-

44 3031 45 3034 ’
74 3027 284 3100 ratione
316 3034 793 3103 intuebantur.
825 3038 912 3102 Ac
948 3055 1078 3104 non
1115 3034 1485 3103 reverentia
1520 3032 1739 3102 solum
1771 3056 1930 3123 erga
1960 3039 2298 3103 Pastorem
2338 3055 2570 3114 suum,

82 3113 171 3180 sed
204 3138 259 3188 re
303 3123 483 3211 ipsa,
548 3121 993 3208 moribusque
1032 3122 1430 3191 christianis
1474 3122 1726 3190 mirum
1785 3124 1846 3189 in
1897 3122 2176 3190 modum
2233 3121 2577 3221 profecere

77 3201 621 3280 Mediolanenses:
681 3232 836 3278 narn
889 3224 962 3280 ut
1013 3210 1145 3280 alia
1196 3211 1504 3279 omittam
1555 3210 1768 3298 hujus
1821 3209 1912 3276 rei
1962 3210 2240 3290 indicia,
2287 3232 2325 3278 a
2359 3209 2579 3278 Caroli

74 3300 348 3382 tempore,
405 3299 616 3368 sicuti
665 3299 751 3367 ab
795 3299 961 3389 ipsis
1012 3299 1531 3388 magistratibus
1579 3298 1837 3387 accepi,
1896 3298 2266 3366 criminum
2311 3296 2578 3383 judicia

72 3383 248 3451 multo
277 3389 600 3476 pauciora
642 3387 863 3468 siunt;
915 3410 1045 3474 qua
1085 3410 1164 3456 ex
1207 3409 1275 3457 re
1324 3401 1718 3474 quaestores
1757 3385 1922 3475 regii
1977 3384 2419 3484 muletarum,
2457 3385 2578 3453 bo-

66 3485 413 3562 norumque
454 3476 958 3566 publicatorum
1011 3476 1302 3544 dimidio
1350 3476 1488 3544 fere
1532 3476 1764 3543 minus
1813 3474 2090 3553 habent,
2146 3473 2326 3560 quod
2383 3494 2450 3540 tn
2501 3473 2577 3541 fi-

36 3567 224 3627 ‘scum
269 3564 586 3646 referant,
639 3587 847 3650 quam
892 3577 1086 3633 antea
1128 3564 1667 3634 consuevissent.
1723 3568 1862 3634 Non
1915 3575 2268 3661 esttamen
2326 3583 2579 3660 negan-

32 3640 223 3728 stdnm,
252 3654 429 3738 quod
472 3654 553 3722 ad
597 3654 1018 3723 nobilitatem
1060 3653 1280 3744 magis
1312 3652 1738 3722 excitandam
1777 3651 1997 3720 valere
2029 3650 2255 3728 velim,
2298 3648 2575 3719 solitum

29 3729 244 3807 *fuisse
291 3741 604 3811 Carolurn
658 3742 905 3830 queri,
953 3742 1131 3829 quod
1200 3741 1531 3829 reliquam
1589 3739 2099 3810 multitudinem
2167 3737 2584 3839 satis-facile

64 3819 333 3910 flectens,
393 3832 703 3920 patritios
738 3845 988 3911 tamen,
1040 3852 1213 3917 quos
1249 3851 1520 3920 semper
1566 3842 1630 3899 et
1671 3828 1865 3899 initio
1901 3840 2297 3919 praesertim
2333 3847 2579 3915 Juvare

28 3914 433 4000 pstuduisset,
489 3921 819 3989 invenerit
870 3920 935 3988 in
980 3919 1224 3989 salutis
1272 3919 1543 4008 negotio
1593 3916 2002 4007 plerumque
2033 3917 2369 3985 duriores.
2410 3918 2578 4014 Cum

26 4011 119 4084 §se
152 4013 352 4074 totum
408 4009 475 4076 in
529 4031 738 4076 unam
791 4008 1018 4098 gregis
1068 4009 1171 4077 sui
1223 4030 1459 4076 curam
1518 4006 1928 4076 concludere
1988 4005 2372 4084 videretur,
2427 4024 2585 4088 ejus

26 4093 33 4190 i
68 4088 206 4184 nihil
259 4095 491 4166 minus
524 4118 774 4165 nomen
820 4102 992 4165 Deus
1023 4095 1207 4186 apud
1251 4117 1492 4164 omnes
1528 4095 1839 4163 nationes
1876 4116 2143 4163 summa
2178 4113 2334 4162 cum
2376 4090 2587 4190 laude

26 4239 29 4260 ,
66 4183 302 4251 virtutis
350 4183 806 4264 admirabiliS,
854 4185 1377 4255 celeberrimum
1418 4182 1739 4253 reddidit.
1787 4187 1861 4251 In
1900 4183 2288 4250 Lusitaniae
2322 4178 2585 4281 finibus

67 4283 194 4336 cum
233 4292 497 4353 essem,
543 4285 607 4343 et
653 4295 731 4342 ex
771 4273 1017 4343 incolis
1060 4271 1342 4360 quidam
1396 4271 1971 4341 Mediolanensem
2023 4292 2170 4339 esse
2225 4289 2332 4336 me
2379 4268 2580 4366 audi-

26 4429 29 4436 .
68 4370 220 4424 rent:
259 4385 281 4421 e
315 4365 419 4429 Ita
466 4383 574 4442 ne,
629 4361 921 4451 ajebant‚
956 4384 1036 4430 ex
1084 4383 1163 4430 ea
1210 4360 1502 4441 civitate,
1541 4360 1660 4429 ubi
1704 4372 1984 4428 sanctus
2036 4359 2146 4428 ille
2198 4353 2583 4427 Cardtnalis

70 4456 147 4511 est
174 4449 600 4540 Episcopus?
627 4476 651 4512 ι
680 4454 924 4520 Verum
976 4450 1159 4519 haud
1197 4449 1288 4516 ita
1321 4449 1547 4520 subito
1585 4453 1758 4517 Deus
1809 4459 2061 4517 tantam
2098 4448 2160 4518 ei
2191 4443 2682 4574 conciliavit!
