2993 4837
505 341 633 404 542
1107 357 1183 402 nu
1233 361 1287 402 s.
1344 354 1637 402 moNrsio
1685 357 1784 400 er.
1840 355 2276 401 AtssxANnnmo
2635 338 2788 401 sut.
2829 339 2879 401 tt

415 443 945 532 significassent,
976 440 1473 525 Colluthionem
1511 462 1641 507 non
1669 452 1804 507 tam
1839 438 2037 528 longe
2059 440 2145 507 ab
2168 438 2568 508 Alexandria
2591 440 2886 519 distarem

416 531 573 599 licet
615 530 875 618 Cepbro
919 551 1240 619 magnam
1295 527 1582 596 fratrum
1631 529 2017 597 societatem
2053 551 2130 596 ex
2163 533 2466 618 Aegypto
2505 529 2879 616 profectorum

418 620 615 688 nobis
648 619 1011 697 attulisset,
1044 618 1212 686 adeo
1247 631 1321 686 ut
1359 617 1649 704 majores
1681 629 2058 687 conventus
2092 617 2440 685 celebrare
2476 618 2876 706 potuissemus:

414 709 506 777 ibi
560 723 813 788 tamen,
868 708 1031 793 quia
1092 707 1376 796 propius
1430 706 1588 773 inde
1638 706 1869 775 aberat
1919 705 2344 786 Alexandria,
2381 707 2694 775 crebrius
2733 706 2884 773 homi-

415 820 581 865 num
636 818 908 866 summo
956 818 1212 874 amore,
1258 795 1721 863 familiaritate
1770 808 1835 863 et
1884 794 2211 876 amicitia,
2262 795 2627 865 nobiscum
2677 795 2886 882 coujun-

412 899 680 954 ctorum
732 898 1012 974 aspectu
1060 884 1175 973 (ad
1239 906 1359 954 nos
1408 886 1592 952 enim
1647 883 1816 952 velle
1855 883 2202 960 accedere,
2245 897 2658 970 nostrosque
2694 886 2896 952 animos

417 996 768 1052 recreare,
821 987 886 1042 et
946 975 1034 1041 ita
1092 986 1442 1058 tamquam
1511 974 1574 1039 in
1629 973 1987 1041 suburbiis
2050 972 2252 1061 paulo
2306 974 2778 1042 remotioribus
2815 993 2896 1038 nos

413 1062 775 1148 aliquoties
846 1075 1224 1130 conventus
1288 1083 1488 1148 agere
1544 1083 1739 1148 posse
1788 1061 2159 1147 dixerunt),
2230 1083 2462 1129 revera
2535 1063 2669 1131 frui
2733 1061 2894 1129 licere.

413 1173 859 1241 permagnam
911 1151 1143 1218 animo
1204 1152 1348 1238 cepi
1401 1148 1966 1218 consolationem.
2027 1156 2112 1217 Ac
2163 1151 2260 1218 sic
2315 1150 2520 1238 plane
2569 1150 2830 1238 contigit
2877 1177 2896 1206 ο

413 1246 566 1310 Post
602 1240 687 1308 ita
741 1239 823 1307 de
873 1240 1028 1307 aliis
1080 1239 1282 1306 rebus
1315 1238 1645 1316 adversis,
1684 1262 1858 1325 quae
1908 1239 2035 1306 sibi
2090 1237 2509 1318 acciderant,
2551 1241 2644 1308 ita
2697 1238 2890 1306 scribit·

498 1331 534 1416 §
586 1332 731 1399 18.
774 1351 807 1392 «
861 1334 936 1397 At
978 1327 1213 1396 multis
1249 1327 1404 1394 fidei
1447 1327 2001 1406 confessionibus
2050 1328 2386 1416 gloriatur
2435 1333 2886 1400 Germanus&

415 1418 630 1486 multa
684 1417 859 1484 mala
910 1430 1143 1484 contra
1195 1438 1264 1484 se
1303 1428 1564 1505 patrata
1602 1416 1801 1484 babet
1833 1416 2059 1484 dicere
2095 1416 2205 1485 ille
2244 1416 2557 1503 quidem:
2608 1417 2727 1486 sed
2767 1425 2880 1501 quot

410 1528 688 1592 quaesQ
720 1505 1038 1593 judicum
1094 1505 1465 1572 sententias
1515 1517 1749 1573 contra
1805 1527 1927 1572 nos
1982 1506 2473 1594 pronunciatas
2527 1520 2747 1595 potest
2788 1525 2888 1572 cnu-

414 1599 721 1663 merare?
753 1600 927 1677 Quot
972 1593 1492 1682 publicationes,
1525 1594 2199 1682 proscriptionesque
2232 1594 2605 1672 bonorum,
2637 1609 2794 1682 quot
2819 1591 2912 1659 tor-¹

410 1696 735 1753 tunarum
768 1683 1208 1772 direptiones,
1236 1695 1399 1767 quot
1424 1682 1893 1752 abdicationes
1924 1682 2366 1772 dignitatum,
2404 1697 2710 1769 quantas
2741 1681 2894 1749 inanis

408 1785 472 1840 et
506 1772 862 1861 popularis
912 1771 1168 1860 gloriae
1213 1772 1783 1859 contemptiones‚
1822 1788 2116 1857 quantas
2166 1771 2453 1841 laudum
2506 1795 2546 1840 a
2603 1769 2892 1861 praefectis

408 1875 471 1928 et
504 1884 543 1929 a
595 1861 1028 1930 senatoribus
1080 1860 1276 1929 nobis
1327 1861 1740 1928 tributarum
1794 1859 2318 1948 despicationes,
2355 1873 2693 1946 quantam
2745 1860 2896 1927 mina·

409 1971 561 2019 rum
605 1950 800 2017 nobis
837 1949 1286 2036 objectarum,
1327 1948 1772 2017 adversarum
1828 1948 2416 2026 vociferationum,
2456 1949 2890 2036 periculorum.

409 2037 1260 2127 persecutionum‚exsilii,
1296 2037 1656 2127 angustiae
1689 2050 1753 2107 et
1789 2039 2015 2106 variae
2044 2039 2384 2126 cujusque
2421 2039 2614 2106 modi
2654 2037 2896 2106 afflictio-

409 2128 515 2196 nis
554 2128 1007 2205 tolerantiam,
1039 2139 1114 2195 ut
1147 2126 1262 2194 illa
1296 2148 1471 2212 quae
1504 2127 1634 2194 sub
1678 2128 1875 2194 Decio
1905 2140 1970 2196 et
2007 2128 2280 2208 Sabine,
2313 2140 2377 2194 et
2411 2149 2598 2214 quae
2635 2129 2894 2197 hactexus

406 2217 537 2285 sub
586 2217 963 2285 Aemiliano
1001 2215 1168 2282 mibi
1205 2214 1622 2303 obtigerunt.
1683 2216 1806 2284 Ubi
1859 2220 2242 2285 Germanus
2305 2219 2750 2304 comparuit?
2793 2213 2894 2300 quis

408 2328 635 2374 sermo
675 2305 757 2374 de
790 2326 868 2374 eo
900 2308 1340 2394 pervagatus?
1374 2309 1617 2372 Verum
1651 2326 1973 2392 maguam
2013 2306 2208 2372 istam
2246 2305 2626 2384 inscitiam,
2655 2307 2720 2372 in
2747 2321 2890 2389 quam

407 2394 493 2464 ob
529 2399 945 2464 Germanum
1000 2394 1202 2463 modo
1255 2391 1620 2481 prolapsus
1671 2414 1852 2469 sum,
1898 2394 2179 2467 missam
2232 2393 2428 2462 facio.
2482 2395 2804 2477 Quocirca
2835 2411 2893 2457 re

406 2505 556 2552 rum
596 2483 1033 2573 singulorum
1085 2482 1610 2572 explicationem
1648 2482 2001 2561 fratribuS,
2039 2484 2155 2569 qui
2195 2505 2309 2552 eas
2352 2497 2612 2565 tenent,
2649 2479 2892 2571 singilla-

406 2573 523 2640 tim
580 2595 772 2661 perse
827 2572 1122 2640 uendam
1183 2572 1526 2661 permitto.
1593 2600 1613 2627 »ι

493 2666 529 2746 ξ
581 2665 707 2730 n.
749 2595 932 2728 Idem
985 2661 1186 2729 etiam
1232 2661 1301 2728 in
1345 2659 1644 2749 Epistola
1695 2659 1777 2727 ad
1837 2660 2205 2729 Domitium
2258 2674 2321 2729 et
2371 2660 2742 2749 Didymum
2785 2678 2892 2726 con·

403 2750 683 2838 scripta,
724 2771 960 2817 eorum
1012 2750 1130 2836 qui
1185 2749 1384 2818 istius
1437 2748 1938 2837 persecutionis
1992 2748 2308 2835 procellis
2348 2750 2589 2838 agitati
2638 2749 2888 2837 fuissent

406 2838 532 2906 boc
567 2837 769 2906 modo
820 2837 1232 2907 mentionem
1280 2837 1470 2905 facit:
1529 2861 1562 2903 «
1603 2838 2025 2907 Christianos
2074 2852 2329 2918 autem,
2367 2839 2488 2924 qui
2530 2853 2598 2907 et
2633 2833 2890 2928 permulti

403 2938 588 3006 sunt,
641 2937 705 2994 et
758 2926 947 2995 vobis
991 2926 1275 2994 minime
1322 2926 1603 3015 cogniti,
1654 2927 2058 2995 nominatim
2112 2928 2321 2995 citare
2357 2942 2886 3016 supervacaneum

402 3014 720 3083 arbitror.
760 3015 885 3084 Sed
920 3015 1048 3083 hoc
1086 3016 1317 3085 sciatis
1355 3015 1583 3095 velim,
1616 3016 1798 3083 viros
1830 3027 1894 3083 et
1928 3014 2276 3096 muliereS‚
2304 3018 2601 3101 juvenes
2631 3030 2693 3084 et
2724 3032 2886 3083 senes,

406 3103 671 3193 puellas
701 3116 764 3171 et
800 3103 1081 3184 vetulaS,
1130 3104 1379 3173 milites
1428 3117 1492 3172 et
1545 3104 1865 3193 privatos,
1906 3105 2246 3194 cujusque
2277 3106 2578 3195 generis,
2613 3104 2888 3190 cujusque

402 3193 640 3261 aetatis
671 3194 1001 3262 extitisse:
1056 3215 1349 3279 quorum
1403 3190 1522 3261 alii
1575 3193 1810 3281 flagris
1842 3194 2047 3273 caesi,
2087 3194 2201 3261 alii
2239 3194 2420 3281 ignis
2456 3194 2767 3262 incendio
2792 3208 2888 3279 crej

405 3283 591 3363 mati,
632 3281 749 3350 alii
809 3282 984 3350 ferro
1041 3281 1373 3371 percussi,
1419 3285 1612 3369 parta
1661 3282 1969 3361 victoria,
2008 3304 2297 3351 coronas
2353 3283 2666 3370 martyrii
2717 3279 2886 3364 adeptu

401 3384 585 3440 sunt.
624 3371 987 3442 Nonnullis
1037 3383 1261 3439 autem
1317 3370 1778 3459 longinquum
1819 3371 1944 3439 boc
1984 3372 2478 3458 persecutionis
2513 3384 2770 3460 tempus
2794 3383 2886 3459 nott

403 3460 751 3541 satisfuit,
793 3474 864 3529 ut
916 3459 1202 3528 Domino
1249 3458 1645 3528 viderentur
1678 3460 1964 3546 accepti,
2006 3460 2289 3547 ipseque
2338 3460 2492 3527 illos
2543 3460 2623 3528 ad
2669 3481 2733 3527 se
2771 3473 2887 3544 rectj

403 3565 611 3637 peret.
664 3554 739 3617 In
796 3570 1089 3635 quorum
1150 3570 1462 3628 numem,
1504 3562 1580 3617 ut
1629 3549 1999 3617 verisimile
2051 3562 2173 3628 est,
2228 3571 2351 3637 ego
2410 3550 2558 3637 ipse
2614 3569 2774 3623 suni,
2809 3559 2882 3608 cut

400 3638 630 3706 adhuc
680 3637 814 3706 vita
864 3636 1187 3725 suppetit.
1226 3641 1313 3705 Ac
1353 3650 1704 3726 propterea
1757 3638 1904 3724 ipse
1943 3638 2062 3723 qui
2104 3637 2295 3717 dicit,
2343 3643 2650 3727 Tempore
2683 3640 2883 3719 accepto

398 3728 634 3795 audivi
679 3738 762 3807 te,
817 3738 876 3795 el
926 3729 996 3795 in
1045 3727 1153 3793 die
1200 3729 1445 3794 salutis
1507 3726 1749 3815 adjuvi
1785 3737 1845 3794 te
1874 3727 2041 3815 (lsa.
2081 3726 2274 3811 xant),
2314 3748 2421 3794 me
2463 3727 2531 3794 in
2572 3724 2730 3793 illud
2761 3737 2879 3813 tem·

403 3836 531 3902 pus
580 3814 894 3895 distulit,
956 3814 1137 3901 quod
1209 3815 1379 3882 mibi
1454 3814 1777 3882 idoneum
1853 3827 2462 3904 opportunumque
2537 3813 2671 3883 fore
2733 3818 2874 3901 nont·

400 3905 735 3986 Quoniam
790 3918 1014 3972 autem
1069 3903 1152 3971 de
1186 3925 1292 3970 me
1338 3903 1645 3989 meisque
1678 3903 1883 3971 sociis
1921 3905 2194 3991 rogatis,
2237 3919 2302 3972 et
2334 3925 2470 3988 quo
2515 3903 2657 3972 loco
2689 3902 2874 3970 sitnm

400 4007 629 4062 nostra
682 3993 1075 4072 constituta,
1115 3994 1436 4061 certiores
1470 3993 1614 4060 fieri
1668 3992 1945 4082 cupitis,
1984 3992 2368 4081 accepistiS,
2410 3992 2635 4070 credo,
2669 4002 2872 4076 quara·

403 4083 580 4150 tione
635 4082 917 4168 quidam
969 4103 1048 4149 ex
1100 4080 1449 4150 Mariotide
1504 4103 1653 4159 me,
1713 4082 2000 4168 Gajum,
2064 4087 2332 4150 Petrum
2394 4095 2458 4150 et
2527 4080 2865 4171 Paulum,a

399 4173 829 4250 Centurione,
886 4170 1084 4249 duce,
1143 4170 1479 4239 militibus
1528 4183 1590 4241 et
1649 4171 1860 4237 servis
1910 4171 2214 4259 captivos
2272 4170 2603 4239 abductos
2674 4167 2742 4234 de
2780 4180 2867 4261 ξπ]-

402 4260 670 4347 proviso
711 4259 955 4338 adorti,
1004 4258 1251 4327 invitos
1283 4272 1346 4327 et
1381 4259 1668 4327 minime
1701 4271 1940 4347 sponte
1974 4272 2335 4345 sequentes
2371 4260 2430 4326 vi
2467 4258 2858 4330 abstraxerint·

398 4358 462 4413 et
510 4368 548 4412 a
600 4347 936 4415 militibus
999 4348 1273 4416 avulsos
1326 4370 1556 4417 secum
1620 4348 2074 4436 abripuerint.
2141 4353 2294 4417 Jam
2374 4370 2527 4417 vero
2585 4368 2696 4435 ego
2749 4350 2857 4405 cum

402 4435 567 4519 Gajo
616 4446 678 4500 et
726 4440 939 4513 Petr0‚
982 4435 1103 4503 soli
1156 4458 1195 4503 a
1244 4438 1528 4505 caeteris
1581 4435 1912 4507 fratribus
1963 4438 2256 4527 separati
2291 4489 2306 4515 ,
2365 4438 2432 4506 in
2485 4437 2780 4505 desertum
2815 4431 2855 4486 6¹
