2993 4837
55 331 211 395 Nov.
267 332 305 393 ’ἲ
604 348 680 392 na
728 349 782 392 s.
835 346 1236 392 amantissimo
1286 347 1583 393 anonim».
1639 345 2005 392 COLOMENSt
2366 328 2492 390 333

121 434 330 518 §12
385 436 581 499 Mane
648 430 968 519 martyris
1029 452 1281 518 corpus
1329 430 1568 499 currui
1620 429 2019 518 impositum
2086 442 2211 499 est:
2282 450 2580 514 cumque

54 519 199 590 illud
239 519 684 598 deducerent,
789 518 976 587 lures
1013 540 1095 587 ex
1149 518 1408 587 familia
1461 519 1804 606 Episcopi,
1867 518 1984 604 qui
2051 519 2291 587 timore
2344 519 2582 585 mortis

49 609 313 699 dispersi
367 608 665 688 fuerant,
768 607 1222 677 educentibus
1271 606 1581 697 adjuncti
1616 618 1800 677 sunt.
1855 606 2301 676 Venientibus
2351 619 2576 674 autem

49 696 119 766 ad
166 719 414 766 novum
464 707 795 776 castrum,
848 695 1032 784 quod
1087 698 1327 766 beatus
1375 696 1754 784 Episcopus
1816 695 1962 764 suis
2024 695 2339 784 expensis
2396 694 2582 762 aedi-

50 786 367 867 ficaverat,
408 807 569 854 cum
608 784 862 854 intrare
902 783 1173 864 vellent,
1235 797 1310 853 ut
1344 784 1488 853 illic
1528 806 1783 873 corpus
1836 783 2137 854 lavarent
2190 796 2254 852 et
2302 803 2581 871 compo-

50 888 289 955 nerent,
348 887 644 963 negatus
681 887 781 943 est
829 873 1189 953 introituS,
1245 873 1511 953 timore,
1573 885 1648 942 ut
1707 873 2015 953 aestim0,
2070 872 2344 941 Henrici
2398 892 2582 939 nunc

51 964 305 1032 Comitis
340 963 427 1032 de
458 968 702 1031 Monte.
751 961 875 1031 Sed
916 961 1379 1051 Randulphus
1413 962 1603 1031 Prior
1638 962 2005 1030 Montensis
2055 961 2390 1041 coenobii,
2428 974 2584 1028 ante

51 1067 327 1120 castrum
380 1052 523 1120 illis
563 1052 885 1131 occurrit,
920 1073 1136 1137 eoque
1158 1050 1333 1119 duce
1355 1050 1437 1119 ad
1486 1051 1978 1119 monasterium
2031 1049 2424 1120 festinatum
2456 1063 2578 1118 est.

52 1144 333 1227 Cumque
389 1140 1027 1230 appropinquarent
1085 1140 1522 1219 monasteriO,
1555 1137 1798 1209 fratres
1827 1160 1983 1207 cum
2016 1144 2227 1209 Cruce
2252 1151 2315 1207 et
2365 1138 2584 1207 thuris

9 1228 266 1298 ‘suffitu
330 1230 434 1298 eis
487 1227 757 1297 obviam
860 1241 1316 1298 rocesserunt.
1374 1233 1667 1315 Corpore
1729 1249 1924 1297 sacro
1986 1228 2051 1295 in
2106 1227 2427 1297 feretrum
2501 1226 2584 1295 de

56 1340 241 1387 curru
287 1316 625 1407 deposito,
670 1317 788 1403 qui
844 1340 953 1387 am
983 1339 1019 1386 e
1050 1317 1441 1387 senioribus
1473 1316 1811 1386 Henricus
1862 1316 2163 1395 nomine,
2198 1337 2384 1384 nunc
2410 1314 2586 1403 ejus-

60 1404 190 1472 dem
225 1407 622 1476 monasterii
677 1407 886 1488 Prior,
943 1405 1313 1475 linteamen
1367 1404 1451 1474 de
1481 1406 1704 1494 capite
1741 1406 2063 1494 martyris
2097 1405 2404 1484 removit,
2443 1403 2586 1471 vul-

60 1507 179 1563 tum
225 1495 372 1584 ejus
423 1505 786 1564 cruentum
836 1508 903 1564 et
950 1494 1379 1564 confractum
1434 1492 1763 1564 fratribus
1797 1493 2184 1563 ostendens.
2233 1497 2379 1576 Quo
2415 1492 2580 1571 viso,

56 1580 385 1671 lacrymati
464 1597 624 1653 sunt
676 1582 915 1664 valde,
973 1598 1107 1653 tam
1158 1582 1394 1652 dilecti
1446 1583 1663 1672 patris
1714 1597 1968 1661 morte,
2022 1596 2086 1651 et
2136 1583 2250 1652 tali
2321 1594 2535 1650 morte
2567 1636 2581 1661 ,

62 1669 416 1759 plurimum
490 1672 931 1741 consternati.
1001 1670 1397 1762 Specialiter
1456 1672 1639 1741 enim
1704 1671 1817 1740 ille
1867 1671 2195 1741 dilexerat
2243 1677 2588 1740 Montense

58 1762 466 1839 coenobium,
503 1773 737 1850 utpote
771 1762 856 1830 ab
882 1761 1032 1850 ejus
1079 1760 1348 1850 proavis
1406 1759 1800 1829 fundatum.
1840 1760 2177 1830 Henricus
2215 1782 2371 1828 vero
2426 1780 2583 1828 cum

60 1848 133 1916 ob
159 1851 369 1919 cruris
415 1849 887 1919 infirmitatem
924 1871 1064 1919 uno
1115 1848 1284 1939 pede
1321 1862 1614 1927 nutaret,
1673 1849 1983 1937 cogitans
2038 1851 2308 1919 beatum
2363 1848 2584 1915 virum

62 1950 91 2003 a
145 1940 541 2009 nocentibus
589 1939 991 2007 innocenter
1038 1939 1370 2019 occisum,
1449 1936 1812 2007 brachium
1861 1938 2014 2024 ejus
2074 1937 2336 2006 nudum
2403 1936 2583 2005 nuda

70 2045 247 2096 manu
279 2027 524 2116 tetigit,
567 2040 632 2096 et
674 2026 874 2116 plena
910 2025 1042 2095 fide
1072 2026 1383 2095 eamdem
1421 2025 1966 2095 benedictionem
2005 2025 2087 2093 ad
2122 2047 2281 2094 crus
2318 2024 2586 2094 nudum

73 2117 526 2195 transmittens,
581 2115 875 2206 gradum
928 2115 1123 2205 pedis
1170 2114 1555 2184 vacillantis
1605 2115 1968 2183 roboravit.
2033 2118 2199 2183 Nam
2267 2115 2447 2182 sicut
2504 2112 2589 2181 ab

72 2199 194 2284 ejus
219 2226 326 2273 ore
381 2226 606 2294 nuper
652 2203 909 2284 audivi,
965 2205 1114 2293 ipsa
1158 2204 1323 2273 hora
1372 2204 1597 2292 coepit
1644 2202 1870 2271 lenius
1913 2203 2186 2283 habere,
2226 2215 2290 2270 et
2338 2200 2589 2290 grada-

70 2290 167 2387 tim
212 2293 561 2383 proficere.
618 2292 871 2362 Deinde
918 2313 1078 2362 curn
1142 2293 1422 2363 vocibus
1471 2291 1876 2381 lacrymosis
1937 2312 2191 2391 corpus
2242 2290 2312 2358 in
2370 2302 2588 2358 orato·

69 2398 219 2449 rium
278 2382 549 2453 illatum
601 2395 723 2463 est,
772 2395 837 2452 et
882 2380 1116 2467 eadem
1179 2396 1373 2452 nocte
1419 2380 1839 2468 quibusdam
1884 2378 2212 2449 fratribus
2258 2379 2592 2448 mirificae

68 2467 328 2542 visiones
362 2473 452 2541 de
491 2472 710 2561 gloria
754 2472 1076 2561 martyris
1117 2471 1185 2539 in
1239 2471 1502 2540 somnis
1534 2471 1802 2540 oblatae
1837 2482 2018 2538 sunt.
2067 2475 2304 2538 Postea
2338 2490 2588 2558 magno

70 2558 264 2629 studio
322 2583 583 2650 corpus
646 2561 799 2648 ejus
846 2561 915 2628 in
975 2560 1302 2629 coenobio
1353 2558 1568 2628 lotum
1621 2572 1685 2628 et
1731 2559 2183 2628 evisceratum
2243 2571 2366 2636 est,
2424 2558 2587 2624 mir·

68 2644 295 2735 rbaque
331 2662 401 2720 et
450 2648 590 2718 sale
623 2649 1005 2729 conditum,
1047 2661 1111 2717 et
1168 2648 1471 2717 vestibus
1523 2647 2065 2717 sacerdotalibus
2121 2647 2439 2716 decenter
2488 2647 2591 2714 in-

67 2732 303 2806 dutum.
348 2743 719 2808 Numerata
771 2751 913 2807 tum
980 2750 1142 2806 sunt
1183 2738 1251 2805 in
1315 2737 1637 2826 martyris
1685 2758 1968 2826 corpore
2022 2736 2588 2827 quadragintase-

72 2836 222 2910 ptem
253 2828 564 2906 vulnera,
602 2827 902 2917 exceptis
950 2825 1178 2915 parvis
1227 2825 1748 2915 punctionibus,

145 2913 353 2997 518.
418 2917 609 2985 Feria
668 2914 974 2986 secunda
1031 2915 1381 3004 pontificis
1443 2936 1696 3002 corpus
1752 2913 2099 2984 Coloniam
2165 2913 2588 3003 perducitur,

78 3009 132 3097 et
158 3001 228 3070 ad
266 3003 528 3094 gradus
563 3004 892 3075 ecclesiae
926 3016 1203 3073 sanctae
1243 3003 1359 3071 Dei
1400 3002 1789 3083 Genitricis,
1828 3024 1987 3071 cum
2036 3024 2337 3071 moerore
2387 3002 2595 3071 totius

80 3089 332 3162 civitatis
382 3093 752 3182 excipitur.
810 3099 1121 3176 Quantus
1158 3106 1314 3162 tum
1355 3091 1499 3160 illic
1532 3091 1738 3161 fuerit
1773 3092 2094 3181 gemitus,
2135 3090 2353 3170 dolor,
2403 3090 2597 3174 plan-

76 3187 201 3247 ctus
245 3182 699 3264 Clericorum,
754 3182 1017 3250 clamor
1063 3194 1129 3250 et
1175 3180 1487 3252 ululatus
1537 3202 1771 3249 eorum
1832 3179 1950 3265 qui
2015 3193 2208 3246 erant
2270 3179 2337 3246 in
2393 3178 2599 3246 mini-

76 3268 291 3349 steriis,
335 3271 557 3360 plebis
606 3270 857 3340 diversi
896 3293 1097 3340 sexus
1131 3283 1195 3339 et
1243 3269 1482 3339 aetatis
1523 3282 1780 3356 quanta
1833 3266 2245 3346 vociferatiO,
2305 3266 2598 3354 pastoris

75 3356 163 3454 sui
203 3375 482 3429 mortem
528 3359 1063 3448 deplorantium,
1107 3358 1464 3448 probitatis
1496 3359 1651 3446 ejus
1701 3356 1998 3446 insignia
2042 3376 2505 3424 commemora
2525 3375 2602 3419 n-

78 3455 248 3525 tium,
285 3464 348 3516 et
388 3447 733 3518 Friderico
783 3446 972 3517 mille
1024 3459 1273 3516 mortes
1323 3448 1414 3513 im
1477 3447 1883 3515 recantium:
1928 3444 2193 3512 nullius
2238 3465 2358 3511 vox
2410 3443 2601 3510 dice-

81 3553 174 3611 re,
234 3536 495 3607 nullius
545 3536 766 3607 stvlus
816 3537 1249 3606 conscribere
1298 3558 1380 3604 su
1438 3536 1578 3603 icit.
1634 3533 2150 3602 Praeserebatur
2200 3531 2442 3601 feretro
2496 3532 2598 3599 in-

84 3622 300 3705 terula,
342 3609 663 3714 martyris
715 3625 1057 3715 sanguine
1106 3633 1515 3714 purpurata,
1564 3645 1750 3710 quae
1790 3623 1872 3691 ad
1926 3621 2596 3691 commiserationem

86 3710 269 3779 movit
315 3715 696 3783 universos.
765 3720 896 3783 Nec
950 3714 1246 3793 mirum,
1295 3714 1351 3781 si
1405 3712 1680 3781 Colonia
1747 3725 1932 3779 tanto
2006 3724 2275 3798 pastore
2324 3707 2600 3775 viduata

86 3796 346 3894 planxit.
400 3808 555 3872 Erat
601 3803 785 3872 enim
859 3802 974 3871 ille
1024 3801 1323 3870 maxima
1385 3800 1707 3870 columna
1770 3799 2057 3888 templi,
2113 3799 2335 3867 honor
2398 3796 2594 3872 Cleri,

86 3900 238 3982 inter
283 3912 594 3978 proceres
646 3891 839 3980 regni
889 3891 1424 3970 famosissimus,
1470 3889 1729 3978 patriae
1784 3903 2017 3978 pater:
2072 3901 2137 3956 et
2186 3902 2260 3955 nt
2309 3887 2603 3956 breviter

82 3973 308 4057 dicam,
382 3980 675 4067 speciale
738 3980 951 4049 decus
998 3978 1127 4048 fuit
1200 3980 1548 4067 temporis.
1616 3983 1778 4046 Tam
1831 3990 2057 4047 autem
2112 3975 2335 4045 fidelis
2383 3975 2603 4042 fuerat

84 4064 394 4160 Ecclesiae
428 4069 559 4138 sibi
600 4069 1036 4148 commissae,
1077 4080 1154 4136 ut
1188 4067 1487 4154 quodam
1525 4077 1830 4155 tempore
1864 4066 1986 4135 uni
2020 4087 2055 4132 e
2089 4065 2422 4133 ministris
2457 4063 2601 4132 suis

9 4226 12 4237 ⁴
85 4148 348 4249 dixerit:
405 4180 438 4222 ‹<
490 4162 630 4226 Non
685 4168 758 4226 tu
811 4169 944 4226 tam
1000 4156 1339 4226 sollicitus
1387 4178 1483 4236 eS,
1531 4167 1608 4225 ut
1656 4154 1889 4223 liberis
1940 4154 2121 4233 tuis,
2185 4174 2355 4239 quos
2404 4152 2602 4220 unice

9 4278 12 4289 ι
86 4236 317 4330 diligis,
359 4244 659 4334 amplam
698 4245 1049 4333 relinquas
1082 4244 1595 4324 haereditatem,
1637 4265 1842 4329 quam
1888 4262 2013 4330 ego
2049 4240 2382 4309 sollicitus
2417 4263 2598 4319 snm,

86 4339 147 4392 ut
190 4330 460 4401 beatum
512 4339 783 4403 Petrum
846 4347 910 4403 et
978 4334 1350 4403 Ecclesiam
1405 4331 1560 4420 ejus
1605 4331 2017 4400 haereditate
2075 4329 2310 4397 ditem.
2363 4353 2396 4392 »
2448 4330 2603 4399 Rei-

9 4426 10 4441 *
89 4418 377 4499 publicae
417 4443 691 4509 quoque
735 4435 866 4492 tam
914 4422 1043 4492 fuit
1076 4421 1291 4502 utilis,
1332 4434 1406 4492 ut
1443 4440 1666 4505 neque
1701 4419 1992 4511 corpori,
2035 4440 2258 4506 neque
2291 4420 2604 4507 expensis
