2993 4837
32 322 138 385 ΟΥ.
193 322 278 385 28
682 335 763 384 Da
812 340 867 385 s.
923 338 1248 385 STEPHANo
1296 339 1563 386 sumone
1612 340 1800 386 mar.
2302 325 2428 388 7⁴7

31 423 137 491 uod
189 423 274 491 ad
327 423 745 492 Auxentiani
797 423 1048 493 montis
1100 422 1365 492 radices
1412 424 1620 492 situm
1673 437 1796 502 est,
1849 445 2124 492 summa
2179 425 2520 495 celeritate

31 511 427 581 roficiscere.
490 516 566 580 In
609 533 688 581 eo
736 512 920 581 enim
963 511 1303 599 quaedam
1355 512 2073 582 Immemorandorum
2126 528 2349 583 scorta
2389 516 2520 585 sub

31 601 227 669 letatis
293 612 662 690 praetextu
723 601 1008 690 degunt.
1071 606 1375 683 Quorum
1430 613 1506 670 tu
1553 621 1772 669 unum
1807 655 1821 682 ,
1866 603 1979 670 cui
2029 624 2278 672 nomen
2329 609 2520 672 Anna

31 703 82 764 ιι,
111 702 592 779 assumptum,
628 711 745 778 per
770 689 1086 778 publicos
1116 711 1330 776 equos
1361 711 1569 776 quam
1597 690 1953 759 celerrime
1983 691 2064 759 ad
2107 713 2228 762 nos
2260 692 2518 762 mitte.»

34 777 83 844 le
131 778 345 868 igitur
395 777 711 858 scelerati
765 779 969 868 Regis
1017 778 1411 847 sceleratior
1463 777 1865 868 praefectus
1900 779 2107 848 simul
2157 793 2361 868 atque
2410 781 2520 851 lit-

39 890 137 937 ras
175 867 478 956 accepit,
539 867 835 936 militum
878 869 1156 955 agmine
1196 868 1468 937 cinctus
1498 922 1512 947 ‚
1558 867 1640 935 ad
1696 869 2190 938 monasterium
2246 870 2520 959 profici-

31 955 194 1040 :itur,
240 974 323 1025 ac
375 978 618 1025 sacras
668 955 821 1024 illas
872 955 1197 1025 mulieres
1241 956 1471 1024 tertiae
1504 955 1710 1025 horae
1744 956 1985 1026 laudes
2035 962 2167 1027 Deo
2201 973 2522 1029 canentes

32 1045 263 1113 Tendit.
321 1044 699 1114 Confestim
754 1046 983 1130 itaque
1036 1046 1309 1124 militeS,
1355 1044 1615 1131 quibus
1673 1046 1818 1135 ipse
1866 1058 2102 1135 septus
2149 1037 2316 1126 efflat,
2373 1048 2522 1136 gla-

31 1132 114 1200 ios
159 1135 549 1222 stringunt,
588 1156 666 1202 ac
721 1133 969 1202 Christi
1019 1156 1308 1222 sponsas
1356 1133 1817 1202 circumdant.
1856 1139 1954 1203 Ita
2004 1134 2237 1204 divina
2288 1135 2525 1204 lauda-

31 1242 144 1290 one
189 1223 557 1292 incondito
606 1221 906 1291 clamore
940 1245 1359 1312 compressa,
1397 1222 1643 1292 Christi
1677 1222 1999 1303 famulae,
2030 1245 2169 1310 qua
2210 1224 2523 1314 sugerent

31 1331 100 1375 on
151 1310 514 1392 babenteS,
562 1312 807 1400 partim
859 1311 1040 1379 intra
1098 1312 1271 1380 sacri
1322 1310 1560 1380 altaris
1609 1311 1952 1380 cancellos
2001 1334 2148 1383 sese
2200 1313 2517 1402 protinus

31 1395 328 1480 bdebant,
367 1401 624 1490 partim
665 1400 1129 1468 venerandum
1169 1401 1442 1468 divinae
1493 1422 1771 1469 mensae
1831 1399 2108 1488 peplum
2166 1402 2517 1480 subibant,

32 1489 208 1555 artim
258 1490 345 1557 ad
386 1501 695 1558 montem
748 1510 1106 1558 excurrere
1141 1489 1514 1569 tentabant,
1554 1488 1669 1557 sed
1715 1488 1801 1558 ab
1838 1489 2350 1561 inevitabilibus
2385 1490 2524 1561 illis

34 1577 435 1648 raedonibus
490 1577 985 1647 retinebantur.
1035 1583 1341 1659 Quorum
1377 1578 1710 1667 impetum
1749 1577 1998 1646 domus
2033 1578 2222 1649 illius
2260 1579 2523 1669 praese-

31 1677 79 1730 ta
139 1668 429 1735 minime
496 1668 832 1757 ignorans
890 1666 1173 1755 (etenim
1234 1667 1301 1734 in
1367 1689 1492 1735 sua
1546 1665 1717 1734 cella
1766 1667 2212 1756 quiescebat),
2277 1668 2526 1738 mulier

31 1764 178 1821 etate
262 1755 503 1824 uidem
544 1767 881 1845 provecta,
918 1767 1260 1824 caeterum
1298 1756 1365 1823 in
1406 1754 1830 1843 perferendis
1870 1755 2225 1826 laboribus
2262 1771 2515 1847 vegeta,

32 1778 304 1929 ttrepiiio
355 1845 600 1914 animo
634 1844 717 1913 ad
770 1866 885 1913 eos
933 1845 1303 1932 egreditur:
1351 1858 1580 1931 atque:
1619 1867 1654 1910 «
1699 1843 1872 1926 Quid
1910 1845 2040 1913 ista
2090 1848 2517 1935 perpetratiS,

32 1931 210 2014 nquit,
244 1956 408 2002 cum
447 1932 820 2003 Christiani
873 1932 1063 2003 sitis?
1111 1933 1283 2015 Quid
1341 1934 1405 2000 in
1454 1932 1776 2002 mulieres
1825 1932 2061 2003 divino
2108 1934 2325 2004 cultui
2361 1957 2522 2004 con-

31 2033 283 2102 ecrataS,
338 2043 525 2108 quae
577 2021 838 2090 nemini
889 2044 1197 2108 unquam
1242 2021 1570 2110 injuriam
1613 2020 1824 2090 ullam
1865 2020 2115 2090 inferre
2173 2023 2239 2091 in
2291 2024 2523 2093 animo

31 2105 380 2198 tabuerunt,
426 2109 766 2199 impetum
820 2109 1121 2180 fecistis?
1172 2134 1206 2177 »
1257 2113 1338 2178 Hi
1389 2123 1616 2179 autem
1655 2110 2080 2179 venerandae
2123 2110 2313 2180 illius
2344 2135 2522 2183 anus

34 2193 342 2266 ibertatem
399 2220 846 2287 summopere
879 2199 1323 2279 admirantes,
1377 2213 1582 2285 atque
1614 2220 1763 2267 eam
1815 2200 2193 2268 antistitam
2237 2222 2386 2270 esse
2423 2201 2532 2269 in-

33 2280 370 2372 ettigentes,
418 2288 748 2356 insolenti
800 2288 916 2357 illo
960 2291 1219 2378 impetu
1269 2310 1395 2356 suo
1445 2286 1673 2356 statim
1727 2287 1792 2354 in
1847 2287 2193 2357 diversum
2233 2302 2516 2368 mutat0,

32 2389 116 2438 ton
160 2375 299 2445 sine
339 2376 645 2465 quodam
695 2377 953 2465 pudore
993 2399 1072 2448 ac
1110 2377 1479 2447 reverentia
1538 2375 1777 2446 leniter
1815 2376 1897 2445 ad
1951 2400 2103 2447 eam
2155 2377 2264 2449 his
2295 2379 2522 2449 verbis

33 2471 279 2533 ttuntur:
316 2489 353 2532 «
391 2472 659 2536 Annam
702 2467 1026 2555 Stephani
1059 2466 1394 2536 amasiam
1432 2466 1630 2534 nobis
1664 2466 1860 2535 dede.
1901 2472 2041 2536 Hoc
2082 2469 2265 2536 enim
2302 2474 2526 2558 Impe-

34 2553 213 2621 watoris
259 2555 569 2625 edictum
625 2556 862 2644 poscit.
904 2579 938 2622 »
991 2562 1145 2640 Ipsa
1193 2569 1420 2624 autem
1455 2577 1604 2623 eam
1645 2555 1979 2643 protinus,
2025 2578 2104 2624 ac
2138 2557 2513 2644 quamdam

34 2632 248 2710 lteram
299 2665 460 2712 curn
516 2666 618 2722 ea,
664 2644 941 2712 nomine
976 2644 1489 2733 Theophanam,
1530 2666 1912 2714 accersens:
1948 2668 1983 2711 «
2021 2646 2233 2725 Abite,
2276 2647 2519 2733 inquit.

34 2722 71 2819 tt}
110 2731 625 2818 Imperatorem5
678 2755 758 2800 ac
809 2733 1182 2822 prudenter
1218 2733 1350 2822 ipsi
1402 2732 1829 2821 respondete.
1871 2739 2250 2814 Caeterum,
2289 2735 2523 2820 quoad

33 2832 127 2894 jus
158 2816 297 2888 fleri
336 2821 607 2910 poterit,
702 2820 1151 2891 rovidendum
1207 2821 1397 2890 vobis
1439 2834 1563 2901 est,
1603 2842 1685 2889 ne
1722 2844 1840 2910 per
1868 2822 2180 2893 fraudem
2217 2823 2523 2910 aliquam

34 2920 64 2963 11
110 2909 416 2990 praedam
479 2910 620 2977 inci
675 2910 827 2985 atis.
868 2933 903 2977 »

78 2991 106 3074 ἓ
153 2998 301 3067 23.
356 3004 726 3085 Postquam
788 2999 1000 3087 igitur
1047 2998 1385 3067 abductae
1426 3011 1635 3079 sunt,
1698 3011 1899 3085 atque
1953 2998 2064 3067 ille
2111 3022 2228 3069 eas
2287 2999 2528 3070 adesse

36 3087 328 3168 :clupei-it,
383 3087 701 3175 disjungi
748 3088 835 3156 ab
886 3087 1176 3156 invicem
1215 3086 1456 3175 jubet;
1513 3109 1592 3156 ac
1641 3086 1891 3156 deinde
1923 3092 2211 3157 accitam
2262 3094 2525 3159 Annam

45 3162 75 3259 t]
110 3168 281 3242 hunc
318 3176 604 3245 modum
650 3176 942 3246 affatur:
1000 3200 1035 3241 «
1071 3176 1232 3244 Mihi
1283 3175 1563 3262 quidem
1615 3175 1807 3245 nullo
1841 3178 2125 3247 omnino
2161 3177 2364 3247 modo
2398 3177 2527 3246 du-

36 3274 169 3355 {tum
204 3277 323 3344 est,
362 3265 535 3351 quin
576 3287 652 3333 ea
687 3266 917 3333 omnia
960 3287 1115 3333 vera
1146 3265 1306 3345 sint,
1350 3286 1529 3351 quae
1562 3264 1647 3333 de
1688 3278 1749 3334 te
1781 3266 1864 3334 ad
1905 3288 2012 3335 me
2050 3266 2307 3356 perlata
2338 3280 2524 3337 sunt.

36 3357 321 3443 &terum
358 3375 439 3423 eo
475 3366 536 3422 te
584 3354 791 3423 acciri
832 3354 1040 3433 volui,
1092 3367 1168 3421 ut
1203 3367 1272 3422 tu
1306 3375 1583 3440 quoque
1623 3353 1834 3423 libere
1875 3377 1952 3422 ac
1986 3357 2308 3425 submota
2339 3356 2528 3425 omni

35 3423 533 3524 lissimulatione
572 3455 822 3512 cuncta
878 3442 1192 3532 detegaS,
1252 3442 1586 3511 nimirum
1630 3465 1932 3530 quonam
1999 3457 2193 3533 pacto
2246 3446 2530 3533 praesti-

35 3533 202 3599 {tator
248 3527 359 3598 ille
394 3554 473 3600 ac
517 3530 888 3601 sceleratus
941 3531 1077 3600 huc
1113 3544 1172 3599 te
1222 3530 1609 3612 adduxerit,
1653 3544 1728 3601 ut
1767 3547 1831 3602 et
1864 3532 2201 3602 bonorum
2256 3545 2528 3601 tuorum

36 3616 476 3687 »assessionem
517 3620 962 3706 relinqueres,
1002 3632 1065 3689 et
1109 3633 1460 3709 paternam
1509 3620 1931 3689 nobilitatem
1985 3642 2106 3711 pro
2148 3621 2365 3690 nihilo
2400 3621 2529 3691 du-

37 3711 192 3799 *ssfsss3
230 3724 306 3772 ac
347 3708 645 3795 denique
694 3709 872 3778 hanc
908 3708 1344 3779 tenebrarum
1390 3720 1642 3780 veStem
1688 3710 2030 3779 indueres.
2080 3711 2526 3800 Perspicuum

37 3781 290 3887 [ldeltcet
320 3810 444 3879 est,
475 3798 1062 3885 quemadmodum
1091 3798 1296 3868 etiam
1333 3820 1372 3867 a
1405 3798 1823 3885 quibusdam
1868 3798 2189 3879 intellexi,
2226 3800 2288 3867 id
2333 3799 2527 3869 illum

43 3867 117 3967 lb}
170 3878 417 3954 idcirco
479 3886 826 3967 suasisse,
881 3900 956 3956 ut
1019 3901 1078 3955 te
1135 3901 1485 3973 tamquam
1538 3899 1760 3957 scorto
1807 3889 2226 3957 abuteretur.
2284 3893 2531 3958 Verum
2598 3953 2602 3957 .

37 3960 151 4057 {ulfi
190 3971 456 4043 tandem
493 3977 562 4044 in
607 3998 685 4046 eo
728 3975 1221 4066 pulcritudinis
1258 3976 1684 4065 perspexisti,
1724 3988 1798 4045 ut
1835 3990 1907 4046 tu
1943 3978 2008 4044 in
2038 3999 2185 4045 eam
2217 3976 2528 4045 fraudem

44 4050 428 4153 sssslderes‘?»
477 4069 553 4134 At
610 4078 798 4134 casta
861 4065 977 4133 illa
1042 4065 1339 4141 mulier,
1398 4064 1717 4152 turpibus
1769 4066 1874 4134 his
1938 4066 2160 4134 verbis
2224 4066 2529 4134 auditis:

37 4134 258 4225 <,AbS¹t‚
304 4148 543 4238 inquit,
585 4158 988 4244 Imperator,
1027 4166 1104 4223 ut
1143 4154 1272 4222 hac
1307 4153 1391 4222 de
1431 4175 1641 4222 causa
1697 4166 2014 4242 paternas
2059 4176 2221 4243 opes
2271 4153 2533 4250 abjece7

38 4236 370 4326 ‘tm‚5³tque
394 4254 711 4312 ornatum
740 4265 1015 4312 omnem
1051 4242 1384 4324 exuerim,
1425 4255 1501 4310 ut
1526 4242 1830 4310 animam
1871 4264 2091 4311 meam
2131 4238 2533 4331 hujusmodi

50 4304 389 4395 tbidtnibus
429 4331 496 4399 in
534 4332 924 4401 servitutem
963 4331 1380 4401 addicerem.
1436 4335 1708 4411 Verum,
1760 4330 1875 4416 qui
1922 4331 2089 4399 haec
2139 4330 2223 4399 de
2261 4350 2368 4397 me
2415 4326 2534 4395 de-

40 4394 335 4494 ulerunt,
386 4431 464 4489 ut
498 4441 657 4491 cum
712 4420 960 4489 Davide
1010 4419 1296 4507 loquar,
1353 4433 1692 4489 acuerunt
1745 4419 2054 4508 linguam
2107 4439 2303 4488 suam
2356 4415 2535 4483 sicut
