2993 4837
518 298 601 361 78
1158 315 1236 359 ne
1284 315 1338 360 s.
1396 312 1714 359 nucula
1765 313 1863 358 ur.
1909 310 2254 358 atratinus
2695 295 2853 359 ΜΝ.
2893 297 2925 360 3

430 398 650 468 facere
685 397 826 466 vias
862 396 1082 466 vitae:
1139 396 1317 466 hauc
1375 394 1597 486 pluris
1637 394 1739 464 illi
1784 396 2185 465 existimans
2236 407 2510 465 ventosa
2548 395 2815 465 scientia
2844 396 2927 467 lit-

430 497 768 556 teraturae
800 484 1157 555 secularis.
1195 484 1287 554 Ad
1323 497 1693 572 utramque
1728 496 1951 553 tamen
1987 484 2150 554 huic
2192 505 2324 553 non
2366 483 2584 554 detuit
2616 484 2926 574 ingenium

430 596 554 665 pro
586 586 846 644 aetate:
903 573 972 642 in
1009 571 1267 643 scholis
1317 572 1600 654 litteras,
1647 572 1836 642 domi
1879 574 2187 643 timorem
2233 573 2500 642 Domini
2550 573 2926 654 docebatur,

427 676 491 733 et
523 662 947 751 quotidianis
988 661 1409 753 profectibus
1452 661 1960 752 respondebant
2006 661 2349 731 ambobus
2391 663 2557 731 satis
2583 717 2598 742 ,
2649 662 2932 753 magistro

426 765 491 821 et
535 753 755 821 matri.
810 756 1063 840 Nempe
1123 774 1160 820 a
1216 751 1559 852 principio
1620 773 1653 819 s
1709 751 1938 820 iritum
2000 749 2282 820 sbrtitus
2328 765 2430 819 est
2479 750 2776 831 bonum,
2844 773 2934 840 per

427 862 629 929 quem
659 854 802 911 erat
839 862 1009 929 puer
1037 839 1303 917 docilis,
1342 853 1405 908 et
1433 838 1659 908 amabi
1697 840 1753 908 is
1777 838 1992 919 valde,
2037 840 2207 908 mire
2240 838 2616 910 admodum
2653 839 2934 910 omnibus

431 952 550 1021 per
580 930 814 998 omnia
855 929 1221 1019 gratiosus
1279 928 1559 998 Bibebat
1592 940 1818 998 autem
1864 949 1985 1018 pro
2020 927 2193 998 lacte
2225 928 2307 998 de
2351 941 2622 1018 pectore
2667 942 2932 998 materno

427 1040 643 1106 aquas
692 1017 1066 1109 sapientiae
1127 1017 1494 1096 salutaris,
1562 1031 1627 1086 et
1690 1017 1896 1088 tiebat
1937 1016 2004 1086 in
2053 1016 2202 1087 dies
2251 1017 2476 1106 seipso
2541 1016 2929 1107 prudentior.

426 1107 856 1189 Prudentior,
895 1107 1147 1187 dicam,
1187 1128 1272 1175 an
1310 1106 1664 1177 sanctior?
1698 1121 2070 1193 utrumque
2100 1107 2157 1175 si
2192 1106 2450 1187 dixer0,
2494 1128 2629 1175 non
2671 1127 2775 1175 me
2808 1128 2934 1197 poe·

430 1195 692 1266 nitebit.
766 1196 1127 1280 Veritatem,
1180 1195 1364 1264 enim
1429 1195 1684 1264 dicam.
1751 1194 2002 1282 Agebat
2050 1217 2279 1265 senem
2344 1195 2658 1266 moribus
2689 1250 2704 1276 ,
2768 1196 2934 1272 annis

430 1306 623 1376 puer,
677 1307 919 1374 expers
969 1283 1285 1353 lasciviae
1319 1283 1714 1373 puerilis...
1755 1288 1896 1352 Non
1940 1296 2041 1352 est
2074 1282 2300 1353 dicere
2338 1284 2574 1353 omnia
2615 1306 2789 1371 quae
2816 1285 2934 1371 ejus

478 1373 771 1462 rincipia
804 1372 1030 1442 colore
1078 1372 1296 1441 bonae
1335 1372 1589 1441 indolis
1635 1371 2083 1448 decoravere:
2138 1372 2219 1442 ad
2275 1373 2559 1461 majora,
2606 1388 2810 1460 atque
2835 1372 2934 1442 uti·

430 1397 598 1532 iiora
646 1461 1090 1531 currendum.
1162 1465 1382 1529 Unum
1447 1473 1673 1530 tamen
1728 1461 1940 1530 refero
1995 1461 2275 1543 adhuc,
2336 1462 2516 1549 quod
2579 1462 2760 1542 hoc,
2821 1481 2936 1529 meo

474 1551 704 1620 uidem
731 1550 1025 1640 judicio,
1086 1570 1219 1618 non
1276 1549 1480 1620 modo
1520 1548 1760 1632 bonae,
1823 1550 1937 1619 sed
1997 1563 2062 1619 et
2106 1572 2398 1640 magnae
2455 1551 2522 1619 in
2571 1572 2787 1640 puero
2842 1549 2948 1620 ἀει

426 1574 603 1709 derit
638 1640 910 1730 insigne
949 1637 1120 1728 spei.
1174 1638 1450 1710 Excitus
1483 1637 1861 1726 aliquando
1890 1639 2214 1728 opinione
2253 1639 2621 1709 cu'usdam
2663 1637 2948 1730 magistri*

423 1730 597 1818 (erat
636 1728 818 1797 enim
871 1727 1177 1797 famosus
1217 1727 1285 1795 in
1328 1725 1768 1817 disciplinis,
1829 1749 2003 1815 quas
2051 1727 2294 1798 dicunt
2334 1661 2721 1813 liberales),
2765 1717 2948 1814 adiviti

428 1816 624 1886 illum
659 1816 970 1886 discendi
1018 1815 1417 1906 cupiditate.
1464 1816 1733 1908 Quippe
1765 1828 2066 1886 extrema
2095 1818 2242 1907 jam
2290 1818 2624 1905 pueritiae
2659 1809 2948 1908 captumst

426 1905 511 1976 ad
562 1928 677 1977 eas
713 1906 971 1975 litteras
1009 1903 1400 1974 anhelabat.
1454 1909 1731 1974 Intrans
1784 1927 1937 1976 vero
1993 1905 2276 1975 domum
2309 1960 2324 1987 ‚
2380 1906 2548 1975 vidit
2590 1907 2813 1977 virum
2857 1889 2948 1975 luel

425 1995 694 2065 dentem
747 1994 1019 2074 subula,
1074 1993 1473 2081 crebrisque
1522 1993 1901 2064 sulcantem
1955 1995 2285 2065 tractibus
2336 1996 2564 2066 nescio
2604 2019 2749 2084 quo
2783 1993 2948 2066 nota-l

427 2084 544 2154 bili
592 2084 794 2153 modo
840 2083 1192 2172 parietem.
1246 2087 1323 2151 Et
1362 2081 1506 2152 solo
1557 2082 1707 2152 visu
1739 2084 2044 2153 offensus
2088 2105 2258 2172 puer
2298 2085 2543 2163 serius,
2581 2085 2769 2173 quod
2805 2084 2930 2153 levi·

427 2186 626 2248 tatem
660 2173 1013 2252 redoleret,
1048 2170 1334 2241 resilivit
1359 2171 1446 2240 ab
1470 2192 1574 2249 eo,
1609 2193 1688 2240 ac
1718 2170 2044 2263 deinceps
2073 2172 2237 2242 illuc
2266 2194 2388 2242 nec
2418 2173 2649 2244 videre
2680 2173 2928 2245 curavit.

423 2268 521 2332 lta
542 2284 699 2331 cum
734 2273 910 2331 esset
943 2258 1499 2330 studiosissimus
1526 2259 1932 2342 litterarum,
1963 2283 2124 2351 prae
2150 2261 2434 2331 honesto
2462 2275 2690 2333 tamen
2723 2260 2934 2354 sprevit

421 2372 536 2420 eas
565 2350 835 2420 virtutis
874 2360 1159 2418 amator.
1199 2347 1341 2416 Tali
1425 2347 1672 2418 nodam
1711 2349 2069 2439 praeludio
2106 2372 2277 2441 puer
2310 2352 2848 2442 praeparabatur
2871 2347 2946 2427 ad,

420 2462 575 2509 eum
610 2440 728 2526 qui
779 2461 850 2508 se
901 2438 1221 2507 manebat
1268 2436 1337 2505 in
1401 2439 1634 2508 ortiori
1677 2451 1914 2519 aetate,
1978 2441 2376 2510 conflictum
2417 2464 2430 2508 ε
2480 2441 2773 2543 jamque
2817 2442 2930 2530 ipse

420 2528 886 2597 adversarium
928 2525 1359 2616 provocabat.
1423 2532 1501 2595 Et
1558 2526 1931 2597 Malachiae
1969 2529 2247 2616 quidem
2302 2530 2598 2619 pueritia
2648 2532 2750 2602 sic
2797 2542 2926 2599 erat.

422 2621 625 2686 Porro
658 2615 1189 2685 adolescentiam
1239 2615 1455 2685 simili
1499 2616 1810 2686 transivit
1849 2617 2292 2718 simplicitate
2346 2631 2411 2688 et
2452 2619 2788 2709 puritate:
2832 2614 2936 2686 nisi

419 2704 601 2790 quod
635 2717 980 2774 crescente
1008 2716 1245 2784 aetate,
1282 2703 1632 2774 crescebat
1661 2704 1872 2775 simul
1910 2706 2010 2774 ilh
2053 2708 2386 2797 sapientia
2422 2720 2487 2777 et
2526 2710 2751 2798 gratia
2784 2701 2932 2798 apud

426 2798 631 2862 Deum
666 2807 729 2861 et
765 2794 1099 2863 homines.
2943 2828 2944 2831 =

508 2885 543 2969 ξ
590 2887 669 2952 ⁷1.
725 2882 899 2951 Hinc
929 2881 1102 2970 jam,
1139 2881 1206 2950 id
1241 2894 1363 2962 est,
1411 2882 1501 2951 ab
1533 2883 1814 2952 ineunte
1846 2882 2304 2954 adolescentia
2335 2884 2512 2972 eJuS,
2557 2887 2789 2976 coepit
2821 2884 2944 2953 ma?

424 2971 737 3042 nifestius
760 2992 1113 3061 apparere,
1151 2970 1316 3058 quid
1358 2984 1537 3042 esset
1566 2971 1630 3039 in
1669 2970 1970 3051 homine,
2008 2986 2073 3042 et
2100 2973 2321 3063 gratia
2355 2974 2469 3042 Dei
2509 2975 2572 3044 in
2606 2974 2729 3044 illo
2759 2992 2930 3042 vacua

421 3079 552 3128 non
598 3059 832 3129 videri.
891 3059 1137 3129 Videns
1165 3060 1350 3129 enim
1405 3059 1793 3129 industrius
1831 3060 2253 3141 adolescenS,
2305 3063 2487 3149 quod
2543 3064 2608 3132 in
2657 3063 2820 3133 mali
2871 3078 2931 3128 no

325 3187 328 3190 ·
420 3148 725 3219 mundus
761 3148 1023 3239 positus
1044 3149 1153 3229 sit,
1185 3162 1247 3218 et
1273 3149 1584 3249 cogitans
1609 3147 1884 3235 qualem
1910 3150 2229 3239 spiritum
2266 3085 2920 3241 accepisset‚dice{at

418 3239 593 3307 intra
626 3260 741 3307 se:
798 3261 831 3302 «
867 3242 1008 3307 Non
1065 3251 1165 3307 est
1221 3237 1509 3326 spiritus
1559 3237 1770 3327 hujus
1821 3238 2064 3307 mundi
2110 3239 2256 3311 iste.
2304 3240 2476 3322 Quid
2524 3241 2660 3322 isti,
2702 3255 2770 3311 et
2806 3239 2932 3308 illi?

416 3332 510 3396 No
637 3341 698 3396 st
735 3326 1025 3396 societas
1071 3325 1264 3396 alteri
1319 3325 1404 3395 ad
1456 3326 1791 3405 alterum,
1847 3348 1980 3396 non
2036 3327 2193 3418 plus
2224 3350 2429 3415 quam
2472 3329 2608 3399 luci
2650 3331 2737 3399 ad
2780 3344 2930 3399 tene·

413 3417 534 3487 bra
584 3473 596 3484 .
641 3421 826 3485 Meus
863 3438 943 3484 ex
980 3420 1110 3484 Deo
1140 3427 1262 3495 est,
1298 3427 1362 3484 et
1402 3415 1544 3483 scio
1583 3436 1758 3503 quae
1793 3416 1860 3483 in
1905 3415 2022 3486 illo
2061 3415 2311 3487 donata
2352 3431 2514 3487 sunt
2557 3419 2753 3489 milii.
2790 3415 2926 3486 Inde

416 3505 584 3573 mihi
618 3504 887 3574 interim
930 3503 1158 3573 adhuc
1191 3503 1581 3573 innocentia
1612 3503 1805 3584 vitae,
1845 3503 2004 3572 inde
2038 3505 2500 3576 continentiae
2530 3507 2766 3587 decus,
2797 3503 2927 3573 inde

404 3594 712 3681 justitiae
753 3593 991 3671 fames,
1038 3591 1198 3661 inde
1229 3613 1505 3680 quoque
1547 3592 1661 3661 illa
1695 3614 1773 3662 eo
1804 3594 2130 3665 securior.
2170 3617 2306 3681 quo
2339 3597 2683 3676 secretior,
2738 3592 2924 3685 gloria

414 3704 561 3752 mea
604 3693 706 3752 est
757 3682 1220 3751 testimonium
1280 3682 1740 3751 conscientiae
1790 3703 2000 3752 meae.
2056 3683 2160 3752 Nil
2213 3683 2459 3753 horum
2507 3686 2679 3754 mihi
2731 3696 2921 3754 tutum

412 3774 541 3842 sub
579 3771 888 3862 principe
919 3771 1186 3840 mundi.
1226 3770 1476 3841 Deinde
1509 3771 1727 3841 babeo
1766 3770 2162 3841 thesaurum
2202 3772 2390 3842 hunc
2425 3772 2493 3841 in
2537 3774 2730 3843 fictili
2765 3791 2916 3838 vase.

408 3859 789 3929 Verendum
828 3882 909 3929 ne
945 3860 1305 3950 impingat,
1343 3871 1409 3929 et
1441 3859 1818 3950 frangatur,
1849 3874 1914 3929 et
1938 3860 2333 3947 effundatur
2365 3861 2590 3932 oleum
2632 3860 2916 3931 laetitiae.

408 3948 590 4035 quod
634 3964 846 4038 porto.
902 3953 978 4018 Et
1008 3948 1286 4036 quidem
1342 3970 1473 4017 non
1515 3948 1897 4038 impingere
1948 3951 2121 4020 inter
2160 3973 2321 4018 saxa
2360 3965 2423 4020 et
2478 3951 2793 4041 scopulos
2834 3945 2917 4014 di-

410 4050 657 4107 stortae
695 4051 759 4107 et
806 4037 1279 4108 anfractuosae
1320 4037 1463 4106 viae
1498 4050 1561 4105 et
1597 4037 1768 4105 vitae
1812 4037 2040 4126 liujus,
2087 4038 2605 4109 difficillimum.
2654 4045 2831 4108 Itane
2863 4035 2914 4101 in

411 4140 752 4196 momento
787 4127 1062 4214 perdam
1101 4127 1304 4195 simul
1357 4147 1620 4205 omnes,
1674 4126 1930 4212 quibus
1963 4128 2048 4196 ab
2087 4128 2280 4196 initio
2319 4143 2721 4217 praeventus
2755 4144 2938 4197 sum„

411 4215 918 4284 benedictiones
965 4215 1402 4285 dulcedinis?
1454 4215 1748 4303 Resigno
1801 4214 1897 4282 illi
1951 4216 2200 4304 potiuS,
2255 4240 2293 4285 a
2328 4238 2466 4304 quo
2501 4231 2681 4297 sunt,
2721 4228 2782 4284 et
2827 4230 2912 4278 me

409 4304 682 4395 pariter.
739 4308 815 4372 Et
870 4325 994 4393 ego
1056 4305 1236 4372 enim
1304 4304 1549 4393 ipsius.
1606 4303 1816 4372 Perdo
1882 4304 2100 4393 ipsarn
2152 4306 2239 4374 ad
2307 4319 2578 4396 tempus
2635 4304 2906 4375 animam

411 4414 629 4463 meam
663 4448 677 4474 ‚
736 4413 816 4459 ne
866 4391 1143 4481 perdam
1199 4392 1263 4458 in
1326 4406 1708 4497 aeternum²
1763 4382 1858 4462 Et·
1881 4393 2059 4479 quod
2115 4415 2267 4463 sum
2303 4450 2317 4474 ,
2386 4408 2448 4464 et
2501 4417 2675 4483 quae
2721 4389 2910 4461 habeo
