2993 4837
427 312 591 380 970*
1077 331 1603 379 mauriaceni-*mu
1654 332 2084 382 ILLUSTRATUM
2476 315 2652 381 Nov.
2701 318 2810 382 ln
2841 319 2872 381 Ξ

343 411 766 475 tantummodo
817 412 1171 490 subjiingit:
1238 437 1261 466 α
1301 414 1512 489 Agunt
1540 412 1614 473 de
1671 411 2051 476 Francorum
2115 414 2319 493 Regis.
2383 417 2580 493 (Vide
2631 418 2870 487 surium,

342 493 439 553 his
486 496 670 555 etiam
718 490 927 554 Graeci
978 492 1088 554 hac
1117 493 1215 553 die
1246 495 1308 554 in
1342 492 1614 555 Menolo-
1670 508 1809 570 pag.
1855 492 1977 573 34).

343 574 533 646 8103»
585 589 697 634 nec
737 572 852 634 alia
897 573 1166 648 reperire
1210 573 1359 634 mihi
1403 573 1614 634 datum

344 654 481 715 fuit.
1831 652 1896 716 S.
1943 653 2364 717 SEVERINUS
2408 656 2714 718 momenta

420 809 522 872 ss,
568 808 901 874 JOANNES
943 809 1046 870 Ep.
1091 826 1162 870 m
1206 807 1534 873 JACOBUS
2027 754 2280 820 gamm
2319 759 2575 821 “merw-

707 900 1063 960 Pnesmrrssn
1104 897 1242 960 MM.
1748 892 2103 955 Manrrnoi..
2150 928 2226 938 --
2259 893 2491 957 Tibure
2529 895 2699 956 sancti
2725 891 2833 953 Sm-

1674 990 1800 1034 mm
1845 974 2142 1035 Monachi.

1752 1053 1893 1130 Ejus
1920 1055 2338 1114 meminerunt
2369 1053 2526 1115 Beda
2552 1102 2566 1126 ,
2598 1050 2846 1114 anaras.

422 1132 784 1192 Manrvnoi..
824 1165 899 1175 -
949 1128 1016 1189 In
1044 1128 1239 1191 Persia
1268 1136 1613 1191 sanctorum
1673 1133 1800 1194 Ado
1829 1141 1887 1193 et
1914 1134 2039 1194 alii.
2070 1131 2396 1195 Conditum
2430 1150 2557 1195 esse
2582 1139 2702 1208 ejus
2738 1146 2853 1189 veae

340 1209 672 1288 Martyrum
719 1210 964 1272 JOANNIS
1001 1209 1273 1287 Episcopi
1306 1218 1369 1271 et
1398 1210 1613 1272 Jacom
1671 1211 1860 1273 rabile
1899 1228 2118 1291 corpus
2163 1212 2392 1276 Tibure
2421 1214 2496 1276 ad
2527 1213 2584 1274 S.
2623 1211 2864 1275 Lam-emi¹

343 1289 684 1369 Presbyteri
727 1290 840 1351 sub
885 1288 1110 1365 sapore
1150 1288 1332 1365 Rege.
1670 1290 1927 1354 affirmat
1955 1292 2264 1354 Baronius.

340 1372 391 1437 l*
423 1369 631 1432 Graeci
681 1369 754 1430 de
805 1369 1019 1429 iisdem
1069 1369 1135 1429 in
1182 1367 1527 1445 Menologio
1555 1386 1611 1430 a·

341 1457 516 1527 gunt.
576 1449 873 1511 Baronius
932 1463 1111 1524 porro
1172 1449 1234 1507 in
1267 1447 1614 1512 Annalibus
1790 1450 1851 1514 S.
1898 1450 2399 1514 MATHURINUS
2441 1451 2788 1514 Coxressoa.

342 1532 611 1607 ipsorum
640 1530 894 1590 nomina
926 1533 1168 1589 tantum
1198 1530 1433 1590 recitat.
1849 1554 2108 1621 pmlmb,
2140 1558 2381 1619 saeculo
2413 1560 2506 1621 ιν
2527 1556 2749 1635 fromn,

455 1007 639 1069 Passi
675 1014 821 1069 sum
866 1006 1036 1066 circa
1078 1021 1317 1066 annum
1358 1005 1495 1068 344.

743 1682 1214 1747 SS·CYREN1A
1750 1689 1814 1751 In
1863 1706 2016 1769 pago
2071 1691 2466 1763 Wastinensi,
2521 1695 2584 1753 in
2624 1691 2885 1755 east-iiim

661 1794 734 1838 ετ
777 1772 1101 1836 JULIANA
1144 1775 1286 1836 MM.
1671 1769 2004 1833 Galliarum
2035 1772 2313 1847 regione,
2356 1789 2516 1849 quae
2561 1772 2740 1849 vulgo
2765 1770 2890 1833 Gaiu-

449 1884 752 1962 Martyrio
793 1880 1109 1942 decoratae
1151 1898 1313 1943 anno
1356 1880 1492 1943 305·
1668 1852 1817 1940 nais
1850 1858 2264 1942 nuncupatur,
2316 1851 2480 1942 diem
2535 1868 2714 1912 suum
2758 1852 2885 1912 obiit.

1746 1929 2003 1992 Videtur
2041 1948 2087 1991 ts
2117 1946 2390 2007 primum
2423 1930 2715 1993 idolorum
2743 1929 2886 1990 culta·

425 2008 786 2069 MAn'rrnoi..
845 2038 923 2051 -—-
985 2004 1198 2067 Tharsi
1263 2014 1608 2068 sanctorum
1673 2011 1877 2072 fuisse.
1939 2008 2305 2084 Caeterum,
2363 2010 2493 2087 ejus
2545 2020 2700 2089 gesta
2759 2010 2887 2070 valae

344 2087 657 2154 CYRENJAE
681 2096 746 2150 et
767 2088 794 2149 J
805 2101 1074 2149 υιιΑΝΑΕ
1103 2084 1216 2147 sub
1244 2086 1612 2149 Maximiano
1668 2095 1811 2151 sunt
1840 2089 2089 2150 obscura
2124 2088 2888 2165 incertaque—Mallium:

343 2168 734 2244 Imperatore.
1669 2169 1856 2230 vocati
1883 2168 2051 2230 fuere
2083 2168 2325 2230 Fratres
2356 2167 2594 2230 Ordinis
2619 2169 2684 2230 S.
2714 2168 2889 2229 Mariae

417 2250 566 2309 Acta
597 2248 814 2308 barum
845 2247 1183 2325 Martyrum
1220 2252 1474 2307 testatur
1508 2247 1612 2307 Ba·
1668 2249 1741 2310 de
1757 2249 2028 2311 Mercede
2044 2248 2501 2326 Redemptionis
2526 2249 2890 2326 Captivorum,

342 2328 553 2388 ronius
590 2328 771 2387 certis
798 2328 1143 2403 consignata
1178 2325 1356 2386 luisse
1387 2322 1613 2386 Consu·
1669 2335 1981 2405 postquam
2035 2329 2177 2406 ipsis
2225 2328 2516 2393 Ecclesia.
2542 2332 2764 2406 quaein
2804 2327 2888 2385 Pa-

342 2406 521 2469 libus.
557 2407 638 2468 De
666 2407 896 2469 eisdem
926 2413 1118 2485 agunt
1148 2404 1355 2468 Graeci
1390 2406 1453 2466 in
1484 2405 1605 2467 Me·
1670 2409 1954 2469 risioruin
2011 2408 2163 2469 urbe
2191 2418 2346 2480 erat,
2378 2407 2439 2469 S.
2479 2409 2786 2470 Mamurius)
2809 2407 2887 2466 di·

344 2487 607 2566 nologio.
1668 2495 1814 2559 cata,
1848 2504 2006 2549 anno
2039 2487 2212 2561 1128,
2244 2488 2365 2551 fuit
2393 2505 2680 2550 concessa.

430 2640 492 2706 S.
542 2643 1126 2707 AUSTREMONIUS
1169 2643 1518 2705 Episcopus.
1718 2673 1954 2722 Quaero
1984 2675 2173 2716 noxas
2693 2674 2842 2715 men

797 2755 1052 2817 Saeculo
1099 2755 1144 2815 Ῑ.
1958 2764 1963 2769 ·
2724 2809 2733 2816 .

1746 2807 2103 2868 MAnTrnoi..
2152 2837 2228 2849 —-
2279 2804 2764 2867 commemoratio
2785 2818 2881 2864 om·

422 2879 777 2941 Manrvnoi..
827 2913 901 2923 —
933 2878 1229 2940 Arvernis
1276 2879 1463 2940 sancti
1500 2879 1609 2938 Au·
1667 2887 1840 2947 nium
1876 2887 2147 2947 fidelium
2180 2886 2652 2948 Desuneiornm,

342 2975 660 3020 srnssmoxu
740 2960 918 3037 primi
999 2958 1270 3036 eJ‘usdem
1348 2958 1612 3019 civitatis
1746 2966 1877 3027 Non
1928 2973 2210 3028 recenter
2257 2973 2546 3027 statutum
2582 2968 2696 3027 fuit
2734 2962 2886 3025 infic-

344 3038 643 3116 Episcopi.
1665 3045 1867 3114 clesia,
1893 3054 1957 3106 ut
2003 3061 2107 3119 pro
2146 3044 2463 3106 Defunctis
2505 3060 2889 3110 commemonz·

419 3127 883 3188 Austremonius
915 3124 1099 3198 vulgo
1120 3124 1462 3203 appellatur
1484 3126 1609 3186 Au·
1670 3126 1863 3186 tiones
1918 3128 2377 3187 anniversariae
2436 3139 2777 3202 agerentur.
2825 3122 2885 3181 Ex

337 3206 679 3267 stremoine.
704 3206 909 3267 Unum
939 3222 972 3266 e
1002 3203 1079 3266 70
1101 3204 1411 3281 discipulis
1440 3204 1610 3265 Chri·
1669 3205 1964 3281 majorum
2023 3206 2350 3266 traditione
2381 3250 2397 3275 ,
2454 3205 2663 3282 inquit
2715 3201 2885 3266 Terta}

339 3286 435 3356 sti,
487 3292 590 3348 aut
640 3294 804 3347 certe
851 3303 881 3348 a
933 3285 993 3345 S.
1025 3283 1201 3345 Petro
1233 3284 1517 3362 Apostolo
1548 3286 1610 3345 in
1669 3283 1866 3346 lianus
1891 3285 1978 3346 De
2008 3301 2208 3345 coron.
2252 3284 2460 3357 milit.,
2496 3301 2604 3360 pro
2634 3285 2882 3346 Defunctzs

341 3363 560 3427 Gallias
607 3365 859 3427 missum
899 3363 1106 3433 ruisse.
1140 3365 1294 3424 inter
1323 3363 1491 3438 alios,
1528 3371 1608 3424 te·
1665 3379 1867 3425 annua
1901 3364 2000 3425 die
2031 3363 2303 3425 facimus.
2335 3364 2417 3426 De
2467 3364 2692 3426 iisdem
2741 3362 2880 3425 Anni·

340 3452 534 3506 statur
584 3443 642 3506 S.
700 3443 1030 3523 Gregorius
1075 3442 1466 3505 Turonensis,
1500 3442 1606 3505 Ur·
1669 3443 1946 3504 versariis
1975 3444 2165 3520 repeti
2197 3444 2505 3505 consuetis
2531 3443 2878 3518 &Gregoria

344 3523 474 3584 bico
502 3524 613 3587 sibi
646 3526 709 3585 in
741 3538 1148 3585 successorem
1196 3522 1438 3598 adscito,
1468 3522 1599 3584 icio·
1666 3519 2075 3585 Nazianzenus
2123 3523 2187 3584 in
2238 3520 2523 3585 Oratione
2584 3525 2654 3585 in
2707 3524 2876 3585 Fun&

340 3604 554 3665 dorum
597 3603 805 3681 (vulgo
863 3603 1103 3677 Issoire)
1160 3601 1448 3675 secessit,
1504 3602 1606 3665 ubi
1664 3599 1921 3666 Caesarii
1968 3601 2174 3664 fratris
2223 3602 2369 3665 liaec
2417 3604 2534 3666 ait:
2584 3626 2612 3655 ι
2648 3603 2776 3665 Alia
2801 3615 2878 3679 pef-

339 3691 621 3744 mortuus
663 3690 726 3744 et
752 3701 813 3744 se
861 3683 1021 3743 ultus
1061 3682 1192 3743 fuit.
1222 3681 1307 3756 (S.
1354 3680 1606 3761 Gregor.
1664 3679 1981 3758 solvimus,
2013 3683 2124 3744 alia
2158 3683 2355 3745 daturi
2389 3687 2882 3754 sumus,anuiv÷s·

338 3761 568 3823 Toron.
616 3763 703 3824 De
761 3763 811 3826 G
871 3762 969 3824 ria
1016 3759 1462 3838 confessorum,
1508 3779 1607 3825 ca·
1662 3764 1846 3823 sarios
1891 3764 2059 3823 enim
2111 3764 2371 3824 honores
2408 3771 2470 3824 et
2497 3775 2884 3824 commemora·

335 3848 448 3918 put
492 3844 667 3921 xxx).
1667 3843 1862 3902 tiones
1904 3841 2255 3914 offerenteS,
2302 3849 2362 3903 et
2408 3843 2447 3902 ii
2487 3843 2740 3919 quidem
2773 3851 2886 3924 certe

1663 3922 1764 3994 qui
1808 3922 2158 3999 superstites
2187 3921 2648 3998 relinquentur.
2693 3942 2720 3980 »
2759 3919 2886 3980 Satis·

420 4002 773 4064 Manrvnon.
846 4034 924 4046 -
997 3999 1242 4060 Parisiis
1312 4000 1608 4077 depositio
1707 4016 1780 4061 ue
1817 4003 1894 4062 sit
1924 4001 2101 4062 modo
2132 4008 2262 4063 tum
2293 4018 2363 4063 ex
2413 4000 2635 4063 Latino
2661 4050 2677 4074 ,
2711 4009 2817 4060 tum
2836 4011 2886 4056 ex

338 4085 530 4144 sancti
584 4082 898 4143 Manet-:m
947 4079 1243 4158 Episcopi.
1288 4079 1467 4158 (Vide
1499 4081 1609 4145 Su·
1716 4096 1891 4141 raeco
1942 4080 2202 4142 Auctore
2253 4082 2401 4142 haec
2450 4092 2823 4142 monstrasse.
2845 4085 2886 4134 ut

340 4163 534 4232 rium,
578 4178 718 4241 pag.
765 4158 890 4240 26).
1667 4167 1788 4220 tam
1822 4162 1885 4220 in
1913 4158 2304 4230 occidentali,
2332 4176 2520 4238 quam
2554 4161 2619 4222 in
2648 4153 2882 4221 Orientah

1662 4238 1921 4302 Ecclesia
1968 4239 2191 4301 isthaec
2221 4241 2316 4319 pie
2365 4239 2768 4319 religioseque
2801 4250 2883 4295 ser

418 4320 783 4381 MAnTYnoL.
811 4353 891 4364 —
936 4317 1166 4394 Bajocis
1210 4320 1399 4380 sancti
1430 4318 1608 4380 Vico·
1665 4320 1795 4380 vari
1826 4321 2198 4381 consuevisse
2229 4318 2683 4398 intelligantur.
2715 4318 2782 4380 L't
2814 4330 2882 4375 aa·

341 4411 435 4457 ms
502 4398 817 4476 Episcopi,
894 4406 1163 4475 tempore
1236 4398 1604 4461 childeberti
1689 4415 1787 4461 em
1847 4416 1968 4461 una
2023 4397 2360 4478 eademque
2415 4402 2515 4463 die
2579 4392 2878 4463 universali-³
