2993 4837
53 317 184 383 lOV.
238 319 317 382 ⁴5
625 337 702 382 nn
747 336 842 382 ss,
897 335 1172 393 suom,
1229 335 1422 382 enata
1472 333 1556 382 tirw
1598 336 1762 382 anisi
1812 338 1923 383 ux.
2325 321 2451 383 497

52 423 87 490 'a
113 423 268 509 filiis
299 421 674 499 hominum,
730 421 802 488 in
845 422 1087 510 quibus
1122 443 1252 489 non
1283 430 1380 489 est
1415 423 1606 489 salus
1649 421 1785 509 (Ps.
1828 421 2006 507 ⁴45).
2044 421 2308 503 Quibus
2330 421 2545 510 judex

51 509 97 578 id
142 531 458 598 magnam
514 530 852 578 accensus
896 509 1261 588 insaniam,
1295 508 1489 597 jubet
1526 530 1787 590 omnes,
1840 511 1961 596 qui
2003 509 2255 578 habent
2302 509 2370 578 in
2425 509 2545 578 ho-

52 619 169 666 iore
213 598 621 698 religionem
674 597 1128 666 Christianam
1156 650 1171 678 ,
1216 610 1578 683 sequentes
1616 598 1996 666 doctrinam
2033 598 2282 667 Guriae
2320 612 2385 668 et
2435 602 2476 668 S
2521 620 2558 666 a

51 708 266 768 nonae,
303 686 518 756 simul
552 708 710 756 curn
750 686 858 764 iis,
896 686 1016 772 qui
1049 707 1166 755 eos
1192 686 1277 754 ad
1326 686 1389 754 id
1421 686 1863 767 inducebant,
1892 687 2447 774 comprehensos,
2482 685 2548 754 in

50 790 147 844 uta
195 775 459 844 includi
503 772 843 844 custodia.
895 780 933 844 J
944 795 1149 844 ussus
1196 787 1421 843 autem
1459 774 1544 844 ad
1580 775 1891 844 effectum
1942 789 2043 843 est
2074 774 2436 855 deductuS‚
2489 790 2554 845 et

49 879 198 954 >apta
243 866 612 934 occasione
643 918 658 943 ,
709 884 869 932 cum
928 862 1085 934 aliis
1132 863 1409 949 quidem
1477 886 1555 932 ex
1609 864 1715 933 his
1778 863 2017 953 plagas
2067 863 2545 950 imposuisset,

49 953 178 1022 ilios
221 966 447 1022 autem
496 952 658 1021 aliis
706 952 1063 1021 tormentis
1097 953 1527 1039 subjecisset,
1576 964 1641 1020 et
1680 964 1755 1021 ut
1797 953 2238 1042 Imperatoris
2285 953 2553 1024 decreto

49 1044 339 1116 sererent,
376 1041 714 1111 suasisset
743 1063 759 1120 ;
805 1054 1154 1128 tamquam
1188 1041 1306 1127 qui
1344 1040 1638 1129 benigne
1667 1053 1733 1108 et
1763 1040 2133 1109 clementer
2165 1063 2236 1109 se
2265 1056 2546 1132 gereret,

49 1130 179 1199 ilios
206 1131 487 1218 quidem
534 1130 698 1197 sinit
728 1129 1013 1198 domum
1050 1129 1239 1199 abire
1270 1153 1284 1194 t
1338 1143 1613 1198 sanctos
1655 1141 1881 1198 autem
1920 1141 1998 1198 ut
2031 1129 2310 1219 pr'imos,
2341 1144 2407 1200 et
2431 1133 2553 1218 qui

47 1219 319 1318 pietatem
362 1218 526 1288 aliis
577 1218 1112 1307 impertiissem,
1163 1219 1370 1303 jussit
1416 1217 1645 1286 adhuc
1694 1217 1905 1306 affligi
1958 1221 2022 1286 in
2065 1240 2378 1299 carcere,
2433 1222 2553 1307 qui

47 1309 146 1397 ipsi
176 1330 444 1395 quoque
480 1307 797 1397 martyrii
830 1307 1222 1397 gaudebant
1270 1307 1610 1375 societate.
1664 1306 2047 1376 Audiebant
2076 1307 2261 1376 enim
2297 1308 2363 1375 in
2398 1309 2554 1380 aliis

47 1398 376 1488 provinciis
406 1398 671 1467 multos
704 1395 910 1477 idem,
942 1395 1121 1483 quod
1156 1397 1310 1483 ipsi,
1345 1408 1690 1463 cartamen
1721 1397 2140 1484 suscepisse:
2187 1418 2266 1465 ex
2298 1400 2556 1483 quibus

48 1501 160 1554 erat
203 1486 640 1575 Epiphanius
668 1497 733 1554 et
768 1489 1027 1565 Petrus,
1064 1497 1130 1553 et
1163 1495 1641 1552 sacrosanctus
1674 1484 2078 1573 Pamphilus
2116 1505 2274 1554 cum
2321 1486 2558 1555 multis

46 1572 173 1643 aliis
210 1575 271 1642 in
314 1581 648 1643 Caesarea
685 1572 1125 1648 Palaestinae.
1170 1573 1567 1641 Timotheus
1606 1576 1841 1654 Gazae,
1888 1573 1956 1640 in
1992 1595 2243 1662 magna
2277 1574 2558 1645 Alexan-

48 1660 165 1730 dria
201 1663 625 1742 Timotheus,
682 1667 1021 1750 agapetus
1071 1660 1618 1740 Thessalonicae,
1664 1662 2049 1751 Hesychius
2097 1664 2554 1744 Nicomediae,

50 1750 374 1840 Philippus
410 1748 882 1839 Adrianopoli,
938 1749 1275 1818 Melitinae
1309 1754 1570 1826 Petrus,
1612 1755 1915 1830 HermeS,
1959 1766 2023 1819 et
2068 1753 2219 1842 ejus
2267 1754 2436 1822 socii
2487 1755 2557 1823 in

50 1839 333 1909 confiniis
383 1838 909 1926 Martyropolis:
963 1840 1082 1925 qui
1131 1838 1411 1908 fuerunt
1457 1840 1661 1907 etiam
1716 1840 2013 1908 redimiti
2070 1845 2322 1910 corona
2379 1863 2561 1910 mar-

50 1927 178 2018 tyrii
204 1950 237 1996 a
284 1935 464 1999 Duce
506 1927 913 1996 Heracliano
944 1949 1103 1996 cum
1133 1927 1289 1997 aliis
1319 1927 1850 2006 consessoribus,
1881 1950 2177 2015 quorum
2211 1943 2311 1997 est
2343 1932 2562 2021 maj0r

52 2025 372 2099 uumerus,
410 2038 626 2105 quam
663 2028 739 2085 ut
774 2017 984 2107 possit
1015 2017 1099 2085 ad
1141 2030 1440 2086 nostram
1480 2017 1708 2085 venire
1746 2017 2232 2106 cognitionem.
2274 2018 2400 2086 Sed
2456 2042 2560 2089 re-

52 2101 371 2175 deundum
413 2119 524 2176 est
551 2105 635 2175 ad
672 2127 773 2185 ea,
815 2105 900 2174 de
929 2106 1186 2192 quibus
1227 2106 1419 2193 prius
1453 2104 1881 2174 dicebamus.

124 2196 154 2279 ἕ
194 2199 279 2264 8.
322 2195 663 2265 Antonius
694 2216 858 2283 ergo
902 2200 1173 2263 Praeses
1220 2195 1534 2273 Edessae,
1580 2215 1736 2262 cum
1788 2194 2236 2263 concessisset
2268 2194 2448 2274 aliis,
2490 2209 2566 2266 ut

60 2277 297 2351 domum
341 2297 868 2370 reverterentur,
903 2284 964 2352 ei
1014 2284 1079 2351 in
1134 2282 1347 2352 altum
1399 2295 1622 2351 erecto
1674 2283 2040 2352 tribunali.
2099 2283 2282 2370 jubet
2343 2283 2425 2351 ad
2493 2305 2565 2353 se

60 2367 271 2441 adduci
323 2378 703 2463 Martyres:
752 2385 816 2441 et
863 2394 1020 2441 cum
1065 2371 1386 2442 fecissent
1447 2371 1630 2459 quod
1675 2373 1854 2462 jussi
1904 2372 2175 2442 fuerant
2217 2373 2564 2462 apparito-

60 2474 167 2539 τες,
201 2464 452 2532 sanctis
505 2462 672 2530 dicit
719 2467 1034 2531 Praeses:
1081 2484 1117 2527 «
1158 2461 1641 2531 Divinissimus
1693 2477 1919 2532 noster
1968 2467 2346 2550 Imperator
2402 2463 2565 2531 haec

54 2544 242 2631 jubet,
277 2563 354 2620 ut
391 2564 459 2620 et
490 2572 530 2619 a
565 2550 1085 2621 Christianismo
1112 2550 1467 2630 deficiatis,
1505 2572 1707 2637 quem
1743 2552 2140 2638 sequimini,
2179 2564 2244 2619 et
2280 2552 2564 2640 imagini

60 2637 218 2705 lovis
268 2640 536 2709 cultum
579 2638 892 2707 divinum
946 2639 1289 2718 tribuatis,
1353 2639 1514 2708 thus
1566 2640 1630 2706 in
1695 2661 1809 2707 ara
1861 2639 2351 2709 sacrificantes.
2396 2663 2430 2704 »
2472 2640 2564 2708 Ad

62 2720 201 2795 haec
239 2733 595 2798 Samonas:
642 2751 677 2793 «
714 2728 922 2808 Absit,
963 2729 1209 2814 inquit,
1252 2740 1324 2795 ut
1374 2749 1526 2795 vera
1580 2728 1714 2796 side
1749 2729 2004 2807 relicta,
2044 2741 2320 2819 propter
2357 2750 2567 2816 quam

54 2830 387 2900 speramus
436 2816 603 2894 fore,
640 2828 719 2885 ut
756 2816 961 2884 vitam
995 2837 1449 2903 assequamur
1492 2817 1978 2897 immortalem,
2020 2839 2350 2887 manuum
2396 2840 2571 2907 opus

64 2912 116 2999 et
150 2903 548 2993 figmentum
610 2905 945 2976 colamus.
1004 2928 1039 2970 ι)
1099 2910 1377 2974 Praeses
1425 2918 1689 2974 autem:
1731 2929 1765 2971 «
1820 2908 2280 2993 Imperatoris
2319 2907 2566 2994 inquit,

63 3006 228 3073 jussa
283 2996 571 3063 omnino
619 3006 776 3063 sunt
838 2994 1214 3083 implenda.
1257 3017 1293 3058 »
1345 2993 1721 3080 Respondit
1768 2996 2059 3062 Gurias:
2121 3018 2155 3061 «
2216 3000 2458 3064 Puram
2510 3009 2576 3064 et

69 3075 335 3151 divinam
391 3095 693 3153 nostram
748 3083 952 3151 sidem
992 3104 1345 3168 nunquam
1403 3083 1895 3163 inficiabimur,
1938 3095 2294 3169 sequentes
2331 3083 2574 3152 volnn-

42 3174 241 3265 tatem
290 3172 681 3252 hominum,
726 3172 792 3239 in
843 3193 1017 3258 quos
1055 3172 1238 3240 cadit
1296 3171 1638 3240 interitus.
1687 3171 2034 3240 Habemus
2072 3171 2254 3239 enim
2310 3176 2572 3240 Patrem

42 3274 128 3320 Ι1η
156 3259 372 3340 coelis,
410 3262 614 3351 cujus
650 3262 1005 3347 sequimur
1039 3261 1479 3340 voluntatem,
1525 3260 1642 3346 qui
1687 3259 1884 3328 dicit:
1933 3261 2063 3342 Qui
2104 3283 2208 3329 me
2246 3264 2577 3348 consessus

72 3344 248 3429 suerit
286 3372 512 3419 coram
565 3351 967 3425 hominibus,
1028 3372 1149 3440 eqo
1196 3371 1456 3440 quoque
1520 3370 1671 3417 eum
1728 3350 2077 3439 confitebor
2114 3371 2338 3417 coram
2381 3354 2579 3416 Patre

76 3452 215 3516 mec,
262 3441 381 3528 qui
423 3449 519 3508 est
559 3442 630 3507 in
665 3441 885 3508 coelis.
928 3440 1060 3521 Qui
1100 3459 1205 3507 me
1242 3449 1468 3507 autem
1515 3440 1862 3527 neyaverit
1909 3460 2130 3506 coram
2180 3437 2574 3515 hominibus,

76 3541 176 3608 eqo
203 3547 457 3618 quoque
494 3550 644 3597 eum
678 3530 928 3617 neqabo
958 3550 1182 3595 coram
1233 3532 1432 3595 Patre
1476 3548 1619 3594 meo
1668 3538 1730 3596 et
1777 3528 2051 3617 Amyclis
2081 3527 2248 3594 e'uS.
2290 3549 2324 3591 »
2359 3525 2584 3594 Judex

81 3622 317 3681 autem:
369 3638 406 3682 «
458 3620 597 3684 Non
651 3616 853 3685 vultis
900 3638 1087 3717 erge,
1132 3616 1378 3702 inquit,
1436 3617 1672 3703 pavere
1721 3615 2052 3684 voluntati
2141 3616 2585 3703 inperatoris?

80 3697 399 3793 Quomodo
447 3725 602 3773 vero
656 3726 789 3773 non
838 3705 1043 3774 fuerit
1089 3704 1496 3782 absurdum,
1548 3725 1623 3772 ea
1674 3704 1979 3791 quidem,
2018 3724 2194 3790 quae
2253 3703 2395 3771 visa
2444 3701 2587 3771 fue-

82 3799 202 3885 rint
231 3788 647 3872 hominibus,
688 3793 910 3880 iisque
948 3794 1066 3880 qui
1111 3815 1243 3861 non
1285 3791 1577 3860 multum
1614 3806 1679 3861 et
1711 3806 2045 3879 quantum
2087 3813 2225 3872 voS,
2269 3805 2580 3881 possunt,

85 3890 278 3970 teipsa
323 3880 403 3949 ad
440 3882 753 3951 effectum
795 3882 1090 3951 deduci:
1144 3901 1379 3950 eorum
1432 3893 1686 3959 autem,
1742 3882 1862 3968 qui
1913 3903 2140 3949 rerum
2195 3881 2581 3966 potiuntur,
2619 3894 2620 3897 ’

81 3979 246 4059 ἆῑξεεε
289 3967 430 4038 fieri
482 3970 716 4039 irrita?
768 3992 801 4036 »
851 4011 934 4023 --
984 3992 1021 4037 «
1063 3970 1191 4053 Qui
1243 3968 1446 4058 Regis
1488 3990 1752 4058 regum,
1805 3970 2127 4055 inquiunt
2175 3970 2429 4046 Sancti,
2484 3969 2586 4038 fa-

86 4066 249 4149 ciunt
308 4057 767 4138 voluntatem,
830 4058 1059 4128 carnis
1111 4058 1526 4127 voluntatem
1597 4072 1927 4146 respuunt
1999 4080 2078 4126 ac
2129 4059 2473 4146 rejiciunt.
2551 4082 2587 4123 »

93 4137 309 4211 Deinde
351 4168 507 4216 cum
558 4152 834 4217 Praeses
872 4148 1173 4217 minatus
1220 4158 1397 4214 esset
1441 4158 1752 4225 mortem,
1789 4146 1923 4214 nisi
1967 4158 2316 4237 parerent;
2356 4151 2591 4216 Samo-

96 4243 229 4294 nas:
256 4237 441 4304 «Non
481 4236 877 4315 moriemur,
922 4238 1166 4323 inquit,
1201 4257 1241 4304 o
1267 4239 1604 4323 Tyranne,
1645 4233 1697 4301 si
1729 4235 2060 4305 Creatoris
2089 4257 2457 4323 sequamur
2476 4258 2589 4304 vo-

97 4307 426 4390 luntatem:
480 4326 695 4393 immo
728 4345 884 4393 vero
930 4325 1239 4394 vivemus
1281 4322 1529 4414 potiuS.
1578 4320 1703 4391 Sed
1739 4323 1795 4390 si
1827 4345 1906 4392 ea
1956 4326 2169 4395 secuti
2220 4324 2580 4404 fuerimus,

230 4437 449 4501 surius
474 4471 503 4487 ·
542 4441 707 4504 Vitae
737 4439 842 4503 SS.
872 4473 896 4486 -
920 4440 1048 4505 Vol.
1076 4440 1175 4503 XI.
2358 4441 2488 4574 3²!
