2993 4837
37 302 132 369 [Ν.
182 302 260 367 42
847 322 924 367 mc
972 322 1026 368 s.
1081 320 1357 369 manno
1408 323 1565 368 rar».
2257 307 2384 370 427

36 403 262 485 [fantem
300 403 597 493 portavit
647 403 713 471 in
750 403 957 485 ulnis,
1011 405 1248 474 beatus
1285 406 1619 475 Martinus
1656 418 1819 476 tunc
1858 406 2268 477 crucifixum
2319 429 2476 497 por-

36 490 132 567 ffiat
173 491 237 562 in
297 492 666 564 manibus:
703 506 767 561 et
820 493 1164 579 quomodo
1210 494 1619 585 Angelorum
1688 495 1819 564 vita
1866 505 2240 585 praesente,
2298 518 2474 566 mor-

36 602 208 669 mque
239 603 358 671 pro
407 580 736 651 fidelibus
768 581 1085 671 patiente,
1120 583 1219 651 vir
1251 583 1607 673 angelicus
1656 584 1893 654 mortis
1942 585 2159 674 potuit
2191 584 2473 673 dispen-

36 666 136 741 ium
197 670 470 740 subire?
522 669 652 740 Sed
718 670 879 756 quia
925 670 1009 739 de
1056 685 1479 742 sacramento
1550 672 1904 742 Dominico
1962 673 2290 762 tantisper
2354 694 2474 763 per

36 776 283 828 messum
330 758 666 838 diximus,
711 758 795 826 ad
829 771 1067 847 coepta
1102 759 1485 831 redeamus,

37 848 80 933 ξ
116 850 203 916 9.
253 846 505 916 videns
555 869 719 937 ergo
765 846 1121 936 Olympius
1158 849 1519 931 exarchus,
1556 849 1721 937 quia
1772 870 2017 919 manus
2054 850 2325 943 Domini
2375 860 2471 918 te-

36 936 144 1005 tbat
186 936 553 1005 Martinum
590 936 1101 1005 sanctissimum
1138 942 1415 1026 Papam,
1455 959 1731 1007 necesse
1780 937 2022 1007 habuit
2055 960 2126 1008 se
2154 961 2313 1008 cum
2353 937 2468 1006 illo

36 1023 364 1104 mcordare,
402 1036 469 1093 et
508 1025 745 1093 omnia
777 1046 954 1111 quae
985 1024 1043 1093 ei
1082 1026 1223 1094 visa
1252 1025 1544 1107 fuerant,
1576 1025 1796 1095 cidem
1847 1026 2282 1096 sanctissimo
2326 1027 2468 1094 viro

37 1110 259 1183 dicare.
310 1113 466 1196 Qui,
523 1112 700 1182 sacta
732 1135 896 1213 pace
927 1135 1085 1182 cum
1119 1126 1352 1184 sancta
1387 1115 1503 1182 Dei
1551 1113 1873 1196 Ecclesia,
1926 1114 2256 1204 colligens
2283 1134 2469 1183 exer-

37 1212 156 1299 tum
190 1201 531 1291 profectus
580 1212 680 1270 est
726 1223 795 1269 1n
850 1201 1147 1271 Siciliam
1199 1202 1528 1272 adversus
1580 1215 1849 1305 gentem
1909 1206 2462 1282 sarracenorum,

36 1308 82 1359 m
114 1288 192 1358 ibi
237 1290 666 1359 habitabant:
704 1302 769 1359 et
803 1302 1076 1379 peccato
1104 1289 1412 1371 faciente,
1467 1312 1575 1359 ma
1612 1312 1690 1359 or
1723 1290 2038 1359 interitus
2076 1290 2145 1358 in
2175 1291 2470 1359 exercitu

36 1392 239 1447 emano
285 1379 624 1467 provenit,
662 1390 727 1448 et
776 1392 926 1469 post
971 1378 1097 1447 hoc
1150 1378 1324 1448 idem
1375 1400 1574 1448 exarc
1628 1400 1712 1448 us
1748 1378 1984 1448 morbo
2032 1378 2311 1460 interiit,
2364 1393 2464 1449 at-

36 1484 96 1557 ne
131 1464 379 1535 vivendi
450 1467 666 1536 finem
734 1466 908 1535 fecit.
964 1464 1260 1535 Audiens
1308 1487 1470 1556 ergo
1532 1471 1954 1554 Imperator,
2006 1467 2171 1554 quia
2235 1481 2470 1538 sancta

37 1571 244 1635 omana
287 1555 596 1625 Ecclesia
645 1553 835 1624 nullo
885 1554 1085 1624 modo
1132 1554 1593 1642 acquiesceret
1639 1555 1798 1625 fidei
1852 1556 2263 1633 orthodoxae
2310 1580 2469 1626 con-

37 1640 160 1711 aria
191 1644 506 1734 recipere,
567 1643 682 1713 sed
735 1643 800 1711 in
856 1664 1018 1732 pace
1065 1643 1542 1715 unanimitatis
1588 1667 1667 1714 ac
1715 1667 1908 1714 verae
1938 1645 2469 1715 fideiimmobi-

41 1732 114 1797 br
163 1742 654 1818 perseveraret:
709 1730 934 1802 denuo
980 1732 1246 1819 antiqui
1297 1731 1512 1802 hostis
1560 1732 1820 1803 invidia
1872 1734 2308 1815 stimulatus,
2362 1733 2468 1802 di-

39 1815 130 1887 uit
166 1818 586 1890 Theodorum
646 1819 1040 1901 exarchum,
1092 1821 1211 1907 qui
1266 1833 1331 1889 et
1387 1834 1841 1911 cognomento
1900 1822 2251 1923 Caliopas,
2308 1844 2464 1890 cum

40 1896 281 2002 fieodoro
312 1906 668 1998 Imperiali
728 1908 1177 1983 cubiculario,
1221 1922 1561 1996 quatenus
1607 1910 1882 1979 beatum
1920 1916 2283 1980 Martinum
2322 1932 2466 1979 ma-

41 1990 271 2063 mficum
319 2000 576 2085 Papam
630 1996 691 2065 vi
738 2010 804 2067 et
852 2010 1173 2086 potestate
1221 2010 1546 2078 tenerent,
1598 2011 1662 2068 et
1708 2020 1871 2067 suae
1923 1998 2339 2088 praesentiae
2367 1998 2467 2069 of-

43 2094 214 2150 oerent.
284 2088 448 2154 Cum
515 2085 859 2155 venissent
920 2098 1143 2156 autem
1196 2086 1320 2155 viri
1370 2087 1594 2174 iniqui
1661 2086 2041 2157 secundum
2108 2086 2468 2176 Imperiale

43 2184 376 2259 acceptum
430 2174 500 2242 in
556 2173 795 2243 urbem
851 2178 1158 2255 Romam,
1214 2175 1370 2245 dolo
1430 2187 1496 2244 et
1544 2174 1782 2244 fraude
1840 2174 2179 2245 diabolica
2229 2174 2462 2264 pleni,

43 2268 349 2330 :venerunt
396 2262 766 2331 Martinum
810 2261 878 2330 in
919 2264 1319 2333 consistorio
1359 2264 1795 2334 Lateranensi
1825 2264 2077 2334 divinis
2115 2274 2465 2332 vacantem

43 2342 285 2445 nudibus.
337 2355 675 2442 Egressus
709 2372 870 2441 ergo
901 2351 1001 2420 vir
1047 2351 1485 2424 beatissimus
1517 2352 1783 2423 obviam
1837 2352 1997 2429 illis,
2043 2350 2468 2423 circumfusa

44 2430 376 2509 »altitudine
425 2439 721 2509 vallatus
796 2439 1147 2521 fidelium,
1203 2442 1271 2510 in
1326 2443 1707 2531 praesentia
1766 2442 2037 2512 exarchi
2089 2440 2461 2521 Theodori,

45 2520 314 2619 tesbyteri
371 2550 450 2598 ac
500 2527 740 2598 Clerici
803 2528 986 2597 clara
1035 2550 1193 2598 voce
1239 2529 1594 2600 dixerunt:
1663 2553 1698 2597 «
1729 2530 2094 2600 Anathema
2147 2530 2233 2599 sit
2278 2530 2467 2616 quis-

95 2629 122 2677 s
158 2610 403 2696 dixerit,
452 2616 558 2685 vel
605 2615 970 2686 crediderit
993 2619 1155 2703 quia
1202 2617 1527 2688 dominus
1563 2631 1787 2690 noster
1824 2618 2249 2709 Apostolicus
2291 2623 2465 2687 Pon-

91 2717 121 2764 ι
153 2703 462 2774 Martinus
505 2726 726 2791 usque
773 2703 855 2773 ad
907 2727 1124 2775 unum
1168 2706 1430 2795 apicem
1485 2706 1689 2777 fidem
1731 2729 2039 2794 unquam
2110 2719 2458 2786 mutasset,

43 2779 80 2850 tl
104 2801 457 2863 mutaturus
508 2793 619 2862 sit.
649 2798 728 2862 Et
771 2794 1182 2863 anathemati
1218 2794 1637 2884 subjaceant,
1673 2795 1792 2884 qui
1830 2797 1895 2865 in
1932 2794 2300 2866 orthodoxa
2330 2794 2467 2864 fide

43 2885 170 2956 &lue
207 2878 284 2947 ad
333 2894 621 2951 mortem
674 2902 806 2950 non
849 2884 1367 2970 permanserint.
1396 2906 1432 2949 »

43 2957 98 3043 -ἕ
130 2969 264 3038 ss).
316 2971 436 3039 His
482 2969 763 3051 auditiS‚
818 2970 1125 3058 Caliopas
1171 2971 1392 3061 coepit
1454 2972 1785 3040 rationem
1863 2971 2142 3040 reddere
2178 3025 2193 3052 ,
2254 2971 2461 3040 aliam

40 3039 160 3126 dem
204 3076 329 3125 non
370 3080 524 3129 esse
559 3071 825 3147 praeter
856 3080 1062 3145 quam
1113 3063 1457 3129 Romanos
1490 3070 1756 3128 constat
1797 3071 2046 3137 tenere,
2086 3079 2304 3145 neque
2344 3058 2469 3128 ali-

39 3147 158 3226 trse
190 3146 473 3215 credere.
535 3146 660 3216 Sed
712 3147 837 3216 hoc
897 3159 1169 3237 propter
1221 3168 1336 3216 eos
1381 3148 1499 3234 qui
1551 3147 1946 3227 audiebant,
2001 3167 2133 3215 non
2188 3160 2467 3237 propter

39 3217 164 3294 dem
193 3229 467 3305 dicebat.
503 3240 747 3305 Beatus
776 3248 1000 3305 autem
1037 3235 1336 3306 Pontifex
1368 3235 1699 3306 Martinus
1731 3235 1817 3305 de
1844 3234 2034 3304 falsis
2059 3234 2459 3317 calumniiS,

39 3323 138 3409 1189
187 3316 275 3387 illi
342 3324 673 3395 adversus
721 3323 1063 3394 veritatem
1114 3324 1657 3414 objiciebantur,
1725 3323 1814 3392 ita
1863 3321 2186 3392 fidelibus
2233 3324 2464 3392 ortho-

38 3383 154 3498 ,ΜΒ
178 3412 714 3506 constantissima
746 3413 1117 3482 assertione
1160 3412 1511 3484 testificari
1544 3413 1836 3500 juravit:
1873 3434 1908 3478 «
1946 3410 2465 3499 opitulantibus

39 3494 361 3567 rationibus
429 3500 713 3579 vestriS,
767 3521 844 3569 ac
893 3501 1200 3570 omnium
1257 3500 1566 3570 fidelium
1618 3499 2152 3570 Christianorum
2188 3554 2203 3581 ‚
2257 3511 2322 3567 et
2370 3498 2464 3568 vi·

41 3585 151 3658 ΕΗΒ,
178 3594 236 3650 et
267 3588 559 3658 moriens
607 3589 848 3659 salutis
898 3601 1163 3658 nostrae
1202 3589 1406 3658 fidem
1450 3588 1837 3669 defendam,
1873 3586 2460 3675 quemadmodum

40 3673 196 3746 *filus
225 3674 466 3747 Paulus
513 3676 869 3766 Apostolus
922 3677 1157 3746 docet:
1218 3678 1389 3746 Mihi
1428 3679 1652 3747 vivere
1695 3678 1995 3748 Christus
2028 3686 2146 3757 est,
2185 3686 2247 3745 et
2297 3678 2472 3746 mori

40 3761 217 3847 lterum
240 3761 439 3848 (Phil.
474 3764 549 3851 1).
598 3770 683 3833 De
730 3764 921 3836 falsis
966 3765 1547 3846 accusationibuS,
1602 3787 1778 3852 quas
1826 3764 2086 3834 noviter
2137 3764 2467 3833 haeretici

40 3849 237 3944 *⁰¹¹¹‚sst2
267 3849 655 3939 abjicientes
685 3854 1031 3923 veritatem
1068 3854 1313 3924 Christi
1347 3855 1486 3935 Dei,
1517 3854 1791 3941 qualem
1825 3853 2109 3922 omnino
2139 3864 2466 3942 poterunt

41 3929 347 4027 *Ominibus
384 3941 726 4011 veritatem
779 3942 963 4029 loqui
1012 3943 1132 4031 qui
1172 3944 1283 4012 Dei
1325 3943 1588 4012 veritati
1626 3942 1991 4012 resistunt?
2022 3946 2252 4011 Testor
2278 3961 2462 4020 eum,

40 4017 107 4108 [ug
136 4021 541 4117 judicaturus
587 4042 687 4099 est
738 4031 1074 4102 mundum
1127 4031 1331 4101 istum
1388 4053 1508 4121 per
1557 4031 1784 4119 ignem
1819 4084 1834 4109 ‚
1908 4030 2026 4116 qui
2098 4043 2163 4098 et
2235 4027 2469 4096 reddet

40 4107 320 4203 inicuique
365 4120 744 4188 secundum
801 4141 975 4208 opus
1036 4141 1267 4201 suum,
1321 4140 1447 4209 ego
1499 4117 1875 4208 aliquando
1922 4117 2007 4186 ad
2060 4121 2470 4186 Sarracenos

40 4189 360 4272 hoelitteras
403 4207 641 4286 direxi,
686 4228 807 4276 nec
837 4229 992 4277 eum
1028 4230 1232 4295 quem
1282 4207 1525 4277 dicunt
1559 4221 1817 4276 tomum
1862 4204 2153 4292 qualiter
2193 4202 2471 4272 credere

40 4261 272 4369 flebssflssh
309 4307 418 4363 aut
466 4294 828 4383 pecuniam
881 4318 1233 4384 nunquam
1297 4295 1696 4365 transmisi:
1771 4294 2068 4382 exceptis
2116 4292 2472 4391 dumtaxat

41 4361 364 4449 qmbusdam
405 4382 544 4453 illic
580 4383 961 4454 viventibus
1009 4385 1220 4454 servis
1271 4384 1383 4452 Dei
1410 4387 1621 4455 causa
1653 4381 2140 4470 eleemosynae,
2186 4400 2472 4449 minime
