2993 4837
517 292 644 356 578
1286 307 1366 355 nx
1413 303 1471 353 s.
1523 306 1780 357 sonmo
1828 308 2116 356 aarum
2637 287 2795 353 NOV.
2830 288 2892 353 ts

426 405 735 483 oportere
767 391 1126 463 decessum
1163 390 1539 481 despicere,
1576 404 1642 461 et
1674 390 1892 462 solam
1924 389 2292 482 complecti
2324 392 2649 461 animam.
2684 390 2747 460 Si
2775 411 2895 479 ergo

425 493 633 570 caput
700 480 1082 562 abscidero,
1123 491 1189 551 et
1234 480 1393 551 sorti
1439 480 1674 550 animo
1723 480 1975 562 tulerit,
2009 480 2194 568 quod
2237 480 2587 560 acciderit,
2623 479 2900 569 ipsospes

424 570 603 640 facta
665 567 935 640 docebit
993 568 1584 658 apertiuS,·quod
1654 583 1942 639 mortem
1991 571 2092 639 sic
2147 582 2411 660 oportet
2456 569 2820 658 despicere:
2857 582 2902 636 et

425 680 665 729 eorum
718 658 940 748 magis
984 659 1199 747 eriget
1247 657 1558 749 spirituS,
1610 670 1676 727 et
1717 670 2031 728 mortuus
2068 658 2169 730 eis
2217 659 2587 748 inspirabit
2637 656 2906 745 majorem

426 746 642 819 animi
691 745 1139 819 alacritatem.
1192 751 1554 835 Propterea
1589 768 1752 904 ergo
1792 746 2104 837 linguam
2139 748 2551 836 amputavit,
2598 757 2674 816 ut
2702 745 2908 902 (privati

425 857 588 906 voce
633 857 772 921 qua
824 835 1255 927 fruebantur,
1294 836 1611 923 Martyris
1711 835 2015 925 iscipuli,
2054 850 2120 905 et
2165 836 2413 906 defecti
2460 836 2614 923 ejus
2661 856 2698 903 a
2749 834 2909 903 moni·

426 926 633 1004 tione,
672 924 912 994 fierent
960 924 1364 1004 timidiores,
1409 936 1475 993 et
1522 923 1606 993 ad
1646 924 1942 1014 priorem
1994 925 2296 995 redirent
2350 945 2681 1015 angorem
2728 934 2786 993 et
2822 922 2912 1019 du7

424 1013 854 1113 bitationem,
919 1035 1050 1084 non
1117 1012 1469 1094 habenteS,
1508 1013 1630 1099 qui
1690 1013 1792 1082 eis
1853 1013 2167 1084 animum
2218 1013 2527 1096 adderet,
2584 1033 2795 1098 neque
2829 1032 2910 1097 qui

425 1114 747 1172 excitaret
784 1114 849 1171 et
887 1114 1207 1171 armaret.
1232 1160 1253 1183 ,
2551 1127 2558 1135 ·

515 1193 551 1278 ξ
598 1196 693 1262 6.
747 1189 1112 1260 Considera
1159 1203 1386 1258 autem
1439 1189 1611 1258 mibi
1658 1188 1912 1260 diaboli
1951 1188 2311 1260 malitiam.
2347 1190 2658 1260 Herodes
2688 1187 2909 1276 quidem

426 1278 722 1351 abscidit
768 1291 975 1368 caput
1032 1278 1357 1349 Joannis:
1414 1279 1527 1347 hic
1573 1290 1802 1348 autem
1856 1301 1989 1349 non
2040 1292 2250 1369 caput
2283 1332 2302 1355 ,
2371 1278 2493 1348 sed
2544 1278 2770 1350 solum
2823 1276 2909 1345 lin·

426 1390 661 1459 guam.
694 1367 1195 1449 Quamobrem?
1235 1367 1301 1436 Si
1336 1366 1692 1437 abscidero
1723 1381 1953 1457 caput,
1993 1368 2240 1454 inquit,
2270 1380 2337 1438 et
2367 1367 2576 1438 fuerit
2628 1379 2904 1437 mortuus,

426 1455 695 1529 recedet
752 1478 885 1526 non
936 1455 1172 1526 videns
1224 1455 1573 1526 interitum
1631 1478 1916 1526 suorum
1967 1455 2303 1527 fratrum:
2357 1479 2486 1547 ego
2536 1468 2766 1525 autem
2812 1452 2907 1522 volo

426 1568 585 1615 eum
622 1544 841 1614 facere
873 1558 1107 1616 testem
1138 1544 1463 1635 lapsuum
1496 1556 1559 1614 et
1592 1544 2003 1615 calamitatis
2031 1567 2316 1616 suorum
2362 1546 2697 1627 militum,
2734 1556 2804 1613 ut
2836 1541 2910 1610 de

430 1634 570 1705 lore
603 1646 943 1713 enecetur,
981 1632 1219 1705 videns
1266 1633 1549 1721 quidem
1586 1632 1926 1715 labentes,
1966 1655 2102 1703 non
2140 1646 2377 1723 potens
2412 1647 2649 1705 autem
2686 1652 2908 1702 manum

426 1723 614 1813 porri
667 1745 799 1804 ere,
853 1735 918 1793 et
965 1721 1197 1793 valens
1244 1723 1343 1792 eis
1380 1743 1483 1802 ea,
1521 1743 1698 1808 quae
1750 1724 1964 1811 priuS,
2002 1722 2386 1803 consulere,
2427 1723 2493 1793 ei
2544 1745 2708 1793 voce
2745 1732 2944 1791 exenta*

428 1746 664 1882 simu?
686 1834 843 1881 cum
897 1812 1160 1901 lingua.
1215 1811 1341 1881 Sed
1374 1811 1495 1898 qui
1544 1811 2067 1900 comprehendit
2105 1812 2451 1902 sapientes
2502 1811 2571 1880 in
2625 1834 2754 1881 sua
2782 1826 2909 1878 astu·

429 1902 546 1982 tia,
592 1901 944 1970 inventum
996 1901 1325 1970 convertit
1373 1900 1441 1969 in
1474 1900 1626 2000 ejus
1665 1912 1908 1989 caput:
1953 1912 2017 1971 et
2058 1922 2192 1970 non
2244 1901 2472 1971 solum
2509 1923 2650 1970 non
2685 1896 2910 1995 privarit

427 1989 739 2071 consiliO,
779 1989 892 2060 sed
943 2011 1059 2058 eos
1091 1989 1296 2058 etiam
1348 2011 1571 2078 magis
1611 1987 1768 2057 fecit
1816 1988 1951 2060 frui
1990 1989 2489 2070 adhortatione,
2533 2001 2599 2060 et
2640 2012 2785 2059 esse
2813 2008 2906 2074 spt-

429 2078 752 2149 ritalioris
790 2078 1140 2149 doctrinae
1184 2077 1574 2168 participes,
1605 2082 1770 2146 Nam
1811 2100 1971 2148 cum
2015 2078 2143 2148 hoc
2171 2078 2587 2149 obtinuisset
2619 2074 2903 2148 diabolus.

430 2179 706 2237 vocatur
743 2166 828 2236 de
865 2180 1127 2236 caetero
1165 2166 1473 2235 medicus
1506 2165 1591 2235 ad
1624 2166 2018 2248 sectionem,
2056 2178 2121 2237 et
2161 2167 2238 2236 fit
2267 2166 2466 2237 lictor
2506 2189 2634 2257 pro
2670 2164 2900 2236 medico:

429 2278 561 2326 non
616 2255 682 2325 id
731 2256 1104 2346 corrigens,
1157 2254 1341 2341 quod
1394 2254 1630 2324 morbo
1680 2254 2077 2325 laborabat:
2132 2255 2250 2326 sed
2306 2255 2399 2335 id,
2437 2256 2624 2343 quod
2678 2268 2905 2325 eratsa-

428 2367 621 2427 num,
659 2366 1133 2436 corrumpens.
1189 2348 1264 2413 Et
1310 2366 1468 2414 cum
1507 2343 1818 2435 linguam
1852 2344 2235 2424 exemisset,
2292 2366 2429 2413 non
2481 2345 2704 2435 potuit
2748 2336 2899 2413 simul

426 2457 585 2504 cum
635 2456 715 2502 ea
762 2457 992 2504 vocem
1044 2434 1362 2502 eximere:
1402 2432 1519 2503 sed
1559 2434 1789 2503 carnis
1827 2434 2106 2521 quidem
2156 2435 2465 2504 abscissa
2511 2434 2646 2504 fuit
2685 2435 2899 2534 lingua:

425 2524 645 2594 virtus
692 2536 918 2592 autem
967 2522 1240 2592 divinae
1279 2523 1562 2612 gratiae,
1600 2521 1939 2593 advolavit
1988 2522 2073 2591 ad
2125 2544 2201 2592 os
2272 2523 2454 2593 beati
2519 2528 2835 2599 Romanu
2864 2530 2903 2584 et

426 2626 673 2683 natura
699 2612 975 2698 quidem
1014 2612 1246 2681 amisit
1275 2633 1479 2680 suum
1527 2610 1941 2691 membrum,
1994 2610 2172 2681 ferro
2222 2611 2289 2679 id
2330 2624 2641 2701 cogentc;
2682 2611 2785 2680 Dei
2824 2628 2902 2675 au·

425 2713 558 2771 tem
596 2701 813 2790 gratia
864 2723 994 2769 non
1038 2701 1194 2770 sivit
1236 2721 1463 2769 vocem
1514 2720 1676 2768 cum
1723 2722 1802 2770 ea
1849 2700 2183 2770 excidere.
2224 2701 2415 2770 Unde
2446 2702 2650 2770 etiam
2684 2700 2769 2769 de
2794 2716 2898 2767 eae·

426 2802 568 2859 tero
612 2788 938 2879 discipuli
987 2788 1393 2860 fruebantur
1442 2788 1662 2877 magis
1726 2789 2020 2877 spiritali
2067 2788 2401 2866 doctrina,
2464 2812 2598 2860 non
2649 2789 2898 2858 bumana
2941 2835 2942 2842 κ

424 2898 608 2956 voce,
648 2877 1037 2966 cujusmodi
1106 2878 1321 2967 priuS,
1376 2877 1580 2946 verba
1628 2878 2029 2948 audientes:
2091 2878 2210 2948 sed
2258 2877 2494 2947 divina
2541 2877 2822 2966 quadam
2859 2882 2898 2939 et

425 2966 742 3055 spiritali,
778 2978 842 3035 et
873 2989 1047 3053 quae
1099 2979 1395 3037 nostram
1433 2967 1804 3056 superabat
1836 2981 2179 3050 naturam3
2231 2978 2294 3035 et
2341 2989 2641 3057 superne
2671 2963 2896 3052 quidem

423 3076 664 3124 omnes
716 3055 1217 3125 concurrebant
1263 3055 1523 3145 Angeli,
1571 3055 1831 3126 inferne
1879 3079 2034 3125 vero
2085 3055 2424 3134 homines,
2478 3057 2898 3149 unusquisque

425 3166 501 3213 os
550 3144 698 3213 sine
748 3144 985 3233 lingua
1036 3145 1260 3213 videre
1307 3145 1686 3234 cupientes,
1724 3158 1789 3214 et
1834 3145 2076 3215 audire
2114 3145 2212 3213 sic
2249 3145 2562 3230 loquens:
2599 3157 2897 3213 eratenim

424 3255 497 3302 re
552 3255 706 3302 vera
767 3233 1209 3312 admirabile,
1254 3246 1318 3303 et
1368 3246 1632 3323 praeter
1676 3234 2098 3324 opinionem,
2144 3233 2419 3303 diabolo
2465 3234 2739 3320 quidem
2797 3249 2896 3324 maj

425 3343 638 3412 gnum
697 3323 985 3391 afferens
1034 3322 1355 3401 dedecus,
1396 3344 1714 3411 magnam
1766 3336 1994 3392 autem
2046 3323 2323 3411 Martyri
2383 3322 2700 3413 gloriam,
2744 3319 2898 3389 disct-

424 3409 609 3500 pulis
660 3433 815 3481 vero
865 3409 1235 3499 plurimam
1286 3411 1820 3480 consolationem
1851 3464 1871 3491 ,
1938 3425 2004 3481 et
2065 3433 2394 3500 magnum
2465 3421 2893 3505 argumentum

424 3500 813 3589 patientiae.
867 3500 990 3569 Hic
1039 3500 1223 3569 enim
1266 3504 1392 3568 Deo
1429 3521 1574 3568 mos
1604 3511 1706 3567 est
1754 3499 1854 3568 vel
1893 3522 1972 3569 ex
2019 3498 2156 3569 alto
2204 3500 2534 3589 repetitus
2573 3515 2638 3570 et
2682 3523 2719 3568 a
2757 3515 2894 3587 prin·

423 3589 629 3676 cipi0,
666 3610 1143 3677 quaecumque
1176 3602 1407 3658 contra
1462 3610 1583 3657 nos
1616 3588 2114 3658 consarcinarit
2144 3588 2491 3668 diaboluS,
2531 3611 2610 3659 ea
2650 3589 2715 3658 in
2743 3591 2894 3673 caput

422 3676 616 3747 illius
663 3690 1071 3759 convertere,
1110 3690 1174 3746 et
1221 3677 1307 3745 ad
1360 3691 1658 3747 nostram
1710 3676 1996 3746 salutem
2049 3677 2382 3767 redigere.
2814 3762 2823 3773 ·

512 3769 548 3853 ξ
594 3770 671 3836 2.
723 3767 889 3836 Mihi
935 3782 1163 3836 autern
1203 3767 1327 3835 hoc
1360 3787 1632 3852 quoque
1679 3766 2062 3836 considera.
2115 3766 2239 3836 Ille
2288 3767 2639 3836 hominem
2687 3767 2890 3853 ejecite

426 3855 769 3944 paradiso,
815 3868 878 3925 et
928 3861 1103 3925 Deus
1150 3856 1213 3924 ei
1261 3855 1528 3925 coelum
1579 3855 1872 3942 aperuit.
1921 3855 2041 3924 llle
2102 3855 2332 3944 ipsum
2384 3856 2647 3946 expulit
2702 3876 2771 3923 ex
2811 3853 2889 3918 im·

422 3945 613 4033 perio
650 3957 938 4024 terreno;
980 3950 1156 4014 Deus
1189 3958 1416 4013 autem
1451 3943 1513 4012 ei
1545 3943 1730 4012 dedit
1771 3966 2060 4034 regnum
2103 3946 2476 4026 coelorum,
2515 3961 2582 4015 et
2609 3945 2674 4013 in
2707 3943 2886 4010 throno

422 4034 609 4122 regio
660 4049 961 4103 nostram
1014 4033 1170 4103 fecit
1218 4033 1452 4101 sedere
1500 4045 1840 4102 naturam.
1907 4033 2017 4102 Sic
2070 4033 2186 4103 dat
2235 4038 2411 4104 Deus
2460 4055 2724 4122 semper
2762 4029 2884 4096 dona
2939 4093 2940 4118 ἶ

424 4125 684 4209 majora
735 4123 842 4201 iis,
881 4123 1137 4209 quibus
1183 4121 1502 4191 diabolus
1549 4135 1839 4191 conatur
1878 4121 2148 4211 privare
2186 4122 2523 4192 homines.
2557 4129 2686 4191 Hoc
2715 4131 2882 4214 autem
2939 4145 2940 4204 χ

422 4210 605 4290 facit,
654 4210 852 4281 illum
901 4211 1180 4299 quidem
1251 4210 1545 4280 reddens
1617 4211 1980 4281 tardiorem
2031 4210 2114 4280 ad
2169 4212 2369 4280 nobis
2419 4211 2772 4300 parandum
2811 4225 2881 4270 ιη·

425 4299 685 4368 sidias:
753 4322 875 4368 nos
928 4323 1082 4369 vero
1131 4300 1431 4381 docem,
1488 4322 1846 4386 nunquam
1908 4301 2143 4369 timere
2190 4300 2342 4389 ejus
2390 4297 2872 4370 machinationes.

426 4387 616 4467 Quod
688 4388 965 4473 quidem
1040 4389 1292 4459 factum
1359 4403 1460 4458 est
1528 4390 1731 4458 etiam
1802 4390 1870 4459 in
1939 4394 2252 4479 Martyre.
2327 4391 2501 4472 Quia
2543 4387 2707 4458 enim
2763 4395 2872 4446 νῡΰθ
