2993 4837
32 320 168 387 Nov.
215 319 253 386 t
302 284 327 313 θ
378 314 388 324 “
813 339 890 385 ur.
938 339 991 386 s.
1046 337 1287 387 cauom
1337 337 1670 387 nonnoni-:o
2305 324 2422 386 254

32 443 193 492 suum
238 421 515 495 nimine
567 421 953 491 cardinalis
1001 422 1492 503 abuterentur;
1547 424 1668 510 qui
1718 434 1792 492 ut
1840 423 2243 494 hominibus
2281 424 2369 494 iis
2418 446 2522 493 sa-

31 510 406 591 tisfacerent,
485 532 725 580 rerum
761 566 776 588 ,
842 511 1336 602 hospitumque
1399 534 1676 582 summa
1724 510 1944 592 facta,
2000 525 2333 582 tercentos
2382 535 2523 583 uno

31 620 215 668 mense
248 612 556 690 receptos
595 600 926 690 hospites,
963 601 1082 687 qui
1119 602 1303 669 vario
1339 602 1669 691 temporis
1719 601 1939 690 spatio
1975 602 2218 671 morati
2268 614 2517 683 essent,

31 702 392 845 repererunt.
449 694 619 757 Tam
661 711 774 759 ma
830 692 894 758 ni
946 702 1294 778 sumptuS,
1352 692 1560 759 rebus
1606 689 2004 760 domesticis
2046 690 2366 780 praefecti
2417 712 2524 759 ve·

31 796 82 847 re
119 791 320 857 antur,
379 791 457 847 ut
511 776 742 847 Caroli
817 778 1234 848 acultatibus
1281 792 1509 848 essent
1558 778 1984 849 tolerabiles:
2036 800 2337 866 cumque
2386 800 2520 849 non

31 866 189 937 semel
229 867 688 947 monuissent,
747 866 861 936 ille
901 867 1222 956 pluribus
1272 868 1340 935 in
1378 866 1746 936 consilium
1800 866 2155 947 adhibitis,
2208 889 2286 937 ea
2321 867 2405 937 de
2456 890 2525 936 re

31 952 408 1036 deliberavit,
471 978 640 1025 cum
699 977 1009 1025 essemus
1059 957 1128 1025 in
1181 955 1471 1026 aedibus
1523 956 1776 1026 nostris
1830 956 2408 1027 Cernusculanis:
2462 970 2528 1026 et

32 1036 253 1132 hospitii
287 1045 418 1132 pio,
458 1044 894 1132 salutarique
925 1044 1156 1114 fructu
1191 1046 1565 1135 proposito,
1603 1058 1978 1131 contraque
2019 1046 2113 1114 rei
2163 1045 2526 1114 familiaris

31 1130 93 1203 ul
131 1147 458 1221 sumptum
535 1132 1026 1203 sustinendum
1092 1134 1366 1224 inopia,
1435 1134 1820 1220 quaesivit,
1883 1133 2048 1221 quid
2105 1135 2324 1223 magis
2379 1155 2416 1203 e
2457 1156 2527 1203 re

32 1218 341 1299 diristiana
387 1243 543 1291 esse
568 1222 1010 1311 judicarent:
1068 1244 1160 1304 se,
1218 1244 1301 1292 ne
1349 1222 1507 1293 talis
1553 1222 1820 1293 fructus
1869 1223 2269 1323 eriperetur,
2309 1223 2410 1291 vel
2455 1222 2524 1291 id
2607 1250 2652 1283 s

36 1308 431 1381 mendicitatis
476 1309 862 1380 multorum
913 1333 1159 1380 caussa
1218 1333 1349 1381 non
1396 1311 1727 1401 refugere,
1784 1312 1840 1382 si
1883 1334 1980 1381 sic
2029 1311 2345 1401 expedire
2397 1334 2532 1401 pu-

38 1392 238 1496 litent,
289 1412 362 1468 ut
420 1421 663 1468 arcam
716 1412 897 1469 certo
947 1400 1094 1469 loco
1141 1400 1607 1482 constitueret,
1661 1421 1796 1487 qua
1842 1399 2316 1489 eleemosynae
2365 1400 2527 1469 sub-

39 1484 232 1653 fflium
280 1488 366 1557 ab
404 1487 832 1578 hospitibus,
868 1490 985 1576 qui
1021 1488 1185 1559 dare
1219 1488 1489 1569 vellent,
1544 1488 2023 1579 colligeretur3
2075 1490 2145 1557 in
2181 1510 2331 1558 eam
2371 1510 2527 1559 sen-

118 1575 255 1644 tiam
313 1589 597 1646 ventum
651 1589 775 1657 est,
835 1590 908 1650 ut
966 1600 1051 1646 ne
1091 1577 1217 1649 bos
1275 1579 1468 1647 itium
1525 1577 2136 1659 intermitteretur,
2192 1579 2307 1648 sed
2362 1579 2528 1647 satis

43 1662 275 1745 inheret,
312 1687 472 1734 cum
512 1677 718 1734 antea
752 1667 1155 1735 universum
1279 1666 1618 1747 mitatum,
1659 1689 1872 1754 equos
1906 1681 1970 1735 et
2011 1667 2146 1736 alia
2179 1666 2538 1754 jumenta:

55 1748 105 1818 ssl
138 1753 347 1823 invitis
384 1754 725 1827 dominis:
762 1754 830 1822 in
868 1755 1153 1824 domum
1199 1754 1469 1835 acciret,
1527 1755 1879 1856 principes
1929 1756 2116 1845 ipsos
2166 1755 2523 1825 nonnullis

57 1859 113 1918 12·
171 1840 491 1943 dignitate
560 1843 816 1913 additis
876 1844 1290 1923 comitibus,
1358 1866 1542 1913 susci
1598 1865 1733 1924 ere,
1802 1858 2103 1914 caeteros
2164 1857 2390 1913 autem
2458 1844 2523 1912 in

59 1951 307 2017 ponis
332 1931 754 2017 relinquere;
785 1930 1201 2001 famulorum
1254 1950 1502 2003 caussa
1589 1933 1946 2022 isciplinae
1984 1932 2294 2003 ordinem
2333 1924 2582 2002 valde¹

144 2019 359 2088 urbari
391 2075 406 2101 ,
467 2020 636 2089 inde
683 2031 907 2089 autem
955 2022 1142 2109 ipsos
1192 2021 1437 2090 referre
1486 2021 1805 2091 utilitatis
1842 2042 2136 2111 paru.m;
2188 2043 2268 2090 ex
2310 2021 2419 2103 iis,
2463 2034 2529 2090 et

71 2110 300 2177 uentis
348 2109 592 2189 simul,
649 2130 970 2198 magnam
1023 2123 1346 2198 sumptus
1382 2123 1644 2200 partem
1687 2110 2019 2189 existere;
2075 2111 2164 2177 ita
2213 2109 2400 2188 fore,
2456 2125 2530 2178 ut

104 2197 499 2286 propositum
562 2197 719 2277 sibi,
776 2219 856 2266 ex
902 2198 1234 2286 juvandis
1283 2199 1365 2267 ad
1424 2198 1714 2268 salutem
1774 2198 2033 2274 multis,
2093 2198 2528 2288 principibus

85 2286 414 2381 -ssertim,
469 2286 776 2356 fructum
833 2287 1247 2376 perciperet,
1305 2308 1526 2374 neque
1591 2287 1972 2375 quidquam
2027 2300 2277 2355 temere
2339 2306 2528 2354 com-

55 2382 290 2455 tteret,
328 2374 519 2444 unde
552 2396 708 2444 aere
742 2373 967 2445 alieno
999 2375 1449 2447 immoderate
1484 2389 1885 2466 gravaretur
1915 2399 1930 2460 ;
1968 2390 2311 2446 caeterum
2354 2374 2526 2445 nibil

61 2462 463 2545 mnndum,
508 2465 680 2552 quin
731 2464 812 2532 ad
872 2478 1005 2533 tam
1053 2465 1200 2553 pios
1237 2479 1559 2556 sumptus
1608 2466 1836 2534 divina
1884 2465 2298 2553 benignitas,
2352 2485 2528 2551 quae

63 2582 90 2619 ,ι
141 2570 168 2618 s
218 2567 489 2633 essent,
550 2553 1044 2643 suppeditaret.
1100 2555 1463 2643 Hospitum
1522 2576 1758 2623 mensa
1808 2554 2223 2624 domesticae
2273 2553 2531 2623 finibus

71 2639 263 2709 nime
307 2641 841 2711 continebatur:
899 2642 1013 2710 sed
1071 2642 1346 2731 propria
1396 2643 1695 2729 quadam
1752 2643 2217 2712 moderatione
2250 2641 2527 2712 concilii

89 2729 366 2798 =vinciae
399 2730 681 2800 decreto
716 2731 979 2800 sancita
1018 2733 1376 2800 constabat
1413 2753 1426 2798 ε
1480 2731 1581 2800 sic
1616 2745 1868 2813 tamen,
1911 2747 1987 2801 ut
2024 2731 2273 2819 qualis,
2313 2753 2531 2818 quan-

75 2837 230 2886 Ι·-ἰιιει
271 2820 471 2890 cibus
526 2833 992 2908 apponeretur
1025 2874 1040 2900 ,
1094 2819 1297 2888 etiam
1352 2841 1663 2890 summos
1713 2821 1891 2890 viros
1941 2843 2076 2890 non
2129 2821 2523 2922 poeniteret.

91 2926 229 2974 ιιιιι
276 2920 627 2996 postremo
678 2919 980 2997 tempore
1033 2908 1517 2998 hospitalitatis
1548 2907 1852 2978 officium
1898 2909 2259 3000 insigniter
2292 2910 2529 2999 augeri

87 2994 473 3065 minuerat:
539 2997 828 3086 jamque
894 2996 1097 3086 paulo
1158 3008 1315 3066 ante
1411 3019 1569 3066 uam
1643 3011 2071 3076 moreretur,
2143 2999 2530 3087 Praeposito

50 3065 232 3176 ,ἆῡιιιιιε
255 3085 586 3172 jusserat,
626 3098 702 3154 ut
733 3085 817 3153 ad
851 3106 1093 3155 omnes
1128 3086 1334 3157 totius
1417 3087 1696 3156 ioecesis
1736 3086 2022 3155 clericos
2061 3087 2522 3176 excipiendos,

48 3165 237 3252 Quibus
262 3173 340 3242 ad
387 3175 636 3243 urbem
685 3195 911 3243 rerum
950 3196 1234 3244 suarum
1272 3197 1517 3244 caussa
1547 3174 1975 3244 >veniendum
2008 3187 2205 3254 esset,
2252 3174 2528 3244 aedium

110 3268 244 3353 stem
284 3263 702 3332 instrueret:
759 3263 1057 3352 hospitio
1105 3262 1425 3332 sacerdos
1476 3264 2006 3353 praeficeretur,
2061 3264 2173 3331 cui
2226 3284 2358 3331 non
2415 3265 2532 3330 lio-

126 3357 243 3414 tum
290 3351 516 3421 solum
571 3351 931 3420 commoda
983 3366 1233 3432 essent,
1288 3351 1404 3421 sed
1461 3373 1684 3421 mores
1731 3352 1934 3421 etiam
1994 3372 2222 3428 curae,
2277 3351 2533 3437 quique

156 3438 447 3509 studeret
499 3462 620 3527 per
675 3453 895 3509 certas
943 3440 1459 3510 exercitationes
1509 3441 1577 3508 in
1638 3440 2103 3511 ecclesiastica
2165 3437 2531 3526 disciplina

109 3521 396 3618 ‘licerent
429 3552 444 3612 3
500 3531 589 3598 ita
624 3528 827 3597 etiam
864 3528 1029 3609 fore,
1088 3543 1162 3598 ut
1195 3551 1416 3615 neque
1451 3529 1716 3598 levibus
1754 3531 1838 3599 de
1885 3529 2152 3599 caussis
2185 3527 2414 3596 clerici
2448 3527 2534 3595 ab

104 3631 151 3677 is
176 3614 471 3687 ecclesiis
507 3617 845 3697 abessent,
894 3639 1116 3705 neque
1152 3618 1360 3686 nimis
1391 3617 1541 3685 diu.
2337 3700 2340 3703 ·

107 3704 324 3776 58⁰.
378 3706 707 3796 Religiosi
755 3706 967 3775 animi
1025 3707 1204 3775 viros
1269 3707 1702 3776 vehementer
1749 3706 2100 3794 diligebat.
2157 3717 2220 3773 et
2280 3724 2533 3792 magna

106 3783 333 3860 luntate
378 3794 1011 3882 complectebatur,
1066 3808 1142 3865 ut
1191 3795 1348 3864 licet
1399 3794 1970 3874 necessitudiniS,
2011 3794 2352 3864 amorisve
2401 3792 2537 3860 alia

104 3893 236 3945 ussa
278 3880 718 3953 intercederet
755 3883 984 3963 nulla,
1038 3896 1351 3971 essetque
1401 3883 1607 3953 homo
1656 3882 1909 3969 alioqui
1948 3885 2250 3973 ignotus,
2310 3882 2537 3949 studio

96 3980 266 4046 reret,
319 3992 395 4040 ac
454 3993 523 4041 re
556 3973 834 4062 juvaret
881 3971 1325 4052 amicissime,
1382 3994 1519 4048 non
1581 3971 1806 4042 solum
1861 3972 1916 4042 si
1969 3983 2364 4059 rogaretur,
2419 3968 2554 4038 sed-

89 4135 99 4146 ·
179 4072 426 4145 sponte,
483 4061 540 4129 si
581 4061 841 4129 veniret
872 4062 940 4128 in
983 4072 1327 4140 mentem;
1380 4061 1726 4150 ejusmodi
1774 4060 1856 4128 ad
1907 4060 2336 4147 probitatem,
2379 4056 2538 4126 reli—

88 4223 97 4236 ·
134 4162 353 4232 sosque
385 4170 609 4226 mores
640 4149 1029 4250 propensio,
1071 4161 1255 4218 tanta
1289 4163 1455 4230 erat,
1496 4162 1574 4218 ut
1608 4148 1705 4217 vel
1745 4149 1969 4238 specie
2003 4148 2152 4236 ipsa
2188 4146 2534 4215 interdum

135 4247 336 4330 eretur
374 4259 812 4316 commoveri,
867 4237 1321 4322 hominesque
1362 4238 1686 4323 recipere,
1744 4257 2037 4323 quorum
2093 4235 2360 4302 bonitas
2385 4236 2537 4322 ejus

146 4330 255 4391 tiae
311 4347 441 4395 non
510 4326 952 4415 responderet
1014 4324 1415 4412 aequaliter.
1481 4326 1606 4395 Sed
1673 4326 1818 4413 ipse
1879 4321 2419 4478 quamplurimis
2475 4346 2538 4392 e·

120 4426 180 4475 ns
220 4411 676 4494 administriS‚
732 4414 1074 4484 interdum
1127 4414 1590 4501 quorumdam
1644 4433 1922 4502 operam
1980 4423 2100 4478 ece
2124 4411 2306 4479 esiae
2377 4432 2558 4500 suae·

1320 4649 1355 4694 ἐι
