2993 4837
471 346 600 409 420
1109 361 1185 405 ns
1234 361 1289 406 s,
1343 360 1619 406 marino
1671 361 1765 405 nr.
1821 356 2179 405 ruaonsrtst
2598 338 2751 404 Nov.
2790 336 2842 402 ss

387 445 767 524 candidior,
801 445 938 532 jam
988 444 1056 511 in
1092 444 1388 531 quadam
1424 443 1693 513 futurae
1729 444 2247 514 resurrectionis
2294 441 2513 533 gloria
2561 456 2624 511 et
2664 453 2857 511 natura

386 535 771 604 demutatae
804 533 1030 602 carnis
1063 547 1376 609 ostensus
1415 546 1536 602 est.

475 626 510 710 ἓ
558 628 640 694 4.
692 623 837 690 Jam
890 644 1043 690 vero
1090 622 1160 689 in
1197 617 1613 708 'obsequium
1668 621 1929 690 funeris
1976 621 2158 690 credi
2211 642 2344 689 non
2390 632 2626 709 potest,
2659 631 2863 706 quanta

389 712 748 780 hominum
802 709 1170 780 multitudo
1216 712 1625 780 convenerit.
1665 716 1823 779 Tota
1857 710 2123 778 obviam
2177 709 2443 798 corpori
2481 710 2708 777 civitas
2738 708 2861 775 ruit.

390 801 622 870 Cuncti
674 822 753 869 ex
801 799 984 889 agris
1039 811 1240 885 atque
1294 800 1505 880 vicis,
1563 798 1897 885 multique
1942 821 2020 868 ex
2076 799 2320 866 vicinis
2364 798 2568 866 etiam
2628 796 2870 866 urbibus

388 890 754 957 affuerunt.
808 891 858 956 Ο
890 901 1188 974 quantus
1240 887 1464 956 luctus
1512 888 1821 956 omnium
1853 942 1867 968 ‚
1921 900 2175 974 quanta
2216 889 2580 976 praecipue
2615 906 2872 954 moeren-

387 978 559 1045 tium
606 976 902 1045 lamenta
950 976 1468 1057 monachorum,
1524 977 1641 1064 qui
1678 998 1754 1044 eo
1787 975 1897 1044 die
1942 976 2079 1045 fere
2126 975 2207 1044 ad
2248 974 2384 1045 duo
2432 975 2645 1043 millia
2677 995 2875 1042 conve-

387 1065 572 1133 nisse
604 1065 949 1134 dicuntur.
1005 1065 1329 1154 Specialis
1365 1065 1633 1133 Martini
1674 1064 1929 1154 gloria:
1981 1065 2130 1153 ejus
2177 1064 2487 1153 exemplo
2531 1064 2601 1132 in
2652 1062 2874 1130 Domini

389 1154 708 1223 servitute
739 1154 944 1242 stirps
984 1166 1169 1221 tanta
1215 1152 1755 1222 fructificaverat.
1812 1153 2062 1253 Agebat
2115 1153 2443 1221 nimirum
2483 1165 2639 1220 ante
2676 1174 2741 1219 se
2785 1174 2875 1239 pa-

389 1254 528 1311 stor
586 1243 921 1312 extinctus
979 1263 1095 1331 gre
1145 1263 1216 1310 es
1277 1263 1484 1309 suos.
1541 1254 1812 1311 sanctae
1875 1242 2064 1311 illius
2116 1241 2583 1310 multitudinis
2629 1239 2877 1329 pallidas

389 1330 648 1409 turbaS,
692 1331 963 1419 agmina
1004 1329 1108 1419 pal
1146 1331 1300 1409 iata,
1340 1344 1402 1399 et
1442 1343 1561 1398 aut
1604 1331 1922 1399 emeritos
1957 1351 2174 1410 senes,
2230 1331 2640 1416 autjuratos
2672 1327 2877 1397 Christi

390 1418 457 1485 in
502 1433 923 1487 sacramenta
961 1432 1250 1507 tyrones.
1292 1423 1457 1487 Tum
1514 1419 1856 1507 virginum
1890 1419 2142 1487 chorus
2175 1419 2335 1486 fletu
2371 1419 2721 1486 abstinens
2753 1437 2881 1507 prae

392 1507 672 1596 pudore,
726 1530 878 1575 cum
934 1507 1321 1575 laetandum
1378 1506 1476 1574 illi
1529 1510 1752 1597 potius
1800 1529 1946 1575 esse
1996 1508 2295 1588 sentiret,
2349 1529 2552 1592 quem
2610 1509 2739 1593 jam
2784 1526 2883 1572 suo
2962 1538 2963 1541 ¹

391 1596 721 1663 Dominus
767 1596 1024 1684 gremio
1071 1595 1490 1673 confoveret,
1544 1616 1749 1681 quam
1804 1608 2035 1665 sancto
2084 1595 2570 1663 dissimulabat
2618 1593 2880 1685 gaudio,
2962 1620 2963 1629 ¹

389 1683 570 1770 quod
620 1683 939 1752 dolebat?
988 1683 1332 1769 Siquidem
1401 1684 1569 1753 fides
1618 1684 1779 1752 ssere
1829 1684 2259 1773 prohiberet,
2314 1684 2647 1773 gemitum
2706 1693 2885 1751 extor-
2962 1696 2963 1775 j

389 1784 625 1858 queret
672 1773 973 1841 affectus.
1028 1772 1284 1839 Etenim
1341 1785 1474 1839 tam
1527 1786 1671 1840 erat
1719 1787 1953 1840 sancta
1984 1773 2066 1840 de
2100 1772 2286 1840 itlius
2319 1770 2535 1861 gloria
2572 1771 2883 1848 exultatio.
2962 1800 2963 1859 j

389 1882 594 1946 quam
637 1861 742 1949 pia
780 1860 860 1928 de
912 1874 1122 1929 morte
1151 1860 1481 1928 confusio.
1525 1866 1808 1950 Ignosce
1842 1861 2186 1934 flentibus.
2243 1860 2589 1950 gratulare
2625 1860 2890 1948 gaudert—
2962 1890 2963 1895 ¹

392 1950 618 2017 tibus:
672 1950 833 2034 quia
865 1962 927 2017 et
965 1950 1150 2035 pium
1201 1963 1299 2017 est
1348 1949 1646 2038 gaudere
1704 1950 2030 2028 MartinO,
2075 1962 2138 2017 et
2179 1950 2369 2037 pium
2419 1962 2520 2017 est
2554 1951 2718 2017 flere
2751 1954 2889 2017 Mar·
2962 1938 2963 2019 l

391 2038 638 2118 tinum,
693 2037 854 2105 dum
908 2038 1386 2123 unusquisque
1416 2049 1480 2105 et
1529 2037 1657 2105 sibi
1712 2050 2026 2126 praestat,
2067 2050 2139 2105 ut
2172 2037 2417 2117 doleat,
2460 2050 2526 2106 et
2562 2036 2664 2104 illi
2701 2035 2889 2113 debet,

390 2137 465 2194 ut
497 2126 810 2215 gaudeat.
864 2131 1041 2194 Haec
1075 2127 1091 2191 i
1153 2126 1285 2193 itur
1319 2126 1493 2193 beati
1531 2126 1650 2193 viri
1694 2148 1946 2216 eorpus
1983 2147 2197 2212 usque
2232 2126 2314 2193 ad
2353 2125 2579 2193 locum
2628 2124 2890 2214 sepulcri

392 2214 669 2302 hymnis
708 2237 957 2282 canora
985 2236 1101 2283 coe
1133 2214 1389 2282 estibus
1425 2214 1618 2282 turba
1656 2215 2111 2302 prosequitur.
2168 2219 2636 2302 Comparetur,
2684 2215 2738 2282 si
2780 2212 2891 2303 pla·

387 2314 512 2381 cet,
556 2303 881 2372 secularis
925 2302 1038 2370 illa
1083 2324 1353 2391 pompa,
1408 2324 1541 2370 non
1577 2303 1801 2370 dicam
1851 2303 2134 2382 funeriS,
2178 2301 2292 2371 sed
2331 2304 2693 2391 triumphi.
2750 2299 2890 2385 Quid

390 2391 613 2461 simile
657 2392 921 2460 Martini
971 2391 1272 2477 exequiis
1321 2390 1751 2460 conferetur?
1800 2396 2061 2460 Ducant
2094 2390 2189 2459 illi
2226 2412 2383 2481 prae
2421 2393 2751 2460 curribus
2778 2389 2893 2459 suis

391 2481 651 2548 vinctos
701 2494 848 2569 post
884 2495 1066 2569 terga
1101 2481 1442 2569 captivos;
1498 2481 1762 2548 Martini
1813 2502 2064 2569 corpus
2114 2480 2207 2554 hi,
2247 2482 2366 2565 qui
2409 2481 2754 2549 mundum
2793 2478 2895 2547 du-

389 2582 545 2637 catu
604 2568 788 2636 illius
841 2570 1178 2648 vicerant,
1238 2583 1767 2656 prosequuntur.
1823 2568 1982 2637 Illos
2032 2567 2337 2637 confusis
2389 2569 2757 2668 plausibus
2801 2588 2895 2657 po·

392 2656 707 2746 pulorum
776 2656 1056 2724 honoret
1118 2658 1434 2735 insania;
1505 2658 1788 2725 Martino
1855 2656 2107 2726 divinis
2173 2656 2523 2746 plauditur
2634 2657 2891 2725 salmis:

392 2745 722 2812 Martinus
770 2745 1046 2833 hymnis
1090 2745 1495 2813 coelestibus
1549 2745 1943 2814 honoratur.
1984 2745 2092 2812 llli
2143 2758 2291 2833 post
2325 2746 2583 2835 triump
2640 2768 2717 2816 os
2763 2764 2897 2813 suos

390 2833 460 2899 iu
524 2845 769 2900 tartara
819 2855 1011 2900 saeva
1066 2833 1475 2916 truduntur3
1523 2834 1849 2902 Martinus
1898 2833 2202 2902 Abrahae
2260 2833 2418 2902 sinu
2481 2833 2702 2903 laetus
2748 2831 2893 2902 exci-

390 2920 624 3076 pitum
680 2921 1005 2989 Martinus
1055 2921 1164 2988 hic
1209 2943 1468 3010 pauper
1499 2935 1562 2990 et
1604 2921 1938 3001 modicuS‚
1983 2921 2247 2990 coelum
2286 2921 2472 2989 dives
2506 2922 2891 3012 ingreditur,

440 3009 669 3096 ymnis
708 3008 1109 3078 coelestibus
1159 3009 1576 3078 honoratur:
1630 3010 1822 3078 illinc
1876 3031 2019 3089 nos,
2074 3023 2147 3078 ut
2195 3031 2428 3097 spero,
2475 3010 2893 3080 custodiens,

397 3119 503 3165 me
539 3096 703 3166 haec
736 3099 1139 3166 scribentem
1183 3099 1479 3187 respicit,
1526 3113 1586 3166 te
1621 3097 1950 3188 legentem
1985 3099 2040 3165 ²⁴³.

445 3259 469 3284 *
499 3259 728 3298 Defuncto
758 3260 878 3306 apud
907 3260 1165 3299 condatum
1193 3261 1236 3300 S.
1269 3258 1492 3304 Max-tino,
1522 3261 1842 3304 Turonenses.
1872 3257 2192 3299 obnitentibus
2227 3260 2338 3299 lIcet
2374 3257 2600 3302 Picta-vis.
2630 3269 2790 3299 sacras
2815 3260 2897 3306 ejus

390 3313 581 3351 exuvias
609 3310 812 3361 Ligerim
841 3314 1084 3361 impositas
1114 3314 1162 3352 in
1198 3314 1360 3352 urbem
1393 3324 1526 3352 suam
1560 3314 1860 3353 transtulere.
1883 3315 2129 3362 Depositse
2163 3311 2313 3361 primo
2340 3315 2476 3362 juxta
2495 3311 2612 3353 titus
2630 3315 2681 3352 in
2702 3314 2815 3358 loeo,
2833 3310 2898 3358 qui

390 3363 556 3404 exinde
586 3367 720 3404 Statio
748 3367 946 3414 eorporis
981 3367 1090 3404 beari
1125 3365 1308 3405 Martini
1342 3364 1498 3405 dictus
1533 3366 1637 3408 fuit.
1674 3367 1753 3405 ubi
1787 3367 2017 3415 hodieque
2053 3367 2308 3406 oratorium
2343 3364 2475 3406 illius
2514 3365 2694 3406 nomini
2732 3372 2895 3405 sacrum

390 3415 575 3463 visitur.
602 3419 750 3458 alium
778 3420 827 3457 in
856 3420 1009 3458 locum
1043 3423 1206 3466 postea
1237 3420 1418 3458 delatae
1452 3420 1584 3459 fuere
1618 3420 1776 3468 ibique
1810 3420 2092 3459 reconditae.
2131 3417 2546 3459 Crebrescentibus
2578 3430 2721 3467 porro
2740 3418 2895 3464 mejus

389 3472 660 3519 sepulerum
689 3469 943 3515 miraculis.
971 3473 1013 3510 S.
1041 3471 1218 3510 Britius
1249 3475 1401 3522 (cujus
1435 3469 1660 3512 memoria
1691 3470 1767 3511 die
1799 3471 1847 3512 13
1875 3473 2141 3512 novembris
2159 3474 2458 3522 celebratur).
2480 3474 2522 3511 S.
2546 3471 2735 3512 Martini
2757 3468 2802 3510 in
2820 3469 2897 3517 epi·

392 3529 586 3574 scopam
612 3535 869 3569 successor,
897 3525 1154 3564 aediculam
1185 3536 1324 3574 supra
1355 3523 1507 3573 ipsum
1545 3531 1760 3565 sanctum
1789 3535 1958 3574 corpus
1980 3524 2255 3570 aedificavit.
2277 3536 2416 3574 quam
2436 3527 2602 3566 deinde
2623 3525 2793 3564 evertit
2810 3525 2895 3562 Per-

390 3580 575 3625 petuus,
594 3581 640 3616 et
662 3577 761 3626 ipse
784 3580 1070 3617 Turonensis
1092 3580 1285 3618 Praesul
1303 3578 1342 3626 (i
1363 3579 1470 3630 490),
1491 3581 1546 3618 ut
1563 3579 2008 3627 magnificentiorem
2028 3580 2338 3618 construeret.
2357 3581 2486 3618 Hune
2505 3579 2760 3622 bnsutcam.
2777 3584 2894 3627 quam

391 3632 678 3671 Francorum
707 3641 841 3681 reges
867 3629 1011 3670 variis
1040 3629 1245 3671 donariis
1272 3636 1319 3671 et
1347 3633 1724 3672 immunitatibus
1755 3633 2069 3676 cumularunt.
2088 3633 2379 3680 descripsere
2400 3634 2444 3672 S.
2467 3633 2722 3680 Gregorius
2741 3632 2892 3669 {rm-on.

391 3687 439 3724 et
467 3684 685 3724 Sidonius
713 3683 1008 3733 Apollinaris.
1042 3687 1083 3724 S.
1116 3686 1293 3732 litigius
1313 3686 1501 3724 demum
1520 3684 1618 3734 (qui
1638 3687 1712 3725 die
1737 3686 1755 3724 1
1778 3687 2038 3728 decembris
2056 3686 2246 3734 colitur)
2267 3697 2438 3730 arcam.
2457 3695 2584 3730 auro,
2601 3689 2792 3734 argento
2810 3690 2893 3730 pte—

391 3734 757 3786 tiosissimisque
786 3738 960 3786 lapillis
989 3739 1261 3782 confectum.
1289 3737 1550 3782 fabricavit.
1577 3737 1625 3778 iu
1653 3749 1746 3787 qus
1780 3749 1911 3778 sacra
1931 3740 1973 3778 S.
1992 3739 2182 3778 Martini
2201 3748 2307 3778 ossa
2326 3739 2530 3787 reposita
2547 3739 2693 3777 fuere.
2712 3737 2775 3776 Ad
2793 3744 2893 3784 quse

391 3792 830 3839 venerandaingens
850 3788 1227 3831 christifidelium
1248 3792 1503 3831 multitudo
1520 3802 1576 3830 ex
1595 3793 1813 3831 omuibus
1834 3794 2042 3840 Europae
2063 3794 2333 3839 provinciis.
2353 3793 2499 3831 vetuti
2516 3792 2571 3830 ad
2587 3790 2892 3838 Apostolorum

392 3844 558 3883 limina
575 3841 650 3882 vel
671 3845 726 3884 ad
746 3848 910 3883 sancta.
929 3845 1215 3883 Palaestinae
1235 3846 1350 3888 loca.
1369 3846 1480 3884 olim
1501 3846 1822 3884 conveniebat.
1842 3843 2099 3884 Galliarum
2121 3856 2254 3894 reges
2276 3849 2318 3885 S.
2344 3847 2605 3886 Min-tinum.
2628 3848 2680 3882 ut
2707 3843 2892 3891 ipsorum

393 3901 440 3937 et
468 3897 729 3936 Galliarum
755 3898 1000 3945 specialem
1031 3901 1279 3945 patronum
1313 3899 1662 3944 reverebantur,
1696 3900 1835 3946 atque
1869 3897 2027 3942 titum.
2060 3908 2151 3945 quo
2186 3901 2397 3938 exornati
2425 3901 2558 3936 erant
2584 3897 2891 3935 canonicorum

392 3952 575 3991 scilicet
603 3951 647 3989 S.
679 3949 881 3995 Martini.
908 3962 1201 3998 summopere
1233 3950 1566 3998 gloriabantur.
1592 3972 1641 3980 —
1663 3953 1835 3991 Verum
1865 3949 2123 3991 (juviniani
2145 3952 2383 3995 haeretici.
2402 3962 2542 3999 quum
2562 3961 2681 3988 uiuo
2702 3949 2800 3988 1562
2816 3947 2891 3984 Tu·

392 4014 560 4042 ronuxn
590 4003 704 4043 urbe
734 4002 871 4051 potiti
901 4008 1071 4049 essent,
1100 4001 1323 4052 templum
1345 4001 1461 4044 illud
1483 4003 1742 4048 vastavere.
1763 4008 1902 4053 atque
1923 4005 1967 4044 S.
1990 4005 2178 4044 Martini
2198 4004 2438 4054 Reliquias
2463 4005 2647 4042 immani
2668 4000 2889 4057 sacrilegae

391 4057 440 4094 in
469 4059 624 4104 ignem
651 4055 899 4104 projecere.
929 4056 1107 4097 Visitur
1135 4056 1363 4106 hodieque
1393 4059 1524 4097 locus
1554 4059 1609 4097 ad
1640 4060 1893 4098 australem
1914 4059 2137 4098 ecelesiae
2157 4061 2352 4108 partem,
2372 4056 2419 4097 in
2441 4068 2530 4106 qno
2548 4058 2702 4096 Sancti
2721 4056 2886 4095 mrum

394 4120 565 4159 eorpus
585 4113 840 4150 crematum
862 4113 944 4151 eet..
