2993 4837
75 296 236 361 Nov.
294 297 331 359 7
626 314 699 359 na
747 314 802 359 s.
858 311 1257 360 ENGELBERTO
1307 313 1599 361 Ancatap.
1654 312 2022 361 cocomausr
2383 296 2507 359 327

146 400 180 483 ξ
225 402 373 469 12.
434 396 692 466 Placuit
738 398 917 466 circa
974 397 1150 466 idern
1188 410 1456 498 tempus
1493 398 1776 485 Spiritui
1814 401 2083 478 Sancto,
2140 396 2460 484 martyris
2492 398 2594 464 sui
2695 430 2700 433 ·

78 486 262 554 tinem
306 486 724 573 quibusdam
779 487 942 554 viris
990 486 1373 576 religiosis,
1428 486 1636 572 idque
1688 486 1975 555 diversis
2025 486 2092 553 in
2146 486 2357 565 locis,
2414 507 2598 554 reve-

75 574 218 644 lare.
276 574 652 645 Monachus
697 575 979 661 quidam
1031 576 1585 675 congregationis
1635 587 1927 655 nostrae,
1971 575 2245 662 juvenis
2281 574 2600 664 probatae

74 664 253 747 vitae,
309 664 550 732 Abbati
601 678 828 732 nostro
878 664 1207 734 secretius
1255 664 1574 733 dicebat:
1628 687 1662 729 «
1702 664 2031 743 Domine,
2087 664 2144 732 si
2205 685 2335 750 qua
2390 663 2600 731 habes

73 753 410 821 tractanda
444 774 603 821 cum
640 752 1186 841 Archiepiscopo.
1243 773 1327 821 ne
1374 752 1699 835 differas:
1751 752 1914 838 quia
1948 751 2130 820 brevi
2185 751 2601 820 morietur.»

71 841 389 909 Postdies
432 863 685 930 paucos
736 841 1162 910 infirmarius
1211 853 1462 921 noster,
1517 841 1902 911 Winandus
1952 840 2252 922 nomine,
2309 862 2430 929 pro
2485 861 2604 908 ne-

71 930 234 1017 gotio
281 930 580 1016 quodam
634 929 715 997 ad
768 929 992 1011 illum,
1039 934 1361 999 Susatum
1412 931 1714 999 directus
1742 942 1866 999 est.
1908 929 2035 1012 Qui
2084 952 2243 998 curn
2283 929 2351 996 in
2387 930 2603 997 Veteri

75 1033 307 1095 monte,
346 1018 553 1087 domo
602 1018 875 1088 Ordinis
911 1019 1120 1088 nostri
1158 1032 1605 1107 pernoctaret,
1659 1031 1724 1087 et
1774 1040 1974 1087 mane
2024 1017 2220 1086 vellet
2255 1017 2592 1096 recedere,

72 1109 389 1194 Supprior
435 1107 870 1183 subsecutus,
916 1108 1011 1175 ait
1059 1108 1142 1176 ad
1193 1130 1390 1177 eum:
1446 1131 1482 1173 «
1521 1112 1633 1176 Est
1662 1107 1848 1195 apud
1888 1128 2011 1174 nos
2042 1128 2415 1176 conversus
2448 1106 2600 1193 qui·

72 1194 239 1275 dam,
294 1196 614 1281 spiritum
671 1196 930 1264 habens
983 1196 1483 1285 propheticum,
1532 1198 1732 1266 sicuti
1777 1217 1979 1284 saepe
2027 1195 2282 1284 experti
2323 1217 2594 1264 sumus.

74 1287 129 1350 Is
156 1284 658 1354 tribulationem
689 1285 1036 1372 ingentem
1071 1286 1256 1355 brevi
1283 1285 1564 1355 domino
1596 1296 1826 1356 nostro
1853 1284 2379 1372 Archiepiscopo
2411 1305 2604 1352 even·

76 1386 275 1441 turam
322 1374 702 1462 prophetat.
737 1378 1165 1474 Quapropter
1196 1396 1360 1464 rogo
1394 1396 1534 1455 νος,
1576 1387 1649 1443 ut
1685 1374 2019 1442 moneatis
2058 1394 2214 1450 eum
2251 1385 2326 1441 ut
2356 1385 2603 1442 cautus
2695 1410 2700 1417 ·

82 1461 176 1538 sit,
226 1484 434 1549 seque
480 1462 915 1530 custodiat.»
965 1467 1085 1532 Cui
1129 1461 1241 1531 ille
1291 1462 1675 1551 respondit:
1731 1486 1766 1528 «
1797 1462 2019 1531 Satius
2058 1474 2161 1530 est
2217 1483 2325 1530 me
2382 1460 2446 1528 id
2503 1475 2603 1530 ta·

76 1571 246 1616 cere:
282 1573 439 1619 nam
479 1572 602 1640 pro
632 1549 871 1620 frivolo
903 1551 1264 1620 habiturus
1296 1565 1421 1620 est.
1452 1574 1486 1618 »
1522 1553 1810 1620 Veniens
1839 1551 1998 1619 inde
2031 1549 2114 1619 ad
2155 1550 2598 1638 Episcopum,

79 1636 350 1729 benigne
400 1651 763 1728 susceptus
811 1651 911 1708 est
942 1652 1007 1708 et
1039 1639 1418 1728 expeditus,
1474 1662 1598 1709 nec
1647 1640 2020 1726 quicquam
2064 1654 2287 1709 tamen
2343 1638 2438 1706 illi
2478 1638 2604 1708 hac

79 1725 148 1793 de
184 1750 251 1794 re
282 1728 589 1797 indicare
629 1749 842 1797 ausus
874 1727 1028 1797 suit.
1070 1730 1183 1797 Die
1223 1730 1530 1814 sequenti
1567 1729 1895 1797 dominus
1930 1728 2310 1817 Episcopus
2348 1728 2607 1797 litteras

81 1814 319 1885 indices
368 1816 609 1886 mortis
644 1838 808 1885 suae
843 1838 1000 1885 acce
1060 1817 1128 1885 it.
1173 1822 1355 1899 Quas
1383 1840 1542 1885 cum
1583 1817 1878 1906 legisset,
1921 1817 1988 1885 in
2032 1817 2261 1906 ignem
2301 1818 2600 1896 mittens,

86 1905 352 1990 pedibus
387 1904 835 1984 conculcavit,
880 1928 963 1974 ne
1047 1906 1379 1975 iscordiae
1404 1906 1854 1974 seminarium
1893 1905 2133 1974 fierent
2166 1905 2344 1972 inter
2373 1906 2605 1993 ipsum

85 2005 135 2059 et
176 2005 537 2083 cognatum
580 2015 784 2062 suum
822 1995 1145 2063 Comitem
1185 1994 1634 2064 Fridericum.
1673 1993 2002 2062 Recitavit
2044 2006 2266 2062 tamen
2301 2013 2416 2061 eas
2449 1995 2606 2082 Epi-

90 2102 261 2169 scopo
311 2081 675 2161 Mindensi,
728 2083 847 2168 qui
901 2104 1223 2171 praesens
1270 2096 1436 2152 erat.
1491 2086 1610 2152 Cui
1646 2105 1805 2152 curn
1853 2082 2108 2151 diceret
2152 2081 2311 2151 ille:
2366 2105 2402 2147 «
2440 2086 2606 2150 Cave

93 2168 212 2249 tibi,
249 2171 552 2251 domine,
595 2184 870 2261 propter
902 2176 1139 2250 Deum,
1197 2194 1328 2240 non
1382 2171 1606 2241 solum
1662 2184 1774 2240 tua
1812 2192 2044 2249 causa,
2090 2170 2205 2239 sed
2242 2170 2446 2238 etiam
2486 2192 2608 2259 pro

94 2257 355 2354 utilitate
415 2260 757 2329 Ecclesiae
821 2273 1136 2341 nostrae,
1206 2273 1269 2329 et
1330 2264 1534 2329 totius
1601 2273 1815 2329 terrae
1865 2259 2124 2329 salute:
2170 2283 2206 2325 »
2258 2258 2609 2346 respondit

90 2344 222 2415 1lle:
274 2372 310 2415 (ι
349 2350 713 2438 Angustiae
764 2348 932 2417 mihi
969 2360 1131 2417 sunt
1165 2348 1495 2436 undique,
1524 2348 1776 2437 etquid
1815 2349 1984 2417 mihi
2018 2346 2435 2426 faciendum,
2481 2352 2606 2416 Do-

90 2436 293 2505 minus
346 2440 550 2518 novit,
608 2460 890 2526 prorsus
926 2439 1188 2527 ignoro.
1244 2444 1375 2510 Vae
1425 2439 1619 2516 mihi,
1676 2439 1728 2510 si
1782 2451 2094 2507 tacuero:
2151 2438 2207 2509 si
2239 2448 2464 2505 autem
2509 2438 2608 2506 eis

94 2545 512 2613 proposuem,
571 2527 821 2607 dicent,
880 2528 1091 2597 immo
1138 2528 1381 2598 amicis
1427 2541 1491 2596 et
1531 2527 1841 2617 cognatis
1890 2527 1973 2595 de
2024 2549 2130 2595 me
2182 2548 2608 2612 conqueren-

92 2625 201 2691 tur,
227 2616 406 2702 quod
456 2615 808 2704 parricidii
855 2617 1114 2685 crimen
1172 2617 1270 2685 eis
1321 2617 1729 2706 impingam.
1784 2620 1924 2684 Non
1978 2615 2199 2685 solum
2255 2614 2339 2684 de
2381 2614 2609 2683 Fride-

91 2701 230 2782 rice,
282 2704 397 2773 sed
435 2704 638 2773 etiam
682 2705 766 2773 de
815 2704 1178 2774 Godesrido
1225 2717 1289 2774 et
1322 2705 1685 2785 Willelmo,
1739 2703 2065 2773 fratribus
2094 2705 2265 2806 ejuS,
2308 2704 2610 2792 suspicio

93 2787 238 2859 fuit:
281 2815 319 2858 »
365 2805 430 2862 et
476 2793 761 2879 adjecit:
818 2816 853 2859 «
897 2798 1032 2881 Ego
1081 2794 1168 2863 ab
1225 2794 1352 2862 hac
1394 2794 1561 2862 hora
1616 2816 1869 2883 corpus
1915 2806 1978 2863 et
2027 2816 2329 2862 animam
2388 2814 2607 2862 meam

96 2876 341 2951 divinae
379 2882 733 2951 committo
769 2882 1254 2971 providentiae.
1293 2905 1328 2948 »

168 2970 199 3052 ἓ
238 2975 381 3043 123.
434 2975 946 3057 Assumensque
986 2971 1398 3061 Episcopum
1439 2972 1639 3041 illum
1673 2971 1741 3039 in
1785 2970 2117 3040 sacellum
2153 2992 2384 3051 suurn,
2424 2970 2613 3041 solus

106 3055 207 3124 soli
247 3060 465 3149 coepit
513 3059 820 3129 confiteri
870 3061 1105 3128 omnia
1154 3073 1430 3148 peccata
1483 3081 1610 3131 sua
1658 3062 1745 3129 ab
1804 3059 2082 3128 ineunte
2133 3072 2396 3136 aetate,
2451 3080 2609 3127 cum

104 3154 257 3215 tanto
293 3149 511 3217 imbre
571 3147 1033 3237 lacrymarum
1064 3204 1078 3228 ,
1132 3161 1208 3218 ut
1259 3161 1473 3217 totum
1532 3160 1766 3236 pectus
1812 3148 1962 3236 ejus
2011 3146 2498 3224 infunderent,
2551 3160 2614 3215 et

99 3235 294 3305 cordis
328 3236 639 3307 maculas
664 3238 924 3305 crebris
951 3236 1346 3314 stillicidiis,
1380 3250 1455 3306 ut
1488 3258 1872 3326 speramus,
1907 3235 2270 3305 diluerent.
2309 3239 2615 3320 Cumque

97 3319 317 3394 diceret
348 3327 408 3394 ei
440 3325 771 3394 dominus
806 3325 1215 3394 Mindensis:
1249 3348 1285 3390 «
1319 3325 1551 3394 Timeo
1583 3325 1811 3394 adhuc
1848 3324 2053 3393 latere
2088 3324 2154 3391 in
2193 3323 2614 3393 conscientia

101 3428 316 3509 vestra,
367 3413 551 3500 quod
592 3414 760 3482 mihi
797 3414 1055 3483 dictum
1102 3435 1235 3483 non
1289 3415 1420 3483 sit:
1457 3437 1492 3480 »
1544 3413 1899 3514 respondit
1932 3414 2171 3482 beatus
2211 3412 2365 3480 ille:
2422 3435 2456 3476 «
2489 3416 2615 3479 Do-

99 3517 303 3596 minus
349 3504 478 3573 scit
527 3524 637 3571 me
669 3525 748 3571 ex
783 3502 1122 3572 industria
1160 3502 1330 3570 nihil
1371 3503 1810 3572 subticuisse.
1845 3525 1880 3568 »
1931 3507 2166 3572 Postea
2209 3514 2431 3569 tamen
2474 3499 2615 3588 ple—

101 3606 240 3657 nius
283 3592 595 3680 cogitans
626 3591 711 3659 de
766 3593 1060 3680 peccatis
1118 3592 1287 3671 suis,
1344 3613 1621 3661 summo
1678 3613 1881 3660 mane
1929 3593 1996 3660 in
2051 3590 2343 3680 priorem
2390 3588 2613 3657 locum

98 3672 331 3749 ducens
359 3679 821 3749 consessorem
856 3701 1063 3750 suurn
1091 3680 1440 3752 confessor
1474 3681 1770 3760 Domini,
1823 3681 1889 3748 in
1926 3679 2177 3770 spiritu
2214 3677 2619 3747 humilitatis

96 3765 236 3833 etin
275 3769 509 3837 animo
536 3768 849 3849 contritO,
886 3769 1071 3855 quod
1111 3772 1477 3840 memoriae
1511 3782 1925 3850 occurrerat,
1960 3790 2201 3837 rursus
2227 3789 2383 3835 cum
2416 3765 2620 3834 tantis

102 3848 398 3943 lacrymis
431 3855 787 3927 confessus
835 3870 961 3938 est,
1009 3871 1084 3926 ut
1122 3859 1186 3925 in
1224 3858 1338 3927 tali
1384 3880 1672 3948 persona
1710 3858 1907 3926 talem
1950 3856 2239 3947 gratiam
2289 3854 2622 3942 lacryma-

102 3960 233 4009 rum
262 3946 643 4044 Episcopus
676 3945 1053 4016 Mindensis
1091 3947 1328 4014 mirari
1364 3968 1499 4016 non
1541 3946 1906 4026 sufficeret,
1944 3958 2010 4014 et
2042 3943 2157 4012 ille
2191 3943 2428 4011 merito
2462 3964 2621 4010 cum

100 4030 407 4118 Propheta
464 4032 690 4103 dicere
746 4048 1012 4124 posset:
1070 4036 1316 4104 Emitus
1362 4057 1699 4124 aquarum
1751 4035 2179 4102 deduoeerunt
2235 4033 2416 4100 oculi
2464 4033 2619 4109 mei,

102 4122 241 4203 qnia
270 4145 399 4189 non
450 4124 778 4192 custodivi
816 4127 1027 4214 leqem
1078 4135 1261 4193 tuam
1313 4123 1451 4212 (Ps.
1500 4123 1680 4208 418).
1726 4128 1912 4192 Teste
1958 4120 2194 4189 eodem
2240 4119 2576 4207 Episcopo
2607 4171 2621 4198 ,
2685 4126 2703 4146 ⁴

9 4236 10 4239 ¹
106 4208 282 4294 cujus
314 4209 639 4280 relatione
670 4213 832 4282 haec
862 4225 1211 4302 comperta
1240 4224 1424 4290 sunt,
1458 4210 1556 4278 sic
1593 4232 1664 4278 se
1694 4209 2100 4280 contritione
2132 4207 2362 4276 cordis
2393 4227 2622 4275 coram

108 4294 370 4364 Domino
409 4301 743 4376 mactavit,
803 4301 900 4369 sic
943 4323 1014 4369 se
1061 4302 1198 4370 oris
1248 4298 1677 4368 confessione
1713 4297 2091 4374 mundavit,
2151 4309 2281 4362 tam
2338 4293 2628 4364 sollicite

106 4395 373 4470 utraque
402 4385 880 4470 justificatione
918 4411 986 4458 se
1024 4410 1466 4480 praeparans,
1511 4386 1650 4454 acsi
1687 4387 1834 4476 ipsa
1866 4386 1974 4454 die
2014 4384 2387 4452 moriturus
2419 4395 2624 4453 esset.

2713 4487 2786 4530 ps
