2993 4837
41 325 188 392 NOV.
245 325 311 389 tt
746 344 824 390 na
872 344 926 390 s.
979 342 1259 393 nanno
1305 344 1404 390 ΕΡ.
1458 342 1812 392 TURONENSI
2332 328 2460 393 393

39 428 295 506 victum,
353 448 725 497 reservare.
778 427 926 496 lam
995 441 1136 496 tum
1190 427 1536 517 Evangelii
1590 450 1723 496 non
1777 427 2033 499 surdus
2095 428 2411 507 auditor,
2465 429 2550 498 de

37 516 300 586 crastino
347 537 483 586 non
540 517 912 606 cogitabat.

102 609 133 689 ξ
179 611 261 675 8.
312 605 628 688 Quodam
684 605 912 691 itaque
946 617 1272 761 tempore,
1311 626 1469 674 cum
1518 603 1662 692 jam
1716 605 1888 675 nihil
1944 618 2207 692 praeter
2244 629 2436 675 arma
2484 620 2548 674 et

35 693 380 781 simplicem
437 694 732 762 militiae
779 707 1029 762 vestem
1140 694 1415 771 aberet,
1473 693 1695 762 media
1769 694 1948 763 hiem
2100 716 2277 780 quae
2347 695 2547 763 solito

33 784 300 869 asperior
349 782 818 863 inhorruerat,
862 783 1031 850 adeo
1079 795 1156 850 ut
1217 781 1580 870 plerosque
1629 783 1729 851 vis
1778 782 1932 871 algo
2090 784 2538 870 extingueret,

33 871 272 941 obvium
327 872 580 941 habuit
630 872 697 939 in
740 884 930 960 porta
970 871 1535 941 Ambianensium
1576 870 1609 906 *
1655 871 1949 941 civitatis
2000 893 2373 961 pauperem
2418 895 2547 941 nu-

33 959 195 1027 dum.
236 960 360 1041 Qui
408 981 575 1028 cum
624 972 1153 1048 praetereuntes,
1191 972 1267 1028 ut
1299 960 1409 1028 sui
1443 960 1954 1039 misererentur,
1996 974 2242 1040 oraret,
2273 983 2546 1029 omnes-

33 1068 141 1133 que
188 1049 514 1118 miserum
574 1049 1058 1137 praeterirent,
1114 1047 1445 1117 intellexit
1492 1049 1595 1116 vir
1642 1052 1775 1118 Deo
1836 1048 2083 1137 plenus
2131 1049 2264 1118 sibi
2314 1049 2538 1131 illum,

33 1136 162 1205 aliis
205 1136 751 1207 misericordiam
807 1138 952 1206 ’non
1029 1137 1581 1225 praestantibus,
1639 1137 1991 1207 reservari.
2061 1138 2239 1220 Quid
2314 1150 2542 1207 tamen

35 1229 265 1313 ageret?
309 1226 492 1295 Nihil
539 1239 808 1314 praeter
839 1225 1300 1312 chlamydem,
1341 1247 1476 1312 qua
1508 1224 1795 1296 indutus
1825 1238 1991 1304 erat,
2037 1226 2355 1296 habebat.
2387 1233 2543 1295 Jam

36 1315 184 1381 enim
235 1315 495 1401 reliqua
547 1316 619 1383 in
669 1337 846 1404 opus
894 1314 1120 1383 simile
1151 1328 1697 1403 consumpserat.
1737 1320 2019 1404 Arrepto
2068 1316 2297 1402 itaque
2334 1315 2535 1395 ferr0,

37 1423 146 1487 quo
186 1416 320 1472 erat
353 1404 744 1487 accinctus,
787 1403 1080 1472 mediam
1132 1401 1396 1483 dividit,
1442 1417 1840 1491 partemque
1887 1405 2039 1492 ejus
2091 1405 2378 1493 pauperi
2422 1405 2544 1473 tri-

37 1490 177 1571 buit,
213 1492 471 1579 reliqua
524 1513 775 1561 rursus
828 1491 1164 1562 induitur.
1210 1496 1474 1560 Interea
1522 1490 1605 1560 de
1652 1492 2268 1562 circumstantibus
2320 1493 2544 1562 ridere

37 1579 338 1661 nonnulli,
410 1582 582 1668 quia
658 1580 986 1649 deformis
1031 1593 1256 1659 esset,
1316 1591 1381 1649 et
1429 1593 1788 1650 truncatus
1850 1581 2092 1651 habitu
2157 1582 2539 1653 videretur:

39 1667 202 1738 multi
246 1682 499 1748 tamen,
535 1669 797 1756 quibus
843 1683 987 1738 erat
1038 1690 1232 1737 mens
1277 1668 1534 1749 sanior,
1572 1668 1781 1738 altius
1819 1692 2114 1758 gemere,
2150 1671 2272 1757 qui
2316 1670 2546 1742 simile

37 1755 178 1824 nihil
224 1756 565 1833 fecissent,
620 1780 780 1827 cum
829 1758 1068 1845 utique
1110 1755 1266 1846 plus
1315 1757 1666 1835 habentes,
1703 1759 1942 1827 vestire
1987 1781 2356 1848 pauperem
2397 1760 2545 1829 sine

43 1864 142 1913 sua
175 1846 473 1916 nuditate
527 1847 933 1935 potuissent.
979 1851 1179 1915 Nocte
1212 1846 1425 1934 igitur
1465 1846 1798 1925 insecuta,
1843 1868 2001 1915 cum
2055 1870 2127 1916 se
2162 1846 2393 1938 sopori
2429 1847 2546 1918 de-

43 1930 233 2013 disset,
283 1936 453 2005 vidit
516 1936 862 2005 Christum
929 1934 1319 2023 chlamydis
1367 1957 1580 2014 suae,
1643 1956 1780 2020 qua
1833 1957 2201 2024 pauperem
2256 1950 2534 2033 texerat,

47 2036 198 2107 parte
220 2024 563 2094 vestitum.
605 2024 861 2093 Intueri
896 2023 1426 2111 diligentissime
1453 2023 1846 2102 Dominum,
1889 2037 2302 2111 vestemque,
2328 2046 2541 2111 quarn

50 2106 297 2193 dederat,
326 2113 624 2199 jubetur
676 2134 1068 2212 agnoscere.
1130 2117 1278 2181 Mox
1341 2113 1424 2181 ad
1476 2111 1887 2202 Angelorum
1938 2114 2538 2183 circumstantium

51 2198 522 2271 multitudinem
594 2201 857 2271 audivit
900 2207 1136 2270 Jesum
1206 2201 1393 2270 clara
1442 2223 1602 2270 voce
1670 2200 2060 2269 dicentem:
2117 2224 2151 2267 «
2207 2202 2541 2271 Martinus

57 2284 230 2358 adhuc
264 2291 807 2360 catechumenus
841 2291 968 2360 hac
1005 2311 1113 2358 me
1153 2303 1331 2359 veste
1369 2289 1687 2359 contexit.
1734 2312 1769 2354 »
1807 2294 1969 2357 Vere
2001 2311 2266 2359 memor
2314 2291 2541 2359 Domi-

55 2392 158 2444 nus
191 2377 522 2450 dictorum
591 2400 872 2449 suorum
907 2434 923 2458 ‚
976 2378 1094 2465 qui
1142 2392 1300 2448 ante
1349 2378 1819 2468 praedixerat:
1880 2379 2218 2462 Quamdiu
2287 2380 2543 2469 fecistis

53 2462 178 2533 haec
215 2470 328 2537 uni
365 2493 459 2538 ew
506 2471 806 2537 minimis
851 2469 1020 2548 istis,
1071 2468 1246 2536 mihi
1287 2470 1541 2558 fecistis
1589 2468 1855 2557 (Manli.
1892 2469 2072 2554 xxv):
2128 2490 2201 2537 se
2250 2468 2317 2537 in
2419 2491 2545 2537 au-

49 2570 174 2638 pere
206 2558 553 2642 professus
582 2573 682 2625 est
715 2557 927 2627 fuisse
960 2557 1301 2626 vestitum.
1342 2561 1418 2625 Et
1465 2556 1552 2625 ad
1602 2557 2159 2626 confirmandum
2199 2570 2333 2626 tam
2425 2558 2541 2626 oni

45 2643 230 2728 operis
273 2645 771 2727 testimonium,
809 2646 875 2714 in
918 2644 1153 2714 eodem
1206 2667 1277 2713 se
1319 2645 1582 2725 habitu,
1619 2667 1823 2732 quem
1864 2667 2126 2735 pauper
2158 2659 2537 2736 acceperat,

47 2731 456 2823 estdignatus
505 2734 886 2804 ostendere.
926 2739 1071 2816 Quo
1122 2734 1288 2813 viso,
1329 2733 1429 2802 vir
1478 2735 1921 2803 beatissimus
1974 2758 2105 2804 non
2140 2734 2205 2804 in
2249 2735 2542 2826 gloriam

49 2831 126 2885 est
149 2820 348 2892 elatus
383 2824 790 2904 humanam,
831 2823 946 2893 sed
1003 2823 1370 2891 bonitatem
1422 2823 1537 2891 Dei
1579 2824 1645 2891 in
1689 2845 1814 2893 suo
1854 2844 2062 2911 opere
2091 2846 2536 2914 cognoscens,

49 2925 173 2975 eum
206 2926 375 2982 esset
419 2933 766 2982 annorum
817 2911 956 2980 duo
1004 2911 1088 2979 de
1122 2911 1386 3001 viginti,
1425 2912 1509 2980 ad
1565 2912 1985 3000 baptismum
2027 2913 2408 2982 convolavit
2444 2914 2536 2981 ⁴¹⁴⁸.

51 2993 150 3063 Nec
192 3012 426 3069 tamem
474 3000 705 3069 statim
758 3000 1042 3069 militiae
1092 3001 1543 3078 renunciavit,
1583 3000 1838 3069 tribuni
1881 3001 1991 3068 sui
2031 3002 2351 3089 precibus
2406 3002 2543 3070 evi-

55 3094 197 3179 ctus,
251 3091 359 3158 cui
421 3088 952 3159 contubernium
1006 3088 1344 3158 familiare
1403 3089 1813 3178 praestabat.
1867 3090 2129 3156 Etenim
2196 3103 2541 3160 transacto

55 3171 394 3248 tribunatus
443 3178 554 3247 sui
604 3190 946 3267 tempore,
1010 3178 1579 3249 renunciaturum
1648 3200 1718 3246 se
1767 3175 1999 3246 seculo
2059 3176 2531 3265 pollicebatur.

53 3260 165 3337 Qua
195 3268 513 3337 Martinus
543 3267 1044 3356 exspectatione
1075 3288 1481 3355 suspensus,
1536 3287 1654 3354 per
1685 3265 2039 3335 biennium
2075 3266 2233 3347 fere,
2276 3281 2539 3355 postea-

51 3365 216 3429 quam
263 3368 360 3423 est
408 3356 828 3444 baptismum
881 3368 1313 3434 consecutuS,
1362 3355 1507 3424 solo
1556 3354 1817 3424 scilicet
1866 3354 2144 3422 nomine
2195 3355 2534 3423 militavit.

120 3440 148 3520 ἓ
187 3443 270 3509 Β.
321 3448 584 3513 Interea
628 3444 1054 3514 irruentibus
1103 3444 1280 3513 intra
1329 3442 1585 3513 Gallias
1639 3443 1974 3520 barbaris,
2018 3442 2344 3513 Julianus
2380 3447 2539 3512 Cae-

55 3542 160 3624 sar.
194 3544 412 3600 coacto
461 3533 529 3600 in
574 3553 790 3600 unum
826 3532 1150 3610 exercitu,
1188 3532 1374 3622 apud
1411 3531 1839 3621 Vangionum
1891 3530 1996 3565 *⁴*
2033 3531 2373 3600 civitatem
2412 3532 2537 3601 do-

59 3627 312 3707 nativum
348 3622 566 3710 coepit
595 3643 875 3710 erogare
908 3620 1268 3691 militibus,
1311 3626 1386 3689 Et
1429 3621 1539 3709 (ut
1565 3632 1667 3689 est
1696 3619 2252 3708 consuetudinis)
2276 3620 2537 3709 singuli

55 3703 416 3789 citabantur,
462 3709 677 3779 donec
731 3711 815 3778 ad
870 3710 1235 3778 Martinum
1273 3722 1550 3778 ventum
1599 3721 1720 3777 est.
1776 3716 1944 3778 Tum
1998 3719 2152 3778 vero
2210 3722 2540 3799 opportu-

59 3807 188 3860 num
235 3807 498 3897 tempus
528 3799 952 3876 existimans,
986 3821 1125 3885 quo
1175 3810 1427 3888 peteret
1469 3798 1864 3867 missionem
1899 3797 2155 3886 (neque
2193 3798 2375 3866 enim
2431 3799 2539 3866 in-

60 3886 278 3978 tegrum
328 3887 455 3955 s1bi
503 3886 643 3955 sore
700 3886 1164 3959 arbitrabatur
1194 3941 1208 3966 ,
1272 3887 1328 3955 si
1376 3886 1775 3955 donativum
1810 3940 1825 3965 ‚
1883 3906 2016 3953 non
2085 3885 2532 3966 militaturuS,

62 3973 411 4067 acciperet):
457 4001 491 4040 ι(
543 3980 913 4056 HactenuS,
954 3976 1179 4061 inquit
1217 3974 1300 4043 ad
1343 3980 1723 4054 Caesarem,
1782 3973 2066 4043 militavi
2113 3974 2282 4043 tibi:
2355 3996 2539 4042 nunc

66 4070 288 4138 patere,
346 4077 418 4130 ut
468 4063 747 4132 militem
817 4069 994 4132 Deo:
1056 4064 1453 4133 donativum
1509 4077 1704 4133 tuum
1760 4075 2193 4151 pugnaturus
2247 4063 2542 4150 accipiat

65 4139 233 4213 alter:
297 4149 532 4221 Christi
594 4174 719 4240 ego
781 4152 979 4221 miles
1041 4174 1222 4228 sum,
1274 4174 1584 4242 pugnare
1635 4152 1807 4219 mihi
1859 4172 1992 4219 non
2047 4150 2222 4220 licet.
2281 4173 2317 4214 »
2366 4156 2536 4219 Tum

67 4247 185 4300 Wro
211 4235 520 4308 adversus
559 4240 737 4308 hanc
778 4263 1008 4310 vocem
1063 4247 1425 4329 Tyrannus
1467 4240 1845 4319 infremuit,
1889 4239 2128 4309 dicens
2160 4260 2315 4306 eum
2355 4253 2542 4308 metu

163 4394 224 4432 ²⁰¹¹
246 4398 414 4440 Arnim&
430 4401 476 4438 in
500 4400 653 4438 Gallia
1246 4402 1294 4426 *⁴
1329 4404 1468 4440 Anno.
1491 4405 1541 4440 ut
1561 4403 1635 4440 vit!
1652 4405 1761 4442 itur.
1783 4403 1872 4439 3:34.

109 4445 168 4464 '⁸³⁴
200 4448 259 4486 We>
264 4463 358 4496 ››››››
383 4455 430 4492 tn
459 4454 721 4496 Germania,
750 4455 806 4492 ad
835 4454 1063 4493 Rhenum.
