2993 4837
518 324 641 388 684
1223 339 1301 383 nn
1350 338 1404 384 s.
1463 337 1658 384 paruo
1708 339 1803 383 np-
1858 338 1933 383 Ετ
1981 338 2172 384 mar.
2638 316 2790 382 NOV.
2825 320 2887 382 25

512 428 549 512 ξ
600 429 687 494 2.
740 421 1040 493 Audiens
1088 421 1415 492 tribunus
1464 422 1588 492 hos
1658 442 2033 500 sermones,
2080 434 2145 491 et
2208 420 2449 490 videns
2496 441 2625 489 non
2687 431 2892 488 tantum

427 511 719 603 populos
753 511 1061 581 diversae
1090 511 1352 590 aetatiS‚
1392 510 1511 580 sed
1552 511 1756 580 etiam
1794 510 2099 581 illustres
2135 511 2336 589 viros,
2394 509 2748 578 monachos
2772 530 2896 596 quo-
2957 565 2958 570 ,

424 623 558 689 que
607 601 963 701 religiosos
1009 621 1087 668 ac
1135 599 1461 689 virgines,
1509 600 1577 667 in
1628 599 1940 669 custodia
1999 600 2294 669 carceris
2393 620 2734 667 ermanere
2785 621 2898 665 cum
2957 659 2958 674 ,

426 702 661 759 sancto
713 711 855 758 viro
886 743 900 770 ,
945 689 1190 778 agebat
1238 687 1512 757 silentio
1562 688 1909 757 moderate
1944 743 1959 767 ‚
2013 688 2309 775 qualiter
2404 700 2628 756 eatum
2695 692 2901 754 Petrum

425 780 576 847 sine
622 777 839 848 ullius
885 777 1249 866 sanguinis
1288 777 1622 847 effusione
1661 777 1827 847 soris
1875 777 2169 864 ejectum
2225 787 2629 865 percuteret,
2680 776 2831 844 sicut
2861 790 2904 841 et
2957 805 2958 816 ¹

425 867 777 936 Maximini
813 866 1088 954 tyranni
1139 866 1472 934 sententia
1527 865 2029 935 manifestabat.
2084 871 2161 934 In
2217 865 2336 934 tali
2385 865 2614 950 itaque
2658 863 2803 931 dum
2840 884 2909 930 es-

427 968 527 1025 set
589 953 903 1024 custodia
953 954 1219 1044 positus
1256 1009 1270 1033 ‚
1326 954 1509 1022 fama
1556 955 1957 1023 certaminis
2007 955 2223 1035 Petri,
2295 975 2437 1040 quo
2498 975 2655 1022 cum
2702 951 2912 1021 diabolo

425 1043 822 1123 dimicabat,
868 1065 1089 1130 usque
1123 1043 1207 1111 ad
1245 1042 1804 1112 infelicissimum
1855 1043 2123 1112 Arrium
2155 1042 2614 1112 discurrendo
2647 1041 2907 1130 pervenit.

426 1134 548 1220 qui
597 1145 752 1202 ante
786 1133 1176 1218 aliquantos
1224 1132 1371 1201 dies
1408 1152 1529 1220 pro
1576 1132 1994 1200 zizaniorum
2047 1131 2362 1201 doctrina
2403 1152 2616 1217 quam
2651 1129 2911 1199 adversus

428 1222 772 1292 Christum
827 1223 941 1289 Dei
1004 1219 1225 1290 filium
1290 1221 1361 1289 in
1433 1241 1600 1310 agro
1674 1220 2024 1289 Dominico
2097 1222 2611 1298 seminaverat,
2664 1218 2914 1307 culpatus

429 1311 731 1401 saepiuS,
773 1311 1168 1398 increpatus
1199 1320 1401 1396 atque
1433 1310 2074 1379 excommunicatus
2120 1307 2380 1391 fuerat3
2435 1323 2502 1377 et
2534 1308 2693 1394 quia
2726 1305 2914 1378 sanctis
2953 1391 2954 1394 Ἴ

427 1399 707 1469 monitis
755 1398 1190 1484 acquiescere
1258 1398 1481 1467 noluit
1515 1453 1530 1479 ‚
1586 1398 2031 1486 semetipsum
2093 1419 2401 1484 eousque
2483 1397 2825 1488 perduxit.
2869 1411 2912 1460 ui
2953 1409 2954 1440 ³

430 1511 468 1557 a
518 1499 752 1558 sancto
814 1492 1006 1556 Petro
1069 1485 1433 1556 clericatus
1481 1485 1706 1555 officio
1755 1488 2164 1575 privaretur.
2218 1486 2510 1555 Cocrnita
2543 1507 2704 1575 ergo
2751 1481 2912 1552 infelix

427 1577 663 1646 Arrius
685 1576 1019 1646 sententia
1045 1597 1252 1662 quam
1278 1589 1616 1664 tyrannus
1642 1575 1972 1645 adversus
1992 1541 2455 1644 venerabilem
2485 1576 2716 1643 ovium
2736 1571 2910 1642 Christi

429 1678 771 1756 pastorem
823 1663 1125 1744 dederat,
1185 1664 1498 1754 gaudens
1546 1676 1749 1750 atque
1795 1664 2113 1734 exultans
2161 1663 2246 1733 ad
2290 1664 2549 1733 Christi
2611 1661 2907 1731 Ecclesiam

429 1777 588 1824 cum
622 1754 813 1822 omni
855 1752 1205 1822 velocitate
1254 1754 1586 1843 pervenit,
1638 1763 1705 1820 et
1741 1754 1965 1842 coepit
2012 1753 2080 1820 in
2119 1752 2277 1822 dolo
2325 1752 2673 1839 quosdam
2709 1751 2785 1819 de
2814 1769 2912 1837 pre·

431 1842 725 1932 sbyteris
773 1855 976 1928 atque
1026 1841 1222 1911 laicis
1266 1844 1650 1920 obsecrare,
1689 1854 1766 1910 ut
1796 1843 1854 1910 ei
1892 1865 1932 1910 a
1971 1853 2209 1910 sancto
2244 1846 2442 1911 Petro
2478 1842 2743 1910 veniam
2773 1852 2910 1923 atque

431 1930 935 2021 indulgentiam
967 1942 1293 2019 peterent.
1326 1935 1686 2019 Propterea
1716 1951 1871 2000 vero
1900 1931 2284 1999 conabatur
2316 1931 2426 1999 sui
2463 1929 2772 2020 Episcopi
2793 1948 2914 1995 com·

432 2021 832 2090 munionem
888 2020 1210 2108 recipere,
1268 2031 1345 2088 ut
1393 2032 1547 2109 post
1595 2018 1786 2089 illius
1820 2020 1994 2089 vitae
2025 2019 2399 2088 terminum
2432 2021 2589 2108 ipse
2636 2034 2914 2087 successor

430 2110 768 2179 existeret.
825 2107 949 2177 Sed
983 2109 1104 2195 qui
1145 2107 1372 2178 cordis
1407 2109 1721 2197 cognitor
1751 2121 1876 2186 est,
1915 2109 2355 2196 omnipotens
2401 2113 2609 2187 DeuS‚
2663 2108 2725 2175 in
2770 2125 2909 2192 quem

431 2198 728 2287 graviter
793 2210 1233 2286 peccaverat,
1288 2197 1627 2266 divisione
1673 2196 1741 2264 in
1794 2211 2028 2266 sancta
2078 2197 2409 2265 Trinitate
2477 2196 2769 2272 faciem,
2827 2211 2910 2258 non

431 2287 673 2387 celavit
721 2287 915 2355 beato
975 2291 1167 2355 Petro
1217 2286 1537 2372 iniquum
1591 2285 1763 2353 Arrii
1826 2287 2282 2375 propositum,
2339 2286 2534 2371 quod
2579 2285 2836 2355 habebat
2871 2280 2910 2346 in

431 2396 690 2445 animo.

519 2468 555 2551 ξ
601 2468 691 2534 3.
749 2464 997 2533 Eadem
1044 2485 1341 2550 namque
1392 2474 1587 2532 nocte
1634 2464 1960 2553 apparuit
2010 2465 2203 2532 beato
2253 2468 2453 2531 Petro
2487 2520 2502 2545 ,
2564 2467 2632 2533 in
2680 2456 2914 2532 custodia

435 2554 732 2622 carceris
777 2553 1181 2640 quiescenti,
1234 2565 1298 2621 et
1344 2553 1404 2621 ei
1456 2553 1882 2638 nequissima
1925 2550 2219 2620 infelicis
2271 2554 2448 2620 Arrii
2502 2553 2778 2623 consilia
2814 2568 2910 2615 ma·

432 2642 800 2710 nifestavit.
854 2647 1018 2710 Cum
1073 2642 1284 2729 igitur
1328 2640 1463 2710 alio
1513 2641 1624 2709 die
1674 2641 1983 2709 venirent
2029 2640 2112 2708 ad
2147 2662 2303 2709 eum
2345 2641 2476 2709 viri
2531 2640 2753 2732 magni
2776 2650 2910 2720 atque

432 2731 757 2819 religiosi,
811 2752 986 2816 quos
1034 2753 1194 2800 cum
1247 2730 1665 2818 presbyteris
1718 2728 1897 2798 idem
1953 2728 2293 2797 nefandus
2333 2728 2700 2807 direxerat,
2750 2730 2908 2813 iuga»

432 2819 695 2888 dientes
742 2840 1109 2899 carcerem,
1167 2819 1599 2907 projecerunt
1646 2840 1719 2887 se
1758 2818 1840 2887 ad
1894 2839 2117 2908 genua
2163 2818 2342 2886 beati
2391 2820 2579 2888 Petri
2627 2820 2908 2888 obsecran-

433 2921 532 2976 tes
581 2930 738 2976 eum
789 2930 946 2976 cum
1002 2906 1349 2996 lacrymiS,
1405 2920 1482 2976 ut
1529 2906 1798 2976 Arrium
1850 2928 1888 2974 a
1927 2907 2202 2976 vinculo
2250 2906 2722 2978 damnationis
2751 2900 2906 2973 absol-

434 3006 638 3077 veret,
679 3009 743 3065 et
781 3018 936 3065 eum
976 2996 1043 3064 in
1098 3008 1332 3065 sancta
1366 2996 1666 3065 Ecclesia
1707 2995 2111 3084 presbyterii
2153 2996 2545 3066 ministerio
2582 2998 2903 3066 restitueret.

434 3090 613 3154 Dans
661 3097 887 3154 autem
921 3086 1021 3153 eis
1071 3084 1511 3154 beatissimus
1560 3090 1797 3153 Petrus
1833 3106 2145 3165 manum,
2199 3085 2490 3155 elevavit
2521 3108 2659 3165 eos,
2704 3083 2903 3150 dicens:

441 3202 465 3235 «
500 3174 677 3256 Quid
732 3173 960 3254 vultiS,
1013 3172 1443 3243 dilectissimi
1499 3172 1666 3242 mihi
1719 3172 1986 3254 fratreS,
2042 3186 2164 3242 aut
2208 3173 2376 3259 quid
2427 3174 2907 3261 quaeritisirnt

435 3262 535 3331 illi
591 3262 1103 3350 respondentes,
1158 3261 1518 3331 dixerunt:
1574 3285 1609 3328 «
1656 3266 2026 3331 Precamur
2075 3262 2574 3332 beatitudinem
2618 3276 2808 3337 tuam,
2839 3275 2906 3319 ve·

435 3351 766 3421 nerabilis
817 3362 1028 3441 pater,
1084 3365 1159 3419 ut
1205 3350 1515 3440 digneris
1548 3351 1816 3420 veniam
1872 3365 2216 3440 praestare
2264 3350 2734 3422 infelicissimo
2757 3344 2903 3415 Arrio.

432 3453 496 3509 et
545 3440 858 3510 absolvas
904 3462 1063 3509 eum
1105 3462 1141 3508 e
1176 3439 1475 3520 vincum,
1527 3461 1665 3525 quo
1713 3461 1871 3508 eum
1927 3440 2237 3522 vinxisti3
2290 3440 2624 3525 quoniam
2655 3434 2903 3521 eccejam

434 3528 733 3618 gloriosa
785 3529 904 3597 tibi
958 3529 1268 3617 martyrii
1318 3550 1572 3598 corona
1622 3529 1688 3596 in
1739 3526 1950 3597 coelis
1999 3540 2316 3618 paratur3
2367 3530 2532 3615 quia
2582 3549 2706 3598 non
2744 3523 2900 3592 solum

434 3640 557 3706 per
603 3617 983 3687 doctrinam
1052 3631 1267 3697 tuam,
1322 3619 1714 3685 universam
1760 3617 2122 3686 illustrasti
2174 3619 2595 3705 provinciam
2647 3625 2899 3683 nostram.

432 3706 550 3776 sed
599 3720 663 3776 et
713 3728 832 3795 per
879 3705 1377 3776 consessionem
1438 3706 1746 3792 martyrii
1799 3705 2013 3775 multo
2062 3705 2368 3795 amplius
2420 3707 2613 3775 nobis
2658 3717 2715 3772 et
2746 3698 2901 3797 perle-

432 3796 611 3865 ctius
659 3795 946 3864 salutem
993 3795 1154 3864 fidei
1202 3794 1582 3864 contulisti.
1639 3799 1918 3883 Propter
1964 3794 2148 3881 quod
2197 3794 2594 3873 credimuS,
2645 3802 2894 3878 quoniam

432 3885 554 3954 tibi
611 3906 729 3972 pro
782 3883 1009 3953 labore
1057 3885 1186 3953 isto
1222 3882 1476 3971 duplex
1513 3884 1580 3951 in
1624 3882 1813 3952 coelo
1865 3882 2094 3970 palma
2148 3885 2740 3972 praeparabitur.»

519 3975 557 4060 ξ
604 3978 689 4045 4.
744 3978 932 4042 Tunc
982 3972 1405 4041 venerabilis·
1438 3977 1884 4040 Petrus·cum
1938 3973 2199 4072 ingenti
2251 3974 2514 4061 gemitu
2560 3972 2890 4055 lacrymans.

433 4062 564 4130 ait:
622 4085 657 4127 «
694 4066 820 4130 Pro
859 4061 1050 4130 Arrio
1085 4083 1193 4130 me
1230 4061 1666 4141 obsecrastiS‚
1720 4059 2153 4130 dilectissimi
2202 4060 2469 4143 fratreS,
2503 4061 2616 4148 qui
2645 4065 2888 4146 sponsam

430 4150 678 4219 Christi
731 4149 979 4218 violare
1027 4153 1366 4219 conatur?
1412 4154 1504 4217 An
1537 4148 1815 4218 nescitis
1853 4151 2015 4236 quia
2046 4171 2168 4237 pro
2216 4150 2541 4220 omnibus
2565 4161 2793 4232 semper
2812 4135 2886 4228 dQ·

436 4238 533 4307 lui
561 4253 624 4307 et
656 4238 1008 4319 condoleo,
1040 4251 1103 4308 et
1133 4239 1459 4308 omnibus
1494 4237 1689 4307 indul
1745 4239 1997 4306 entiam
2035 4251 2419 4327 praestans,
2475 4236 2775 4307 neminem
2801 4221 2886 4315 ali·

434 4326 715 4410 quando
749 4349 994 4414 passus
1021 4350 1174 4396 sum
1214 4328 1297 4395 de
1324 4326 1622 4395 Ecclesia
1659 4330 1702 4395 C
1762 4326 1906 4395 risti
1935 4327 2186 4416 perire?
2215 4326 2340 4395 Sed
2371 4328 2583 4417 magis
2609 4330 2883 4408 proomffl·

435 4412 567 4480 bus
594 4413 1375 4500 diligenterintervenio,
1417 4416 1911 4505 omnipotentis
1955 4415 2065 4484 Dei
2096 4437 2387 4487 exorans
2415 4410 2807 4485 clementiam.
2835 4407 2880 4462 ui
