2993 4837
526 333 652 396 466
1198 349 1275 394 na
1324 349 1376 394 s.
1433 346 1772 395 nononono
1818 346 2216 396 conasssoass
2645 329 2807 396 NOV.
2849 315 2934 396 13'

435 436 742 513 comitas,
799 454 955 501 cum
1005 431 1342 522 singulari
1391 432 1718 521 gravitate
1765 433 2153 522 conjuncta,
2210 433 2644 522 insignisque
2688 454 2909 503 morum

437 524 775 624 probitas:
814 520 1071 607 quibus
1100 521 1364 591 artibus
1387 520 1571 589 brevi
1605 520 1846 601 effecit,
1886 534 1963 591 ut
1993 523 2307 591 omnium
2343 523 2601 590 civium
2636 533 2698 591 et
2723 521 2909 592 oculos

435 636 499 680 iii
551 611 660 681 sui
690 609 1211 679 admirationem
1249 621 1688 689 converteret,
1741 620 1806 678 et
1848 610 2117 679 animos
2166 610 2247 679 ad
2293 609 2818 680 benevolentiam
2841 610 2916 677 al·

434 700 686 769 liceret.
727 698 979 767 Deinde
1022 710 1380 788 parentum
1426 699 1657 786 juSSU,
1711 699 1966 785 quibus
2026 721 2298 788 semper
2347 701 2412 768 in
2466 699 2785 769 omnibus
2825 697 2918 768 suit

433 788 1135 875 obsequentissimuS‚
1191 788 1523 877 virginem
1576 786 1771 856 duxit
1820 809 2124 869 uxorem,
2179 811 2340 858 cum
2401 810 2540 875 qua
2591 789 2918 858 castissime

434 899 705 966 semper
749 876 930 944 vixit.

521 969 555 1052 ξ
602 970 694 1037 3.
751 971 1009 1034 Mortuo
1051 986 1202 1033 vero
1247 975 1456 1053 patre,
1496 966 1641 1054 jam
1686 964 1994 1054 suijuris
2039 965 2343 1043 effectus,
2382 965 2611 1053 coepit
2644 965 2914 1053 cogitare,

436 1055 633 1124 nobis
697 1054 806 1122 liic
860 1075 991 1122 non
1042 1076 1188 1122 esse
1251 1066 1761 1143 permanentem
1813 1054 2192 1133 civitatem,
2247 1076 2546 1142 spesque
2609 1053 2920 1121 hominum

436 1166 645 1213 vanas
675 1165 822 1210 esse
870 1154 1071 1228 atque
1106 1141 1402 1210 fallaces.
1443 1148 1678 1230 Itaque
1727 1142 1931 1210 aliam
1985 1143 2155 1211 vitae
2189 1145 2521 1211 rationem
2577 1142 2920 1220 instituam,

433 1234 552 1320 qui
586 1232 671 1301 ab
725 1233 1003 1300 ineunte
1050 1229 1500 1300 adolescentia
1554 1234 1619 1299 in
1655 1232 1850 1300 terris
1900 1253 2138 1319 cogere
2186 1230 2458 1300 divitias
2516 1243 2841 1321 coeperat,
2875 1230 2920 1296 iii

434 1321 696 1390 coelum
751 1319 1104 1388 thesauros
1150 1341 1515 1409 congerere
1545 1320 1919 1398 constituit,
1966 1341 2280 1388 sermone
2310 1319 2609 1400 Domini,
2646 1320 2762 1406 qui
2792 1341 2922 1388 sem-

438 1432 553 1497 per
585 1410 732 1494 ejus
780 1409 1010 1476 animo
1086 1408 1502 1490 inhaerebat,
1556 1409 1985 1478 admonitus:
2055 1410 2533 1477 Thesauri'za.te
2583 1412 2763 1477 vobis
2819 1409 2874 1474 th

431 1520 665 1568 sauros
686 1499 756 1565 in
781 1499 979 1574 coelo,
1015 1498 1133 1564 uba·
1165 1520 1375 1587 neque
1409 1522 1682 1589 αεναῃο,
1717 1520 1929 1589 neque
1954 1499 2138 1565 tinea
2167 1499 2529 1566 demolitur
2557 1496 2922 1586 (Mummi)

430 1588 644 1666 Quare
677 1586 863 1654 omni
898 1585 1359 1654 sollicitudine
1407 1587 1877 1676 augendarum
1917 1608 2126 1674 opum
2164 1586 2442 1666 omissa,
2481 1588 2692 1673 quasi
2738 1609 2773 1653 a
2816 1605 2902 1652 cor

436 1698 592 1765 pore
627 1686 967 1753 avocatus,
1023 1673 1103 1742 ad
1143 1673 1532 1743 divinarum
1572 1697 1797 1744 rerum
1843 1675 2368 1765 cogitationem(
2401 1697 2576 1744 cura
2609 1673 2795 1745 omni
2825 1686 2871 1741 st

430 1765 679 1850 dioque
715 1762 1091 1853 pascendae
1151 1763 1444 1842 animae,
1491 1764 1775 1851 ejusque
1833 1763 2035 1834 saluti
2088 1763 2447 1854 vigilanter
2496 1763 2922 1832 inserviebat:

432 1853 797 1939 relictaque
834 1852 1134 1920 humana
1170 1853 1508 1932 societate,
1555 1854 1620 1920 in
1655 1853 1955 1920 divinam
2012 1874 2082 1921 se
2116 1867 2326 1921 totum
2387 1853 2814 1932 insinuabat,
2850 1852 2900 1939 je

348 1998 357 2007 .
423 1942 669 2030 juniis,
724 1940 999 2031 vigiliis,
1040 1940 1602 2027 orationibusque
1636 1941 1911 2012 assidue
1963 1941 2288 2011 intentus.

518 2033 551 2118 ξ
601 2035 684 2103 4.
740 2035 901 2100 Rem
957 2030 1165 2119 igitur
1215 2051 1436 2108 suain,
1499 2052 1705 2116 quam
1761 2043 2143 2098 mercatura
2182 2043 2482 2109 auxerat,
2530 2030 2761 2119 coepit
2806 2050 2903 2117 pau

431 2120 707 2211 peribus
763 2140 1061 2208 erogare,
1117 2117 1283 2186 adeo
1346 2119 1650 2200 comiter,
1717 2119 2010 2207 benigne
2057 2131 2121 2187 et
2177 2117 2590 2200 liberaliter,
2648 2133 2745 2199 ut,
2808 2139 2873 2183 cii

428 2222 729 2279 caeterae
771 2207 1050 2276 virtutes
1084 2218 1309 2276 essent
1358 2206 1423 2273 iii
1470 2229 1548 2276 eo
1589 2206 1994 2296 praeclarae,
2033 2207 2198 2275 haec
2246 2221 2467 2275 tamen
2515 2205 2918 2276 beneficenit

434 2299 813 2388 principem
884 2317 1154 2385 semper
1225 2295 1448 2363 locum
1520 2296 1875 2365 obtineret.
1930 2301 2154 2382 Neque
2201 2297 2383 2364 enim
2456 2295 2874 2383 eleemosyna

432 2387 654 2478 rogari
704 2407 773 2454 se
828 2405 1070 2474 passus
1119 2395 1218 2455 est
1267 2406 1614 2471 unquam,
1668 2385 1831 2472 quin
1888 2385 2031 2475 ipse
2070 2384 2247 2453 ultro
2294 2383 2629 2454 omnibus
2681 2407 2820 2463 sua,
2851 2404 2874 2449 s

429 2500 561 2564 que
598 2474 1047 2544 libentissime
1081 2472 1345 2553 detulit,
1381 2476 1614 2563 egenis
1643 2474 2018 2555 facultates,
2057 2474 2362 2542 tristibus
2395 2473 2900 2544 consolationem

428 2564 681 2634 erranti
724 2564 1235 2641 correctionem,
1293 2564 1550 2652 ignaris
1600 2564 1747 2632 sine
1796 2563 2184 2652 arrogantia
2232 2561 2652 2644 doctrinam,
2707 2561 2872 2630 venia

432 2653 753 2731 inimicis,
786 2651 997 2719 lidum
1044 2651 1448 2720 deliberanti
1476 2651 1870 2729 consilium,
1911 2652 2196 2720 mortuis
2225 2651 2525 2737 denique
2553 2653 2911 2723 orationem,

431 2742 521 2810 ita
571 2753 668 2820 ut,
724 2761 880 2808 cum
937 2738 1167 2808 minus
1208 2740 1362 2818 sibi,
1425 2762 1631 2826 quam
1695 2741 1978 2809 caeteris
2026 2740 2374 2819 omnibuS,
2424 2739 2775 2810 videretur
2813 2760 2870 2806 es

431 2842 656 2907 natus,
696 2849 832 2897 uno
855 2828 1164 2897 omnium
1203 2851 1317 2897 ore
1360 2850 1738 2917 pauperum
1774 2843 1961 2917 pater
1990 2829 2145 2916 jure
2189 2828 2424 2897 merito
2473 2850 2566 2915 ap
2623 2828 2914 2919 ellaretur3

514 2920 548 3004 ξ
597 2923 685 2989 5.
742 2923 1088 2985 Caeterum
1159 2940 1327 2986 uxor
1379 2917 1822 3001 meticulosa,
1895 2940 2050 2985 cuni
2129 2916 2380 2985 videret
2435 2939 2562 3006 pro
2598 2940 2787 2987 usam
2832 2913 2918 2980 virt

428 3006 927 3084 liberalitatem,
970 3005 1398 3075 vehementer
1434 3007 1651 3074 animi
1683 3005 2252 3075 discruciabatur.
2291 3011 2376 3073 Ac
2414 3007 2644 3095 primo
2692 3003 2916 3093 quidem

425 3117 582 3164 euni
634 3095 719 3163 ab
784 3094 908 3162 lioc
969 3106 1103 3162 tam
1158 3108 1390 3164 sancto
1451 3095 1820 3184 proposito,
1893 3094 2207 3183 precibus
2255 3116 2333 3162 ac
2391 3096 2680 3165 monitis
2731 3092 2920 3162 leniter

426 3205 729 3261 avocare3
771 3182 1017 3250 deinde
1066 3187 1293 3253 acrius
1341 3183 1796 3273 objurgandO,
1851 3197 2053 3268 atque
2099 3184 2298 3251 etiam
2349 3183 2681 3271 gravibus
2726 3193 2922 3252 contu·

429 3273 651 3342 meliis
687 3272 1147 3358 conviciisque
1199 3273 1631 3351 incessandO,
1685 3272 2060 3342 absterrere
2112 3294 2242 3339 non
2307 3270 2702 3341 desistebat.
2756 3269 2918 3355 cujus

428 3361 540 3430 ille
592 3361 941 3430 molestam
995 3361 1459 3449 garrulitatem
1501 3361 1915 3447 aequissimo
1968 3382 2104 3430 sem
2163 3382 2235 3428 ei·
2288 3361 2522 3429 animo
2588 3358 2911 3449 perferens,

426 3450 533 3519 liis
566 3462 767 3537 atque
818 3449 1292 3537 hujuscemodi
1350 3450 1570 3518 verbis
1607 3449 1949 3537 sapienter
1983 3448 2115 3518 refe
2150 3448 2361 3517 lebat:
2403 3472 2437 3513 «
2471 3454 2712 3517 Errare
2760 3444 2914 3513 vehe-

432 3553 693 3607 menter
725 3561 898 3617 eam,
954 3559 1128 3623 quae
1164 3551 1426 3625 putaret
1470 3561 1609 3607 rem
1656 3539 2001 3617 imminui,
2067 3550 2186 3607 aut
2233 3537 2574 3606 bonorum
2617 3539 2912 3627 jacturam

425 3627 598 3708 fieri,
655 3628 711 3695 si
750 3627 984 3714 egenis
1029 3626 1576 3707 distribuantur,
1630 3650 1788 3696 cum
1864 3626 2506 3712 nusquam'melius
2543 3681 2558 3705 ,
2616 3639 2908 3716 nusquam

428 3717 639 3785 tutius
687 3714 1146 3784 collocentur:
1194 3737 1410 3801 neque
1443 3716 1583 3784 ulla
1614 3717 1703 3784 rei
1747 3716 2100 3804 augendae
2132 3714 2546 3785 fructuosior
2595 3715 2758 3783 ratio
2789 3712 2906 3778 iniri

425 3806 658 3893 possit,
716 3826 921 3891 quam
972 3826 1146 3890 quae
1175 3803 1335 3883 iltis,
1381 3804 1445 3872 id
1488 3817 1611 3882 est,
1658 3804 1919 3873 Christo
1949 3804 2283 3873 immenso
2325 3802 2906 3890 atqueinexhausto

422 3894 729 3962 oninium
784 3893 1119 3962 bonorum
1184 3893 1525 3972 thesauro,
1581 3892 1834 3962 foenori
1899 3892 2183 3972 dentur,
2235 3894 2352 3979 qui
2401 3905 2466 3961 et
2513 3893 2582 3960 iu
2636 3900 2906 3981 praeseus

422 3982 847 4071 centuplum,
888 3993 950 4050 et
1002 3982 1064 4049 in
1119 3981 1425 4077 futurum
1461 3984 1663 4050 vitam
1720 3981 2043 4071 rependat
2090 3994 2462 4050 aeternam.
2771 4065 2780 4076 .

508 4074 542 4156 ξ
592 4077 682 4142 6.
739 4076 1083 4139 Pateretur
1131 4071 1342 4160 igitur
1380 4092 1663 4158 parvum
1713 4071 2044 4140 bonorum
2077 4069 2427 4159 fugacium
2479 4065 2898 4157 dispendium:

419 4157 600 4244 quod
654 4158 751 4227 illi
803 4182 1015 4246 aeque
1065 4181 1142 4227 ac
1178 4160 1307 4228 sibi
1358 4171 1534 4227 esset
1576 4159 1657 4227 ad
1704 4159 2090 4228 felicitatem
2141 4158 2649 4248 compendium.
2703 4144 2900 4251 venale

419 4247 667 4314 etenim
720 4247 1004 4316 coeleste
1056 4269 1343 4347 regnum
1379 4248 1576 4317 uobis
1628 4253 1834 4316 Deum
1885 4249 2133 4336 Optim.
2168 4249 2438 4316 Maxim.
2487 4255 2889 4336 proposuisse,

420 4333 601 4419 quod
656 4347 875 4403 tamen
953 4336 1271 4405 facillime
1319 4359 1395 4405 ac
1468 4337 1756 4406 minimo
1807 4338 2026 4427 parari
2066 4336 2297 4425 possit.
2365 4342 2698 4404 Praeterea
2742 4322 2892 4417 nulla

420 4422 551 4490 alia
613 4442 682 4489 re
744 4425 958 4511 magis
1000 4425 1259 4501 Christo
1332 4432 1457 4494 Deo
1510 4425 1767 4495 similes
1815 4448 1982 4506 esse,
2037 4448 2242 4513 quam
2299 4422 2756 4495 beneficentia,
2796 4430 2886 4496 qut
