2993 4837
100 378 239 442 Not.
286 378 322 440 3
778 395 856 438 ns
904 395 961 439 s.
1016 393 1301 439 nonnam
1351 394 1450 438 se.
1507 392 1832 438 momentu
2355 358 2360 365 ’
2414 376 2495 436 6³5

99 490 336 547 mentem
371 477 637 545 valeant
683 476 1084 545 defricatam
1139 475 1378 567 ignire,
1425 487 1630 562 atque
1668 474 2095 565 jamjamque
2142 475 2419 555 fessam,
2467 499 2588 566 ap·

98 568 267 655 petitu
324 566 467 635 novi
527 567 756 654 operis
820 586 1164 634 recreare:
1222 566 1365 635 viro
1415 566 1614 634 beato
1669 586 1800 633 non
1864 564 2029 632 satis
2095 576 2277 644 erat,
2334 564 2588 633 talibus

96 676 159 723 ac
192 654 365 724 tantis
392 656 721 724 virtutum
756 654 1155 742 insignibus
1186 654 1436 735 cluere,
1479 653 1595 723 sed
1652 653 2101 722 reminiscens
2153 652 2590 742 perfectionis

94 743 412 813 decessoris
459 744 593 823 sui,
652 741 937 813 ardebat
986 743 1361 832 cupiditate
1413 742 1774 830 martyrii,
1833 742 2065 811 minus
2123 763 2194 809 se
2250 742 2594 832 deputans

100 833 298 901 habere
342 832 776 921 perfectionis
809 887 823 912 ,
878 833 997 920 qui
1050 832 1359 901 nondum
1416 854 1537 922 pro
1587 831 1874 900 Domino
1934 830 2327 900 tradidisset
2392 835 2588 900 morti

101 921 255 990 etiarn
308 920 519 990 officia
568 921 906 1009 corporis.
978 921 1239 990 Doloris
1289 942 1589 1008 namque
1637 918 1828 988 illius
1889 920 2135 988 interni
2188 919 2593 989 amaritudi-

101 1010 294 1094 nisque
326 1010 557 1089 animi,
592 1032 735 1096 quo
762 1009 1095 1098 flagrabat
1134 1031 1366 1078 amore
1396 1009 1731 1099 martyrii,
1766 1019 1965 1077 testes
2000 1022 2194 1077 erant
2225 1009 2585 1096 lacrymae.

94 1118 238 1181 quae
264 1098 462 1167 solent
502 1097 791 1187 prodere
854 1098 1094 1167 intima
1136 1098 1636 1167 conscientiae.
1694 1119 1867 1183 quas
1921 1097 1989 1164 in
2045 1097 2588 1166 recordationem

99 1186 236 1255 beati
285 1187 607 1255 Lamberti
661 1186 908 1257 solitus
957 1200 1100 1255 erat
1138 1186 1333 1256 dolor
1389 1187 1675 1260 elicere.
1723 1207 2198 1276 genarumque
2245 1187 2445 1255 orbes
2488 1209 2594 1255 as-

100 1275 255 1343 sidua
282 1275 781 1345 humectatione
811 1275 1092 1344 alluere.
1129 1275 1318 1344 Unde
1353 1276 1529 1344 inter
1570 1275 1717 1365 pias
1749 1276 2270 1344 exuberationes
2299 1276 2586 1344 fletuum

100 1362 203 1431 alta
233 1365 506 1453 suspiria
552 1363 993 1454 pulmonum,
1047 1365 1284 1433 erebro
1336 1365 1496 1433 talia
1536 1376 1953 1451 conquestus
1992 1377 2134 1431 est:
2190 1386 2225 1429 «
2255 1369 2305 1433 Ο
2349 1385 2456 1433 me
2489 1366 2593 1433 in-

100 1450 332 1527 felicem,
362 1465 595 1540 terque
638 1453 1140 1533 miserandum,
1178 1454 1383 1541 cujus
1419 1475 1490 1522 se
1526 1464 1800 1544 peccata
1839 1453 1902 1519 in
1945 1465 2196 1520 tantam
2244 1453 2590 1523 sustulere

96 1542 447 1642 congeriem,
502 1555 580 1611 ut
631 1564 769 1610 non
820 1542 1111 1610 idoneus
1158 1541 1550 1632 dignusque
1602 1542 1856 1630 possim
1914 1541 2195 1630 reperiri
2243 1543 2590 1612 consortio

101 1641 231 1698 tanti
273 1632 404 1711 viri,
458 1631 773 1721 martyrii
830 1631 1260 1720 triumphum
1312 1631 1720 1709 subeuntiS,
1776 1629 2216 1719 palmamque
2271 1632 2593 1700 victoriae

98 1718 451 1790 invadentis!
492 1745 526 1785 »
560 1721 675 1791 Sic
709 1720 811 1788 sic
847 1720 1176 1788 nimirum
1218 1719 1750 1809 imperfectionis
1782 1740 1926 1787 sese
1954 1720 2306 1808 arguebat,
2348 1733 2422 1788 ut
2454 1743 2592 1807 quo

100 1808 278 1897 magis
308 1809 661 1897 perfectus,
706 1830 785 1877 eo
826 1809 1099 1877 sibimet
1134 1808 1476 1878 videretur
1514 1810 1806 1899 exiguus
1839 1834 1851 1872 z
1910 1808 2276 1895 minusque
2310 1810 2589 1879 oculum

103 1897 300 1966 mentis
342 1898 661 1967 tendebat
713 1898 779 1965 in
834 1898 940 1966 his
987 1919 1163 1983 quae
1218 1898 1286 1965 in
1338 1920 1410 1966 se
1463 1898 1609 1987 jam
1660 1910 1725 1965 et
1777 1898 2023 1965 victore
2078 1897 2342 1967 Christo
2394 1897 2603 1967 sube—

104 1999 268 2073 gerat,
312 2000 371 2056 et
398 2000 628 2057 satore
657 1987 837 2055 bona
876 1987 1283 2055 nutriverat:
1338 1987 1453 2055 sed
1508 1986 1590 2055 ad
1644 2008 1717 2054 ea
1764 1986 2182 2074 capessenda
2235 1987 2603 2056 irreverbe-

110 2084 218 2144 rato
260 2076 561 2145 tendebat
623 2077 888 2155 obtutu,
944 2097 1120 2161 quae
1172 2075 1505 2156 nondum,
1559 2075 1646 2144 ob
1694 2075 2278 2144 conservationem
2325 2075 2600 2143 bumili-

118 2162 247 2244 titia,
273 2165 501 2235 Christi
536 2165 607 2233 ei
658 2164 949 2233 discreta
1001 2164 1281 2254 largitas
1321 2165 1748 2243 attribuerat,
1789 2162 2145 2232 attendens
2198 2163 2365 2231 illud
2421 2164 2598 2248 quod

126 2265 353 2322 anneta
394 2254 756 2343 Scriptura
791 2253 1251 2343 praecipitur:
1308 2256 1566 2335 Quanto
1613 2275 1902 2343 maynus
1951 2275 2040 2331 οε,
2107 2254 2394 2321 humilia
2437 2262 2500 2321 te
2538 2255 2608 2319 in

122 2343 366 2421 mma,
397 2354 457 2411 et
490 2365 725 2411 coram
758 2347 887 2411 Deo
912 2344 1208 2411 invenies
1238 2344 1539 2432 qratiam
1576 2343 1811 2499 SEccli.
1847 2341 1972 2431 ιιι).
2009 2342 2128 2410 His
2170 2341 2384 2431 igitur
2414 2352 2479 2408 et
2512 2353 2609 2408 ta-

122 2423 261 2498 libas
280 2432 615 2501 exercitiis
644 2433 709 2499 in
747 2433 1111 2520 gymnasio
1147 2444 1421 2500 sanctae
1456 2437 1584 2500 Ecc
1616 2431 1796 2500 esiae
1833 2453 1951 2520 per
1988 2452 2209 2499 annos
2244 2430 2606 2499 duodecim

38 2551 39 2556 ι
116 2519 487 2601 exercitatus,
544 2521 662 2589 his
726 2520 1146 2610 palaestricis
1206 2521 1700 2591 certaminibus
1767 2533 2000 2588 contra
2074 2519 2304 2588 carnis
2356 2520 2606 2598 hosteS,

114 2604 366 2694 aerisque
405 2610 763 2698 principes
802 2621 902 2677 est
934 2610 1330 2698 proeliatus

244 2703 318 2768 ὅ.
364 2702 558 2766 Anno
597 2711 823 2765 autem
861 2697 1314 2767 ordinationis
1347 2699 1501 2784 ejus
1535 2696 1945 2766 duodecimo
1978 2697 2253 2765 crebras
2288 2697 2418 2766 sibi
2458 2719 2614 2786 pro-

158 2781 171 2792 *
211 2783 251 2851 it
274 2785 522 2856 oblatas
570 2787 704 2854 sub
756 2786 971 2854 noctis
1017 2788 1244 2872 quiete
1293 2788 1636 2866 visiones,
1691 2785 1947 2873 quibus
2002 2808 2071 2855 se
2112 2786 2611 2856 commonitum

32 2911 39 2918 ν
99 2863 413 2958 dematur,
457 2876 562 2944 uti
601 2897 639 2942 a
676 2875 1085 2964 Trajectensi
1120 2876 1154 2901 ⁸
1186 2875 1442 2965 oppido
1489 2897 1642 2943 ossa
1695 2875 1909 2943 sancti
1956 2874 2205 2943 levaret
2247 2875 2609 2954 Lamberti,

126 2958 222 3024 u?
355 2985 433 3032 co
470 3020 484 3045 ‚
541 2985 686 3050 quo
748 2963 1155 3032 celebratam
1207 2965 1357 3053 ejus
1407 2964 1794 3063 passionem
1851 2978 2121 3043 nosset,
2188 2963 2430 3031 iterum
2485 2964 2618 3040 hu-

32 3101 37 3108 ,
128 3063 249 3116 mn*
282 3073 312 3120 a
347 3052 730 3122 reduceret.
787 3057 1089 3133 Quarum
1143 3051 1522 3121 admonitio
1569 3052 1721 3139 ejus
1763 3053 2073 3120 animum
2131 3053 2617 3122 inaestimabili

124 3141 383 3209 recreavit
432 3139 720 3229 gaudio.
792 3144 1096 3208 Attamen
1146 3140 1216 3208 in
1268 3140 1568 3226 quodam
1638 3139 2020 3210 meditullio
2090 3141 2399 3230 posituS,
2459 3164 2616 3210 cum

122 3308 135 3320 ο
223 3247 290 3295 ue
334 3230 583 3298 visioni
632 3240 884 3298 certam
939 3228 1142 3297 fidem
1197 3230 1556 3310 tribueret,
1612 3228 1792 3315 quod
1849 3229 1977 3298 sibi
2029 3229 2373 3298 occultum
2427 3243 2615 3304 erat,

32 3373 35 3374 γ
108 3327 134 3397 j
215 3313 391 3385 icavit
421 3340 456 3386 a
496 3318 789 3386 Domino
836 3316 1337 3403 quaerendum.
1493 3341 1555 3386 m
1613 3318 1868 3387 indicto
1902 3319 2169 3387 cunctis
2208 3332 2341 3386 tam
2385 3341 2624 3386 mona-

32 3425 39 3432 ·
118 3402 482 3500 sterialibus,
522 3428 731 3491 quam
769 3427 805 3475 e
839 3407 1133 3475 civitatis
1180 3406 1384 3475 cleric
1517 3429 1775 3476 necnon
1810 3421 1873 3475 et
1908 3407 2099 3474 laicis
2136 3408 2412 3496 jejunio,
2448 3429 2625 3492 quae

116 3490 220 3557 srbi
246 3492 461 3562 divina
498 3493 819 3563 voluntas
845 3495 930 3563 de
965 3496 1072 3563 his
1105 3518 1306 3586 agere
1335 3497 1778 3586 praeciperet,
1833 3516 2245 3585 magnopere
2284 3495 2628 3582 requirere

117 3578 360 3679 studuit.
410 3582 854 3669 Tandemque
900 3583 1206 3664 edoctuS,
1262 3586 1547 3675 ancipiti
1601 3586 1916 3654 submota
1969 3586 2345 3664 sententia,
2405 3583 2629 3652 tertio-

116 3662 340 3739 decimo
396 3693 584 3740 anno
646 3672 754 3740 sui
822 3672 1254 3760 praesulatus
1321 3686 1520 3743 coetu
1589 3673 1996 3751 clericorum
2053 3674 2183 3742 sibi
2247 3673 2624 3762 adjunctO,

36 3785 43 3796 ·
116 3770 338 3857 ‘necnon
380 3760 698 3851 populari
748 3761 1024 3918 affimine
1057 3774 1311 3842 coacte,
1372 3761 1610 3831 accitis
1658 3762 1858 3830 etiam
1913 3762 2424 3831 venerabilibus
2475 3762 2634 3851 Epi-

118 3859 305 3941 soepts
347 3862 411 3916 et
457 3848 791 3917 sacerdoti
850 3871 954 3928 us,
1003 3850 1350 3919 tumulum
1398 3851 1766 3918 venerandi
1805 3851 1929 3918 viri
1965 3851 2176 3919 adiit:
2233 3851 2634 3938 ibidemque

32 3955 37 3990 ι
118 3933 470 4018 spirituales
516 3938 956 4007 observantes
1004 3940 1353 4020 excubias,
1402 3939 1969 4025 divinitatemque
2015 3939 2371 4029 pulsantes
2415 3943 2637 4031 preci-

118 4013 242 4100 hus»,
291 4022 698 4096 honorantes
746 4026 1096 4107 laudibuS,
1156 4029 1512 4116 rogabant,
1558 4040 1635 4096 ut
1683 4029 1803 4115 qui
1838 4028 2123 4096 antistiti
2163 4051 2288 4096 suo
2323 4028 2639 4098 facienda

120 4109 568 4194 mandaverat,
636 4137 774 4201 quo
828 4116 1361 4205 perficerentur,
1417 4117 1676 4204 coeptis
1724 4129 2102 4197 annueret,
2160 4119 2638 4205 secundosque

32 4218 39 4250 1
124 4213 450 4296 proventus
497 4204 956 4286 attribuendo,
998 4228 1194 4274 suam
1253 4205 1669 4273 voluntatem
1734 4218 1806 4272 ut
1861 4206 2083 4273 taliter
2132 4207 2395 4286 tierent,
2465 4231 2638 4276 cun-

32 4307 35 4312 ·
126 4293 222 4384 tlt}
260 4290 481 4377 palam
531 4293 937 4363 ostenderet.
1010 4298 1315 4376 Quorum
1372 4295 1504 4384 piis
1555 4294 1724 4362 votis
1791 4295 2325 4382 omnipotentiae
2394 4296 2645 4363 Divini-

132 4381 253 4443 tatts
293 4397 591 4451 annuere
642 4382 863 4452 libuit.
920 4389 1082 4453 Nam
1139 4406 1295 4452 curn
1353 4383 1648 4452 maxima
1691 4383 2117 4451 veneratione
2169 4404 2445 4464 urnam,
2505 4404 2644 4468 qua

171 4499 189 4522 ⁸
214 4501 406 4550 scilieet,
424 4508 663 4555 Trajeceum
684 4511 742 4548 od
762 4511 946 4556 Momm,
967 4512 1092 4559 quod
1117 4510 1258 4558 vulgo
1284 4511 1533 4547 ,attexat-fem
1559 4515 1875 4558 nuncupatur.

260 4587 494 4646 Sarius
522 4618 546 4632 ·
586 4589 749 4649 Vuae
780 4587 883 4651 SS.
916 4624 938 4634 -
968 4591 1092 4651 Vol.
1124 4589 1220 4648 xl.
2456 4588 2494 4640 Ξῖ
