2993 4837
412 262 540 324 526
1009 277 1084 321 ns
1133 277 1187 321 s.
1227 276 1523 322 anstinuo
1573 278 1669 321 1-311.
1723 275 2182 323 carnutensi
2538 257 2693 321 Nov.
2735 259 2795 322 te

419 364 455 447 ἓ
515 364 673 431 10.
737 358 1006 427 Solebat
1063 359 1368 444 quotidie
1434 358 1672 427 devote
1733 372 1796 428 et
1867 371 2248 427 reverenter
2307 358 2530 427 dicere
2587 380 2800 446 precem

326 447 678 536 quandam
732 449 799 515 in
852 447 1178 515 honorem
1241 447 1472 516 Matris
1523 448 1637 515 Dei
1684 460 1749 516 et
1797 447 1975 516 beati
2032 447 2502 516 Evancretistae
2545 447 2800 519 loannis.

325 539 527 627 cujus
578 536 848 625 initium
901 548 1025 614 est,
1066 540 1116 605 Ο
1162 538 1587 617 intemerata,
1624 549 1749 604 etc.
1800 536 1926 605 Sed
1978 558 2137 605 cum
2189 501 2562 622 aliquando
2606 535 2806 604 studiis

325 639 500 696 esset
548 638 950 713 occupatuS‚
989 624 1178 693 illius
1225 625 1561 694 dicendae
1598 625 1856 695 oblitus
1888 638 2011 694 est.
2052 625 2364 693 Proxima
2401 637 2593 694 nocte
2627 625 2807 694 beatus

322 716 618 784 Joannes
666 714 727 782 ei
761 735 1128 802 apparens,
1164 714 1377 801 jussit
1429 736 1713 782 manum
1768 714 2137 802 porrigere.
2191 714 2502 783 Habebat
2558 713 2806 781 enimin

327 826 542 872 manu
590 801 905 883 ferulam,
939 816 1004 870 et
1042 801 1189 870 dire
1222 804 1410 872 visus
1458 817 1560 871 est
1606 803 1667 871 ei
1718 803 2018 871 minitari
2054 803 2268 872 ictum
2309 799 2816 870 immanem-Sed

326 914 478 961 mox
535 890 866 980 placatu3‚
923 891 1202 959 retinuit
1255 914 1564 970 manum,
1605 913 1810 977 quam
1854 892 2001 980 jam
2040 891 2122 959 ad
2160 891 2591 974 caedendum
2631 902 2818 958 exten-

323 980 557 1050 derat:
613 979 999 1066 blandeque
1048 994 1112 1048 et
1152 979 1584 1049 familiariter
1630 1003 1786 1049 eum
1839 981 2221 1058 admonuit,
2263 1002 2346 1048 ne
2389 979 2577 1048 illam
2633 999 2824 1067 preca·

325 1071 576 1154 tionem
612 1091 921 1156 unquam
962 1069 1322 1137 omitteret.
1359 1075 1512 1137 ‚lam
1565 1090 1678 1136 sex
1719 1070 1922 1138 annis
1963 1068 2354 1138 liberalium
2407 1070 2663 1136 artium
2710 1089 2828 1156 pro·

324 1159 650 1229 sessorem
700 1170 929 1246 egerat
979 1157 1161 1225 baud
1216 1156 1593 1247 vulgarem,
1648 1178 1947 1242 cumque
1995 1159 2199 1226 sociis
2249 1158 2396 1227 suis
2452 1154 2830 1245 praelegeret

322 1248 790 1337 geometriam,
823 1258 1035 1315 mater
1068 1247 1128 1314 ei
1165 1247 1232 1313 in
1268 1247 1532 1314 somnis
1567 1247 1914 1334 apparuit,
1951 1246 2354 1335 perquisivit
2386 1246 2554 1331 quid
2588 1244 2828 1335 legeret,

323 1336 584 1423 etquid
634 1335 766 1406 sibi
809 1334 1056 1403 vellent
1096 1334 1379 1425 figurae,
1424 1335 1682 1422 quibus
1729 1332 1899 1404 adeo
1960 1335 2268 1404 intentus
2315 1348 2517 1403 esset.
2575 1333 2696 1402 Ille
2743 1332 2830 1401 ubi

323 1423 681 1515 respondit
712 1423 892 1510 quod
943 1424 1160 1493 visum
1200 1421 1350 1505 suit,
1390 1436 1609 1492 mater
1648 1424 2079 1513 apprehensa
2130 1445 2338 1491 manu
2387 1423 2562 1510 ejus,
2619 1437 2748 1491 tres
2784 1422 2831 1487 in

322 1535 402 1582 ea
445 1512 743 1582 circulos
793 1512 1034 1602 pinxit,
1074 1517 1336 1581 Patrem
1379 1525 1443 1581 et
1493 1511 1741 1580 Filium
1779 1525 1843 1580 et
1891 1512 2220 1601 Spiritum
2259 1516 2590 1580 Sanctum
2631 1510 2833 1580 ordine

325 1624 441 1672 eos
491 1601 884 1692 appellans:
927 1599 1361 1686 addiditque:
1418 1624 1452 1667 «
1507 1602 1707 1670 Hisce
1738 1601 2082 1690 deinceps
2130 1600 2400 1690 sig-uriS,
2436 1600 2538 1669 fili
2591 1601 2708 1680 mi,
2757 1599 2833 1665 in-

325 1702 551 1775 tentus
599 1702 766 1766 esto,
820 1689 1096 1758 omissis
1150 1689 1319 1770 istis,
1371 1689 1631 1776 quibus
1681 1702 1742 1758 te
1789 1712 2108 1778 occupas,
2153 1713 2189 1755 »
2237 1695 2406 1757 Tum
2461 1687 2579 1770 ille
2631 1689 2835 1756 matris

323 1801 551 1849 vocem
602 1778 1021 1868 intelligens,
1064 1800 1217 1847 mox
1266 1778 1348 1846 ad
1400 1777 1804 1866 Theologiae
1853 1779 2160 1849 studium
2215 1801 2286 1846 se
2326 1777 2699 1846 transtulit.
2747 1782 2839 1844 Pe·

324 1869 629 1948 cuniam,
665 1889 872 1953 quam
923 1867 981 1936 ei
1037 1865 1351 1936 liberales
1383 1866 1791 1956 disciplinas
1843 1867 2213 1956 profitenti,
2248 1866 2599 1936 auditores
2637 1885 2843 1934 nume·

328 1979 476 2025 rare
547 1957 900 2035 solebant,
967 1955 1367 2045 pulveribus
1415 1970 1719 2046 opertam
1780 1957 1848 2024 in
1914 1956 2210 2025 fenestra
2258 1955 2715 2032 recondebat,
2769 1954 2842 2021 ita

324 2045 610 2115 dicens:
662 2069 698 2112 «
751 2051 952 2113 Terra
1004 2058 1242 2124 terrae,
1280 2057 1345 2113 et
1386 2045 1612 2131 pulvis
1661 2044 1927 2133 pulveri
1985 2045 2225 2113 merito
2272 2043 2471 2113 debet
2519 2064 2841 2112 commen-

325 2134 499 2204 dari.
567 2158 603 2200 »
655 2134 778 2203 Sed
834 2134 898 2202 id
959 2133 1229 2202 sodales
1275 2133 1558 2220 quidam
1611 2133 2254 2212 animadvertenteS,
2317 2133 2664 2201 interdum
2711 2132 2842 2218 joco

324 2246 472 2292 eam
528 2223 898 2292 tollebant:
957 2244 1158 2311 porro
1215 2244 1507 2308 nequam
1554 2222 1868 2291 homines
1914 2221 2149 2292 furtim
2189 2244 2339 2290 eam
2369 2220 2839 2310 surripiebant.

323 2317 685 2399 Postquam
753 2325 980 2380 autem
1053 2310 1456 2401 Theologiae
1528 2311 1842 2380 animum
1903 2311 2219 2400 appulit,
2276 2332 2408 2378 non
2475 2323 2581 2379 sat
2629 2309 2842 2378 habuit

326 2423 527 2470 mane
575 2400 915 2471 sacrificio
965 2398 1380 2482 interfuisse,
1413 2400 1533 2470 sed
1586 2400 1654 2469 in
1695 2413 2143 2501 augmentum
2198 2399 2469 2490 pietatis
2501 2412 2566 2468 et
2602 2397 2843 2487 religio-

327 2492 472 2569 nis,
538 2490 603 2559 in
655 2490 819 2559 aede
868 2490 1087 2559 sancti
1134 2489 1450 2558 Mederici
1505 2503 1862 2559 nocturnis
1910 2490 2143 2558 aderat
2178 2489 2466 2578 vigiliis:
2525 2502 2675 2577 post
2724 2508 2840 2555 ma-

324 2579 581 2648 tutinas
623 2579 761 2647 sive
813 2590 1184 2647 nocturnas
1237 2600 1492 2667 preceS‚
1534 2578 1603 2647 in
1653 2578 1957 2647 oratione
2003 2601 2163 2648 cum
2201 2578 2529 2667 lacrymis
2560 2591 2626 2645 et
2655 2576 2844 2666 gerni·

326 2666 509 2737 tibus
555 2690 785 2737 coram
837 2667 1035 2736 altari
1092 2681 1367 2737 sanctae
1434 2668 1682 2735 Mariae
1747 2667 2174 2756 persistebat,
2233 2690 2312 2736 ac
2352 2666 2628 2746 deinde,
2680 2664 2840 2734 nulla

323 2757 593 2844 corpori
642 2757 869 2843 quiete
927 2756 1110 2836 data,
1146 2778 1302 2824 cum
1355 2755 1511 2824 aliis
1558 2755 1644 2824 ad
1695 2756 1968 2826 scholas
2025 2755 2412 2826 accedebat.
2453 2753 2844 2842 vespertinis

321 2844 524 2912 etiam
579 2845 900 2934 precibus
940 2867 1011 2915 se
1047 2859 1470 2933 praesentem
1522 2844 1906 2914 exhibebat.
1948 2850 2023 2914 In
2073 2844 2361 2914 aedibus
2412 2846 2628 2913 sacris
2683 2863 2842 2911 reve·

325 2946 550 3002 renter
596 2946 661 3003 et
721 2934 826 3021 pie
876 2955 946 3004 se
988 2933 1219 3024 gessit,
1273 2946 1338 3003 et
1377 2932 1477 3002 vel
1532 2955 1916 3020 nunquam,
1958 2933 2058 3003 vel
2110 2933 2461 3003 rarissime
2505 2933 2647 3002 illic
2698 2930 2844 2999 assi-

324 3022 484 3090 dere
518 3021 751 3091 voluit.
799 3022 1371 3112 Archiepiscopus
1420 3022 1868 3093 Eboracensis
1903 3022 2236 3092 Walterus
2273 3044 2434 3091 cum
2468 3044 2627 3091 eum
2661 3021 2844 3089 Theo·

324 3109 543 3199 logiae
578 3111 851 3181 studere
897 3111 1273 3193 didicisset,
1313 3133 1508 3182 sacra
1561 3110 1775 3193 biblia
1805 3112 1952 3180 suis
1985 3110 2382 3200 sumptibus
2410 3112 2471 3180 ei
2505 3110 2841 3180 scribenda

324 3223 564 3269 curare
613 3199 846 3269 voluit.
916 3201 1233 3270 Audierat
1280 3200 1463 3269 enim
1518 3199 1714 3268 illum
1765 3200 2064 3270 Oxoniae
2114 3200 2446 3270 librorum
2510 3199 2837 3288 penuriam

326 3289 487 3377 pati.
530 3289 654 3358 Sed
695 3289 757 3357 id
797 3288 909 3358 ille
942 3288 1302 3370 recusavit,
1345 3288 1596 3358 veritus
1625 3310 1708 3357 ne
1734 3289 2145 3359 monasteria
2180 3312 2258 3358 ea
2293 3310 2362 3357 re
2395 3297 2837 3379 gravarentur.

316 3379 632 3448 ⁴Habebat
682 3380 828 3468 ipse
876 3378 1280 3447 Psalterium
1349 3400 1506 3446 cum
1568 3375 1816 3468 glossis
1848 3432 1864 3458 ,
1915 3390 1980 3445 et
2034 3378 2398 3446 duodecim
2474 3378 2836 3466 prophetas,

329 3466 625 3554 itemque
675 3467 1011 3558 Epistolas
1045 3467 1457 3536 Decretales:
1506 3467 1618 3536 sed
1668 3467 1831 3536 baec
1879 3467 2113 3535 omnia
2162 3467 2500 3545 distraxit,
2545 3467 2836 3555 pretium·

324 3576 458 3642 que
522 3557 587 3624 in
666 3557 1007 3626 studiosos
1080 3556 1318 3645 inopes
1367 3554 1646 3624 Parisiis
1692 3556 2017 3645 erogavit.
2089 3555 2498 3625 Mirantibus
2554 3551 2832 3627 caeteriS,

322 3666 446 3712 cur
496 3657 760 3735 praeter
811 3645 1124 3714 omnium
1177 3666 1434 3714 morem
1476 3644 1748 3713 codices
1791 3645 2211 3714 necessarios
2247 3643 2587 3724 venderet,
2621 3642 2738 3712 uni
2771 3659 2833 3707 ex

326 3732 411 3801 iis
459 3756 738 3803 causam
799 3734 1199 3811 sciscitanti,
1261 3746 1325 3803 et
1374 3732 1733 3802 s'tultitiam
1785 3733 2134 3820 objicienti
2190 3732 2589 3824 respondit:
2639 3755 2674 3796 ε(
2719 3730 2834 3806 Ouo

327 3821 520 3909 plura
568 3824 908 3902 novimus,
963 3845 1041 3892 eo
1097 3842 1372 3909 quoque
1417 3820 1611 3910 plura
1667 3822 1886 3892 facere
1938 3822 2290 3892 debemus.
2351 3827 2490 3911 Ego
2540 3843 2689 3889 vero
2733 3819 2834 3886 hos

324 3911 594 3981 codices
634 3912 1049 3991 distrahenS,
1093 3934 1333 4001 parum
1374 3910 1525 3991 feci,
1569 3912 1936 3997 minusque
1968 3932 2173 3998 quam
2211 3910 2447 3979 debui.
2486 3915 2647 3980 Cum
2677 3906 2828 3977 enim

324 3999 503 4069 dicat
553 4001 908 4071 Christus:
960 4003 1039 4071 Si
1074 4003 1173 4069 vis
1207 4003 1544 4091 perfectus
1593 4023 1752 4076 esse,
1805 4001 2013 4070 vende
2059 4002 2286 4069 omnia
2331 4023 2508 4090 quae
2544 3996 2822 4089 possides,

324 4100 386 4157 ec
433 4090 523 4158 da
564 4092 977 4181 pauperibus
1014 4090 1278 4247 qlllattlt.
1317 4089 1478 4176 x1x>:
1524 4111 1672 4178 eg0,
1718 4090 1837 4175 qui
1892 4088 2107 4158 multa
2149 4090 2427 4165 retineo,
2473 4109 2679 4176 pauca
2721 4083 2822 4176 larj

321 4178 509 4332 §itus
578 4202 779 4248 sum:
845 4179 1023 4263 pusil
1058 4179 1433 4247 animitatis
1488 4179 1754 4265 potius,
1807 4199 2013 4263 quam
2086 4176 2607 4267 prodigalitatis,
2657 4187 2819 4271 argul

370 4264 679 4334 ebebam.
743 4290 777 4332 »
830 4272 1037 4336 Tanta
1089 4279 1314 4335 autem
1382 4266 1702 4335 aviditate
1762 4288 1993 4336 sacras
2042 4265 2621 4355 complectebatur
2677 4261 2817 4356 litte-

326 4374 458 4430 ras,
518 4367 588 4420 ut
626 4356 695 4419 in
746 4376 981 4422 earum
1045 4356 1272 4424 studio
1325 4377 1495 4444 pene
1557 4356 1906 4426 insomnes
1966 4355 2246 4424 duceret
2304 4370 2553 4424 noctes.
2605 4347 2814 4421 Studiis

2931 383 2934 444 l

2929 453 2934 494 l

2931 3092 2934 3133 l
