2993 4837
581 276 708 341 572
1196 290 1274 336 na
1322 289 1378 336 s.
1430 286 1671 335 Ammo
1717 288 1816 333 υ».
1871 288 2333 336 mauultl-mum
2681 268 2821 334 Nov,
2861 271 2922 334 t7

487 505 649 575 Hic
686 503 1079 573 inserere
1128 501 1369 592 libet,
1410 502 1522 570 ob
1563 500 1979 591 majorem
2023 502 2440 572 historiae
2482 500 2746 591 fidem,
2776 521 2928 591 quae

595 618 693 686 D.
754 613 1218 701 Gregorius
1293 612 1833 684 Turonensis
1908 614 2166 683 habet
2244 614 2398 682 lib.
2475 614 2529 681 2
2586 611 2928 682 Historiae

590 729 1149 815 Francorum,
1209 744 1390 814 cap.
1451 725 1520 829 7(
1560 725 1655 792 in
1712 726 1920 794 haec
1972 726 2282 794 verba:

573 910 609 996 ἕ
657 912 732 978 1.
786 906 981 976 Attila
1038 911 1445 974 Hunnorum
1501 911 1660 986 Rex,
1715 928 1752 973 a
1804 906 2144 974 Metensi*
2194 906 2363 974 urbe
2418 905 2788 995 egrediens,
2827 924 2932 973 cum

487 996 739 1066 multas
771 996 1145 1064 Galliarum
1183 995 1485 1063 civitates
1520 995 1959 1083 opprimeret,
1999 994 2341 1063 Aureliam
2377 995 2786 1084 aggreditur,
2815 1016 2930 1062 eam-

483 1106 619 1171 que
663 1085 957 1154 maximo
996 1085 1285 1153 arietum
1338 1083 1651 1172 impulsu
1707 1085 1946 1151 nititur
1992 1105 2406 1173 expugnare.
2465 1090 2625 1152 Erat
2671 1100 2857 1152 autem
2886 1102 2929 1149 ee

484 1187 788 1262 tempore
829 1173 1266 1242 beatissimus
1297 1173 1604 1240 Anianus
1656 1172 1720 1239 in
1772 1172 2171 1261 supradicta
2219 1173 2389 1241 urbe
2437 1174 2835 1262 Episcopus,
2871 1172 2934 1237 vir

482 1263 772 1332 eximiae
821 1262 1247 1350 prudentiae,
1289 1283 1368 1329 ac
1420 1259 1788 1330 laudabilis
1830 1261 2231 1337 sanctitatis,
2285 1262 2491 1351 cujus
2527 1264 2832 1330 virtutum
2859 1281 2916 1349 gr-

484 1365 587 1420 sta
637 1351 992 1419 nobiscum
1046 1350 1335 1419 fideliter
1382 1350 1764 1418 retinentur
1795 1350 1887 1415 ⁴⁴².
1941 1356 2245 1435 Cumque
2296 1351 2551 1419 inclusi
2608 1350 2910 1439 populis-m

487 1439 817 1540 pontifici,
854 1440 1017 1526 quid
1058 1452 1356 1528 agerent,
1383 1438 1866 1518 acclamarent;
1907 1438 2020 1507 ille
2052 1439 2219 1507 fisus
2248 1441 2313 1507 in
2350 1445 2504 1518 Deo,
2536 1453 2906 1507 monetam

484 1551 553 1597 ln
588 1528 894 1597 oratione
931 1528 1289 1617 prosterni,
1346 1540 1410 1596 et
1442 1548 1600 1595 cum
1643 1527 1962 1614 lacrymis
2016 1549 2338 1615 praesens
2379 1550 2654 1617 semper
2688 1530 2759 1596 in
2789 1544 2909 1594 mnes·

483 1617 801 1686 sitatibus
839 1617 1099 1685 Domini
1136 1616 1469 1685 auxilium
1509 1616 1901 1704 implorare.
1944 1617 2246 1702 Denique
2283 1617 2390 1696 iis,
2447 1628 2526 1686 ut
2562 1624 2914 1709 praecem

482 1705 1035 1794 deprecantibuS,
1089 1706 1182 1773 ait
1223 1704 1592 1774 Sacerdos:
1629 1727 1664 1770 «
1695 1705 2035 1793 Adspicite
2084 1706 2167 1774 de
2218 1728 2418 1774 muro
2465 1706 2918 1785 civitatis,siln

484 1795 830 1887 miseratio
851 1796 995 1883 jam
1035 1806 1414 1863 succurrat.
1457 1816 1492 1859 »
1546 1796 2043 1883 Suspicabatur
2078 1796 2262 1863 enim
2325 1817 2444 1883 per
2499 1796 2766 1863 Domini
2811 1794 2921 1860 mise

485 1883 848 1952 ricordiam
895 1883 1156 1951 Aetium
1192 1882 1296 1918 *μ
1326 1883 1672 1962 advenire,
1719 1881 1800 1951 ad
1832 1905 2035 1969 quem
2071 1896 2136 1952 et
2163 1883 2469 1952 Arelaten
2515 1884 2795 1961 abierat,
2821 1883 2926 1968 prius

482 1994 606 2041 sus
660 1983 850 2040 ectus
887 1971 1122 2040 futuri.
1168 1971 1636 2060 Adspicientes
1667 1985 1891 2039 autem
1922 1970 2005 2040 de
2031 1995 2252 2051 mur0,
2297 1973 2646 2041 neminem
2681 1973 2924 2041 viderunt

480 2074 546 2129 et
590 1994 734 2129 ille:
779 2084 812 2125 «
844 2064 1062 2139 Orate,
1112 2061 1357 2145 inquit,
1417 2060 1731 2128 fideliter.
1780 2061 2108 2129 Dominus
2163 2061 2344 2129 enim
2398 2060 2721 2129 liberabit
2763 2058 2928 2128 vostra

480 2149 620 2217 die.
660 2172 694 2216 »
747 2150 1118 2219 Orantibus
1154 2149 1312 2229 iuis,
1350 2149 1480 2217 ait:
1523 2172 1557 2214 «
1593 2148 1933 2237 Adspicite
1966 2150 2233 2217 iterum.
2273 2172 2311 2215 »
2360 2154 2627 2218 Etcum
2671 2148 2926 2238 adspexis

481 2250 655 2315 sent,
698 2240 1040 2307 neminem
1088 2237 1426 2318 viderunt,
1466 2238 1584 2324 qui
1621 2238 1824 2306 ferret
1870 2238 2230 2307 auxilium.
2286 2239 2386 2306 Ait
2428 2239 2528 2306 eis
2578 2239 2810 2308 tertio:
2849 2239 2926 2299 ass

479 2326 777 2396 fideliter
840 2327 1089 2416 petitis,
1154 2327 1486 2396 Dominus
1541 2326 1856 2395 velociter
1905 2327 2121 2395 adest.
2170 2350 2205 2391 »
2254 2333 2330 2395 At
2382 2326 2478 2395 illi
2536 2351 2701 2397 cum
2752 2328 2928 2395 ssetuet

478 2416 741 2506 ejulatu
783 2439 1034 2506 magno
1070 2417 1336 2485 Domini
1369 2415 1908 2486 misericordiam
1946 2416 2433 2504 implorabant.
2473 2422 2720 2486 Exacta
2747 2431 2928 2503 quoque

478 2505 806 2585 oratione,
866 2506 1058 2574 tertio
1097 2507 1288 2594 juxta
1342 2505 1528 2573 senis
1570 2506 1937 2592 imperium
1991 2505 2450 2594 adspicientes
2497 2506 2585 2575 de
2642 2522 2932 2582 muron]-

479 2593 729 2662 derunt
761 2616 799 2661 a
840 2594 1040 2684 longe
1073 2596 1270 2679 quasi
1308 2594 1629 2663 nebulam
1666 2595 1751 2663 de
1787 2607 1961 2661 terra
2002 2616 2442 2684 consurgere.
2482 2595 2679 2676 Quod
2724 2614 2856 2662 cum
2876 2611 2932 2656 re

478 2682 911 2763 nunciarent,
956 2684 1049 2751 ait
1089 2684 1438 2752 Sacerdos:
1476 2705 1513 2748 «
1548 2683 1813 2750 Domini
1845 2683 2175 2751 auxilium
2207 2697 2327 2750 est.
2365 2707 2401 2748 »
2430 2689 2697 2752 Interea
2717 2685 2932 2770 jamue-

478 2772 825 2839 mentibus
845 2771 929 2839 ab
967 2771 1051 2838 im
1068 2784 1224 2861 petu
1252 2773 1542 2840 arietum
1575 2771 1815 2850 muris
1843 2771 2125 2857 jamque
2156 2772 2465 2852 ruituriS,
2500 2794 2660 2842 ecce
2682 2773 2931 2842 Aetiuset

478 2859 755 2926 Tbeudo
801 2859 941 2895 *⁴¹⁴*
988 2862 1384 2929 Gotthorum
1446 2866 1580 2928 Rex
1635 2883 1711 2929 ac
1761 2860 2314 2929 Thorismundus
2368 2862 2520 2949 ejus
2579 2862 2783 2937 filius,
2834 2874 2928 2924 cum

476 2949 886 3017 exercitibus
947 2950 1094 3018 suis
1154 2949 1237 3017 ad
1304 2949 1644 3017 civitatem
1704 2962 2120 3030 accurrunt,
2191 2949 2699 3037 adversumque
2751 2951 2930 3036 hostea

476 3035 869 3125 ejiciuntac
921 3036 1487 3126 repellunt*****.
1541 3041 1777 3124 Itaque
1830 3037 2111 3106 liberata
2160 3040 2442 3107 obtentu
2473 3040 2652 3109 beati
2686 3035 2930 3107 Antistius

476 3125 767 3206 civitate,
806 3125 1072 3195 Attilam
1110 3126 1371 3216 fugant.
1418 3131 1763 3194 Hactenus
1796 3127 2165 3215 Gregorius
2193 3130 2638 3208 Turonensis,
2672 3124 2930 3214 quietiatu

477 3226 706 3304 postea
743 3215 1126 3304 subjungit,
1185 3216 1526 3284 neminem
1579 3215 1926 3304 ambigere
1974 3215 2243 3296 debere,
2298 3220 2708 3285 Hunnorum
2755 3229 2933 3302 exera·

476 3316 621 3372 tuni
660 3309 728 3372 B.
769 3305 1009 3373 Auiani
1059 3304 1339 3373 obtentu
1387 3304 1703 3393 fugatum
1753 3325 1923 3374 csse.
1993 3305 2322 3391 Sequiturw
2362 3327 2551 3375 nunc
2612 3306 2675 3373 in
2723 3304 2932 3372 historia

477 3398 542 3461 S.
581 3393 851 3461 Auiani:

560 3482 597 3567 ξ
648 3487 734 3551 2.
790 3487 945 3552 Post
1001 3504 1152 3549 eam
1208 3502 1244 3549 e
1301 3480 1616 3550 barbaris
1677 3493 2087 3570 reportatam
2152 3482 2536 3562 victoriam,
2593 3488 2653 3552 S.
2701 3478 2932 3564 Amanus

475 3569 854 3638 laetabatur
889 3570 955 3638 in
1011 3570 1320 3650 Domino,
1374 3569 1557 3656 quod
1597 3568 1662 3636 in
1704 3581 1888 3638 tanta
1921 3570 2332 3650 calamitate,
2369 3585 2644 3656 tamque
2669 3571 2931 3658 praesenss

474 3659 900 3748 discrimine,
948 3660 1292 3728 neminem
1326 3681 1362 3726 e
1412 3659 1557 3726 suis
1589 3659 1955 3739 amisisset,
2012 3659 2141 3727 nisi
2194 3663 2249 3727 si
2286 3661 2443 3746 quis
2493 3660 2656 3728 sorte
2698 3655 2926 3724 divinam

474 3746 846 3833 desperans
902 3771 1099 3835 opem
1164 3761 1401 3816 contra
1454 3747 1606 3836 ejus
1664 3760 2103 3837 praeceptum
2157 3747 2450 3818 barbaro
2501 3748 2668 3818 hosti
2702 3767 2765 3813 se
2804 3739 2924 3838 ultro

474 3836 890 3912 tradidisset.
944 3842 1150 3904 Tanta
1206 3849 1433 3905 autem
1488 3835 1753 3904 meritis
1805 3836 1980 3904 beati
2046 3837 2170 3904 viri
2225 3851 2374 3927 post
2432 3859 2581 3905 eam
2649 3835 2920 3901 victoriam

472 3925 688 3994 extitit
735 3924 1011 4014 frugum
1055 3925 1329 3995 ubertas
1379 3925 1448 3993 in
1499 3924 1970 3994 ⁴aurelianensi
2022 3926 2379 4007 territoriO,
2420 3940 2495 3995 ut
2546 3943 2777 4012 magna
2815 3911 2918 3983 inde

526 4088 549 4110 ⁵
581 4087 763 4127 Gallice
794 4088 917 4128 Melz.

523 4141 575 4166 ⁵*
605 4142 733 4180 Hanc
766 4139 997 4180 virtutum
1035 4142 1367 4190 gestorumque
1405 4140 1448 4180 S.
1481 4136 1646 4179 Animi
1679 4137 1944 4186 historiam.
1977 4140 2034 4181 do
2068 4149 2162 4189 qm
2190 4141 2232 4181 S.
2254 4141 2502 4190 Gregorius
2522 4142 2622 4180 Tur.
2638 4132 2796 4177 scribit.
2809 4131 2912 4174 (ΚΜ

473 4191 619 4234 ultam
651 4195 979 4233 lamentamur.

522 4248 602 4273 ‘’¹‘'
633 4249 721 4294 Qui
742 4249 1054 4286 Romanorum
1082 4249 1371 4287 exercituum
1393 4247 1486 4285 dux
1508 4248 1622 4284 erat.

526 4300 636 4325 *¹⁸⁸³*
668 4298 755 4338 Alii
777 4302 1071 4340 Theodorum
1092 4305 1172 4339 aut
1191 4301 1532 4341 Theodericum
1553 4309 1658 4341 eum
1683 4301 1868 4341 vocant.
2825 4339 2833 4348 ,
2873 4347 2876 4348 ⁷

524 4351 663 4378 *⁹¹⁸2*
694 4355 754 4390 De
774 4353 860 4391 hac
880 4353 1095 4391 Aureliae
1116 4352 1357 4392 obsidione
1379 4354 1483 4391 vida
1507 4352 1631 4392 inter
1650 4355 1786 4400 allos,
1807 4353 2048 4393 sidontmn
2069 4354 2400 4401 Apollinarem,
2421 4353 2497 4402 qul
2518 4348 2722 4391 Animum
2740 4341 2907 4382 mmm·

470 4410 889 4454 consummatumque
900 4408 1155 4454 pontificem,
1175 4408 1296 4456 Lupo
1308 4420 1481 4456 parem,
1502 4408 1800 4459 Germanoque
1823 4420 1907 4447 non
1926 4409 2137 4457 imparem
2155 4407 2386 4458 praedicat
2407 4407 2550 4458 (epist.
2572 4407 2627 4446 1⁵.
2644 4399 2712 4440 hb.
2731 4401 2779 4438 9..
