2993 4837
106 254 257 321 NOV.
306 255 344 320 3
672 241 685 252 ⁰
787 275 861 320 ns
908 274 963 322 s.
1016 272 1332 320 nucum
1382 273 1480 319 ει».
1539 270 1880 320 mammas
2427 257 2511 320 87

102 369 373 427 sanctam
406 357 759 429 obtentum
796 358 876 427 iri
908 357 1360 427 haereditaria
1394 358 1852 427 successione.
1880 361 2010 426 Nec
2038 356 2219 426 enim
2255 357 2602 447 patieban-

107 458 200 515 tur
241 445 654 537 episcopari,
705 445 829 517 nisi
877 446 997 534 qui
1047 459 1274 517 essent
1319 445 1405 515 de
1441 446 1626 516 tribu
1670 458 1735 516 et
1780 444 2043 515 familia
2090 467 2239 516 sua.
2291 451 2422 517 Nec
2481 469 2602 536 pa·

102 556 246 604 mm
280 548 700 624 processerat
740 533 1117 605 execranda
1164 534 1554 608 successio.
1608 533 1922 605 decursis
1966 533 2114 625 jam
2165 534 2231 604 in
2283 534 2410 605 hac
2461 556 2602 605 ma·

102 621 225 692 litia
252 623 443 710 quasi
494 623 1050 714 generationibus
1095 623 1519 711 quindecim.
1565 629 1643 693 Et
1686 644 1989 711 eousque
2036 623 2426 694 firmaverat
2470 624 2600 694 sibi

94 712 201 798 jus
234 732 544 800 pravum,
598 712 809 782 immo
841 712 1031 782 omni
1080 725 1294 782 morte
1344 711 1769 803 puniendam
1821 711 2144 802 injuriam
2181 765 2200 792 ,
2255 713 2601 803 generatio

106 797 255 869 mala
294 813 355 868 et
393 799 733 881 adultera,
767 814 841 871 ut
872 802 995 871 etsi
1026 800 1366 872 interdum
1417 799 1826 870 defecissent
1870 800 2097 870 clerici
2129 801 2215 869 de
2262 801 2601 893 sanguine

102 887 237 968 incr,
285 888 415 964 sed.
455 890 773 980 Episcopi
824 911 1207 977 nunquam.
1262 890 1565 991 Denique
1619 889 1764 980 jam
1823 901 1975 960 octo
2036 890 2395 960 extiterant
2440 901 2597 960 ante

98 974 329 1046 Celsum
365 978 490 1046 viri
523 979 810 1059 uxorati,
847 991 912 1047 et
942 978 1203 1065 absque
1247 979 1636 1060 ordinibus,
1670 978 1943 1049 litterati
1976 990 2225 1047 tamen.
2263 978 2431 1048 Inde
2463 989 2594 1048 tota

103 1063 201 1134 illa
232 1088 346 1155 per
389 1066 780 1137 universam
832 1067 1255 1148 Hiberniam,
1299 1067 1385 1136 de
1430 1089 1568 1154 qua
1615 1068 1938 1157 superius
1984 1067 2326 1148 diximus,
2378 1066 2596 1136 disso-

97 1151 239 1223 lutio
281 1155 789 1225 Ecclesiasticae
827 1155 1259 1246 disciplinae,
1287 1177 1620 1226 censurae
1658 1155 2023 1238 enervatio,
2064 1154 2415 1247 religionis
2439 1177 2596 1225 eva-

96 1241 312 1312 cuatio.
350 1244 521 1313 Inde
555 1243 669 1313 illa
705 1244 964 1333 ubique
1005 1267 1126 1334 pro
1166 1244 1696 1315 mansuetudine
1728 1244 2134 1324 Christiana,
2185 1266 2380 1313 saeva
2431 1244 2597 1315 sub-

101 1330 447 1401 introducta
502 1333 895 1413 barbaries,
956 1334 1173 1403 immo
1269 1334 1673 1424 aganismus
1731 1333 2012 1420 quidam
2064 1331 2389 1402 inductus
2466 1332 2597 1403 sub

101 1419 341 1521 nornine
386 1421 802 1492 Christiano.
855 1427 1020 1493 Nam
1070 1355 1264 1509 quod,
1296 1422 1686 1492 inauditum
1736 1435 1837 1493 est
1883 1422 1971 1492 ab
2000 1422 2151 1512 ipso
2198 1421 2596 1521 Christiani-

102 1518 235 1576 taus
275 1510 489 1590 mitio,
540 1510 691 1581 sine
735 1511 1012 1592 ordine,
1068 1511 1218 1581 sine
1273 1511 1533 1582 ratione
1582 1511 2031 1581 mutabantur
2072 1523 2137 1581 et
2187 1509 2598 1600 multiplica-

95 1593 315 1667 bantur
356 1599 678 1690 Episcopi
719 1621 841 1690 pro
873 1599 1075 1670 libitu
1123 1599 1643 1701 Metropolitani,
1682 1600 1770 1669 ita
1805 1611 1882 1669 ut
1919 1620 2103 1669 unus
2150 1599 2596 1690 Episcopatus

96 1706 216 1754 uno
257 1708 381 1757 non
421 1701 603 1758 esset
662 1701 1049 1769 contentus,
1104 1688 1218 1758 sed
1293 1688 1609 1779 singulae
1671 1710 1840 1780 pene
1895 1687 2233 1759 Ecclesiae
2281 1689 2386 1757 sin
2445 1687 2597 1757 ulos

99 1771 390 1846 haberent
435 1777 837 1868 Episcopos.
882 1782 1014 1848 Nec
1061 1777 1341 1846 mirum.
1395 1782 1559 1846 Nam
1612 1777 2113 1865 quomodotam
2166 1777 2385 1846 morbi
2442 1776 2595 1846 ica·

102 1861 235 1949 pitis
266 1865 570 1935 membra
625 1866 968 1936 valerent?
1013 1870 1140 1935 Pro
1199 1866 1308 1934 his
1356 1866 1636 1946 Celsus,
1690 1880 1894 1953 atque
1941 1864 2337 1963 hujusmodi
2397 1863 2597 1936 malis

103 1951 299 2041 populi
345 1955 455 2024 sui
508 1954 947 2025 vehementer
977 1954 1218 2024 dolens
1261 1955 1437 2044 (erat
1466 1955 1652 2024 enim
1689 1954 1792 2024 vir
1822 1953 2045 2024 bonus
2082 1968 2149 2023 et
2180 1953 2589 2041 timoratus),

108 2040 325 2135 curavit
357 2043 768 2113 omnimodo
815 2043 1066 2113 habere
1097 2043 1227 2114 sibi
1270 2065 1733 2114 successorem
1772 2041 2208 2113 Malachiam:
2259 2041 2438 2128 quod
2477 2063 2597 2133 per

114 2143 288 2228 ψῳεη
334 2131 720 2202 confideret
746 2154 941 2221 posse
987 2132 1366 2223 explantari
1413 2132 1588 2202 male
1621 2131 1991 2202 radicatam
2043 2131 2591 2200 successionem:

117 2233 429 2316 qutearus
475 2221 1036 2303 essetomnibus,
1079 2235 1144 2291 et
1189 2243 1392 2310 quem
1453 2243 1693 2291 omnes
1739 2218 2289 2299 aemularentur,
2348 2230 2413 2288 et
2468 2222 2595 2288 Do·
2654 2246 2666 2259 ·

115 2321 296 2376 mnus
339 2323 490 2379 erat
564 2330 722 2379 cum
780 2332 882 2380 eo.
936 2315 1066 2379 Nec
1135 2309 1504 2380 frustratus
1549 2323 1648 2379 est
1705 2334 1741 2379 a
1792 2329 1914 2399 spe
1984 2331 2133 2378 sua.
2208 2312 2372 2377 Nam
2407 2361 2422 2386 ,
2477 2305 2595 2376 illo

110 2405 348 2492 temno,
399 2397 823 2469 substitutus
868 2411 972 2469 est
1004 2398 1359 2481 Malachia,
1407 2421 1540 2469 non
1593 2411 1818 2470 tamen
1872 2420 2050 2479 mox,
2116 2418 2333 2485 neque
2382 2395 2447 2465 id
2499 2394 2592 2467 fa·

104 2480 223 2578 egle.
266 2489 423 2556 Ecce
471 2488 661 2556 enim
712 2489 797 2558 de
830 2488 1091 2560 semine
1142 2509 1458 2576 nequam,
1510 2490 1629 2575 qui
1680 2501 1967 2578 occupet
2014 2487 2279 2567 locum,
2349 2486 2594 2555 Mauri-

106 2589 226 2643 cms
252 2577 544 2646 nomine.
602 2581 668 2645 Is
715 2598 837 2667 per
881 2576 1471 2665 quinquennium,
1528 2577 1740 2647 fretus
1790 2576 2088 2668 potentia
2128 2574 2444 2655 seculari,
2500 2575 2592 2644 in·

109 2658 335 2733 cubavit
378 2665 749 2747 Ecclesiae,
805 2687 938 2735 non
990 2665 1392 2757 EpiscopuS,
1448 2665 1562 2737 sed
1602 2672 1984 2757 Tyrannus,
2037 2671 2200 2735 Nam
2253 2676 2398 2735 vota
2451 2664 2592 2754 pio·

108 2764 225 2851 rm
267 2755 487 2844 magis
534 2754 604 2823 in
657 2753 1057 2824 Malachiam
1109 2766 1591 2824 convenerant.
1649 2755 1947 2842 Denique
1993 2753 2373 2824 suadebant
2429 2774 2586 2823 eum

114 2835 708 2934 submonusjuxta
754 2843 1307 2913 constitutionem
1339 2842 1547 2914 Celsi:
1584 2842 1697 2912 sed
1742 2842 1880 2924 ille,
1910 2843 2025 2930 qui
2058 2864 2261 2912 omne
2294 2840 2592 2919 sublime

119 2917 486 3021 bffmdsecus
545 2953 752 3018 quam
818 2953 1022 3000 suum
1074 2932 1552 3022 praecipitium
1619 2931 2101 3011 declinabant,
2160 2931 2406 3001 bonam
2458 2930 2587 3000 sibi

118 3009 410 3117 fidebatur
467 3033 709 3089 nactus
768 3020 1195 3089 occasionem
1247 3021 1668 3100 excusandi,
1722 3019 1905 3108 quod
2004 3041 2077 3090 er
2137 3018 2201 3089 id
2267 3018 2591 3108 temporis

110 3110 371 3177 unvanus
447 3108 601 3198 ejus
649 3107 982 3198 pacificus
1027 3130 1176 3178 esse
1235 3131 1366 3178 non
1446 3121 1692 3200 posset.
1761 3114 1944 3178 Insta
1998 3120 2115 3178 ant
2171 3121 2304 3177 tam
2356 3119 2591 3178 sancto

105 3192 271 3294 θΡΒΓί,
317 3209 381 3268 et
428 3196 895 3267 sollicitabant
932 3218 1208 3267 omnes:
1261 3197 1402 3268 duo
1450 3198 1883 3289 potissimum
1921 3197 2231 3288 Episcopi
2284 3196 2592 3267 Malchus

103 3289 153 3344 et
188 3281 601 3355 Gillebertus.
655 3289 958 3368 Quorum
1005 3286 1213 3377 prior,
1242 3286 1391 3378 ipse
1428 3300 1530 3357 est
1563 3288 1794 3357 senior
1831 3285 2316 3364 Lesmorensis,
2346 3285 2430 3353 de
2454 3307 2590 3373 quo

102 3382 269 3463 supra
316 3375 569 3444 mentio
616 3372 793 3444 facta
838 3386 978 3444 est:
1030 3375 1222 3456 alter,
1275 3396 1476 3463 quem
1529 3375 1723 3466 ajunt
1771 3375 1991 3466 prima
2040 3372 2351 3443 functum
2406 3373 2590 3463 lega-

104 3464 249 3549 tione
279 3462 692 3551 apostolicae
755 3463 949 3533 Sedis
999 3486 1120 3554 per
1164 3462 1553 3535 universam
1608 3464 2032 3533 Hiberniam.
2088 3461 2241 3546 Qui,
2293 3461 2590 3531 triennio

97 3561 215 3627 jam
251 3546 531 3621 decurso
578 3552 647 3620 in
701 3552 831 3621 hac
884 3554 1437 3642 praesumptione
1472 3553 1805 3634 Mauricii,
1857 3566 1923 3621 et
1967 3550 2336 3622 Malachiae
2383 3549 2590 3621 dissi-

104 3632 452 3731 mulatione,
509 3660 642 3709 non
680 3639 970 3711 ferentes
1001 3642 1177 3712 ultra
1220 3642 1558 3712 Ecclesiae
1591 3641 2033 3723 adulterium,
2073 3639 2371 3710 dedecus
2403 3638 2590 3709 Chri-

104 3728 191 3799 Sss,
220 3729 593 3798 convocatis
643 3729 997 3820 Episcopis
1019 3745 1086 3801 et
1116 3730 1549 3821 principibus
1585 3745 1821 3802 terrae.
1853 3753 1992 3801 uno
2039 3729 2287 3819 spiritu
2336 3726 2590 3797 adeunt

105 3808 484 3909 Malachiam,
540 3819 757 3909 parati
810 3818 943 3888 vim
994 3818 1238 3889 facere.
1275 3826 1352 3890 At
1395 3819 1510 3888 ille
1558 3841 1842 3889 renuere
1893 3818 2306 3909 primum...
2339 3822 2583 3886 Verum

105 3893 215 3968 tllts
238 3907 626 3976 econtrario
653 3906 1092 3989 instantibuS,
1138 3921 1200 3977 et
1234 3908 1722 3987 clamantibuS,
1769 3908 1929 3994 quia
1966 3928 2001 3975 a
2041 3906 2325 3976 Domino
2363 3926 2588 3975 sermo

105 4002 375 4080 ssgressus
409 4008 535 4066 est:
572 3995 689 4066 sed
738 4008 805 4065 et
847 4007 979 4065 tota
1005 3997 1407 4067 auctoritate
1439 3995 1849 4083 jubentibus
1881 3995 2112 4063 subire
2149 4015 2351 4075 onuS,
2386 4007 2588 4082 atque

107 4084 555 4155 mtentantibus
602 4084 1002 4155 anathema:
1056 4108 1092 4152 «
1128 4084 1218 4154 Ad
1272 4097 1584 4164 mortem,
1658 4083 1902 4171 inquit,
1969 4082 2222 4152 ducitis
2285 4104 2415 4152 me:
2469 4082 2584 4152 sed

109 4160 306 4238 obedio
357 4193 477 4262 spe
522 4174 884 4262 martyrii,
945 4173 1074 4243 hac
1144 4185 1370 4242 tamen
1421 4173 1854 4249 conditione,
1906 4184 1983 4239 ut
2029 4171 2083 4242 si
2134 4171 2329 4259 juxta
2378 4170 2582 4239 fidem

112 4266 347 4327 vestram
388 4283 498 4332 res
535 4263 609 4329 in
648 4260 893 4331 melius
932 4262 1151 4343 cedat,
1189 4271 1253 4331 et
1298 4260 1599 4332 vindicet
1629 4261 1761 4330 sibi
1813 4261 1989 4327 Deus
2029 4280 2223 4328 suam
2277 4258 2587 4327 haeredi-

114 4348 268 4413 tatem
300 4370 335 4417 a
379 4349 847 4440 diripentibus
888 4372 1065 4432 eam,
1121 4364 1283 4421 tunc
1316 4348 1625 4430 demum,
1676 4345 2005 4417 omnibus
2062 4347 2582 4421 consummatis,

2655 4436 2744 4497 A*
