2993 4837
507 270 638 334 456
1074 285 1153 331 nn
1203 284 1294 331 ss.
1349 285 1462 330 uu.
1518 283 1818 342 Antonio,
1873 284 2125 342 ΖΕΒΙΝΑ,
2175 283 2317 332 erc.
2643 265 2815 332 ΠΟΥ.
2857 269 2920 332 {3

419 368 842 440 absurditate
884 367 1262 438 admodum
1304 380 1890 455 conquererentur
1923 368 2118 458 (nam
2168 369 2300 439 ista
2339 368 2477 439 illis
2524 369 2808 440 nimium
2848 369 2924 438 ia·

418 459 607 529 stidii
642 513 656 538 ,
711 456 1148 544 nimiumque
1188 457 1730 547 importunitatis
1764 456 2127 557 complecti
2163 458 2310 527 visa
2335 458 2548 546 sunt),
2587 469 2656 527 et
2691 457 2928 528 calami-

418 546 766 618 tosissima
816 558 1184 646 tempestas
1223 546 1479 636 passim
1540 545 1868 615 omnibus
1925 547 2398 634 impenderet,
2460 547 2695 616 divina
2739 551 2928 616 serva·

419 636 587 705 toris
642 636 857 704 nostri
910 648 1127 705 virtus
1182 648 1247 703 et
1304 635 1604 725 potentia
1662 635 1772 705 his
1831 633 2105 704 athletis
2168 647 2428 705 tantam
2477 635 2708 707 denuo
2753 636 2926 704 animi

422 723 662 812 injecit
709 723 1091 804 fidentiam,
1135 737 1200 793 et
1242 723 1441 810 quasi
1483 722 1772 792 coelitus
1820 723 2207 812 inspiravit,
2254 738 2331 793 ut
2367 746 2529 793 cum
2572 746 2773 793 nemo
2813 724 2930 792 illos

418 814 483 881 vi
515 811 920 903 impelleret,
959 825 1361 901 raperetque
1385 811 1471 880 ad
1503 811 1660 881 fidei
1693 834 1859 881 suae
1883 812 2412 892 confessionem,
2445 812 2629 882 ultro
2662 813 2932 882 offerrent

420 923 590 981 sese,
633 912 700 970 et
735 923 977 970 omnes
1008 900 1354 990 ejusmodi
1389 913 1680 970 terrores
1721 923 1799 969 ac
1848 901 2073 972 minas
2105 914 2383 972 strenue
2416 915 2849 992 protererent,
2889 915 2934 968 et

421 1005 770 1076 tamquam
813 989 1107 1079 pedibus
1147 1011 1433 1079 prorsus
1464 989 1978 1059 conculcarent.

507 1082 544 1167 ξ
590 1083 682 1150 3.
737 1078 1001 1147 Idcirco
1051 1089 1185 1149 tres
1234 1101 1313 1148 ex
1345 1077 1672 1149 fidelibus
1721 1078 1928 1148 simul
1966 1099 2104 1147 uno
2151 1077 2550 1150 animorum
2601 1100 2931 1152 consensu.

420 1182 656 1238 contra
705 1166 1087 1257 praesidem
1139 1165 1611 1236 immolantem
1667 1167 2010 1248 insiliunt,
2062 1178 2127 1236 et
2164 1167 2305 1236 alta
2344 1189 2530 1248 voce,
2587 1168 2710 1237 tali
2755 1189 2938 1235 errore

422 1267 625 1344 atque
660 1257 958 1326 amentia
1009 1255 1357 1337 desistere,
1411 1255 1797 1325 hortantur.
1852 1261 2019 1326 Nam
2072 1277 2204 1325 non
2257 1255 2478 1325 alium
2511 1278 2665 1326 esse
2714 1262 2931 1326 Deum.

421 1358 689 1435 praeter
737 1367 896 1414 eum
950 1344 1070 1431 qui
1103 1344 1417 1413 omnium
1470 1365 1702 1414 rerum
1747 1345 2023 1414 effector
2067 1357 2135 1413 et
2170 1345 2592 1416 architectus
2631 1358 2759 1426 est,
2793 1365 2936 1413 asse·

421 1445 605 1504 runt.
662 1433 899 1522 Rogati
933 1455 1118 1522 erg0,
1158 1433 1447 1519 quinam
1487 1444 1738 1514 essent,
1794 1433 2216 1502 Christianos
2265 1455 2338 1502 se
2384 1434 2721 1504 audacter
2766 1432 2938 1502 confi·

421 1535 670 1592 tentur.
704 1528 851 1605 Qua
883 1520 967 1590 de
996 1543 1207 1591 causa
1241 1520 1688 1593 Firmilianus
1715 1522 1947 1592 acrius
1973 1534 2040 1591 et
2065 1522 2541 1592 vehementius
2567 1523 2931 1593 concitatus.

419 1612 679 1698 absque
711 1610 855 1680 ullo
894 1610 1028 1679 alio
1060 1609 1390 1700 supplicii
1428 1633 1678 1702 genere
1710 1610 1933 1699 capite
1969 1609 2404 1681 mulctandos
2447 1611 2758 1680 tradidit.
2800 1615 2932 1692 Quo·

418 1722 572 1769 rum
611 1722 794 1769 unus
845 1700 1199 1787 presbyter
1236 1709 1425 1780 erat,
1484 1699 1764 1768 nomine
1804 1699 2183 1780 Antonius;
2237 1699 2407 1768 alter
2453 1701 2747 1770 Zebinas
2785 1720 2928 1766 voca

416 1790 644 1868 batur,
683 1811 760 1857 ex
788 1788 1056 1856 civitate
1083 1787 1593 1877 Eleutheropoli
1630 1802 2031 1878 prognatus;
2069 1787 2264 1857 tertio
2299 1792 2693 1860 Germanus
2731 1805 2926 1856 nomen

416 1877 570 1947 suit.
611 1876 1082 1946 Decimotertio
1129 1875 1241 1945 die
1280 1877 1565 1958 mensis,
1610 1877 1732 1963 qui
1779 1877 1941 1946 Dius
1971 1876 2252 1957 dicitur,
2293 1876 2360 1945 id
2402 1889 2527 1959 est,
2577 1878 2817 1948 Idibus
2844 1878 2925 1944 No·

420 1965 742 2044 vembris,
783 1965 949 2033 haec
984 1965 1068 2033 de
1103 1964 1251 2034 istis
1289 1977 1440 2034 acta
1470 1976 1658 2034 sunt.

508 2057 544 2143 ξ
575 2060 660 2127 cl.
702 2053 951 2124 Eodem
987 2054 1097 2123 die
1123 2053 1373 2123 mulier
1397 2053 1736 2140 quaedam
1780 2054 2133 2124 Ennathas
2168 2054 2469 2134 nomine,
2506 2076 2590 2123 ex
2624 2053 2793 2125 urbe
2816 2056 2926 2136 Scy·

420 2143 677 2231 thopoli
725 2142 758 2178 ³*
805 2155 993 2224 orta,
1049 2142 1462 2230 virginitatis
1529 2143 1729 2229 quasi
1777 2143 2052 2212 coronis
2102 2144 2339 2233 pulcre
2402 2143 2787 2222 adornata,
2833 2159 2926 2208 una

418 2255 576 2301 cum
639 2230 776 2303 illis
836 2231 1257 2320 martyribus
1304 2253 1383 2299 eo
1433 2231 1766 2301 accessit:
1819 2253 1998 2318 quae
2047 2254 2182 2302 non
2235 2231 2415 2301 ultro
2465 2253 2538 2301 se
2580 2229 2839 2308 obtulit,
2883 2243 2926 2294 ut

418 2320 547 2400 illi,
587 2320 703 2390 sed
742 2321 803 2388 vi
841 2333 1054 2390 tracta
1080 2319 1231 2400 suit,
1270 2331 1336 2388 et
1367 2319 1451 2388 ad
1479 2319 1786 2406 ‚iudicem
1823 2320 2148 2390 adducta.
2179 2320 2442 2390 Idcirco
2479 2335 2638 2410 post
2668 2319 2920 2390 verbera.

417 2423 481 2480 et
514 2432 754 2500 graves
784 2408 1456 2496 contumeliososque
1478 2409 1853 2492 cruciatuS,
1894 2432 2068 2497 quos
2088 2409 2294 2497 judex
2324 2410 2386 2479 ei
2419 2408 2832 2501 infligendos
2847 2426 2925 2473 cu·

416 2512 706 2581 raverat,
753 2498 1072 2568 tribunus
1123 2496 1409 2585 quidam
1443 2552 1458 2575 ‚
1494 2499 1616 2585 qui
1665 2497 1807 2567 illic
1858 2499 1928 2566 in
1972 2500 2282 2589 proximo
2323 2500 2740 2589 magistratu
2782 2514 2926 2593 gere·

416 2588 556 2667 bat,
611 2587 997 2677 appellatus
1055 2592 1328 2675 Maxys,
1392 2587 1598 2656 homo
1654 2609 1790 2655 non
1835 2597 1972 2656 tam
2019 2588 2319 2670 nomine,
2372 2610 2582 2674 quam
2628 2600 2764 2659 tota
2801 2597 2922 2651 vitae

417 2676 681 2745 ratione
721 2697 1062 2761 nequam,
1109 2687 1175 2745 et
1221 2686 1296 2744 ut
1351 2674 1509 2747 aliis
1558 2676 1767 2748 rebus
1816 2675 2141 2748 scelestus
2187 2688 2253 2746 et
2293 2675 2628 2766 perditus,
2685 2677 2774 2744 ita
2817 2685 2916 2741 tum

418 2765 727 2855 corporis
777 2764 1040 2835 viribus
1088 2786 1168 2833 su
1225 2786 1300 2833 ra
1350 2763 1633 2834 modum
1686 2765 2014 2836 robustus
2044 2819 2060 2846 ,
2115 2778 2261 2835 tum
2313 2765 2626 2835 moribus
2674 2764 2847 2833 ferus
2879 2770 2919 2824 et

416 2853 765 2923 crudelis:
821 2866 964 2922 tum
1016 2875 1156 2943 apu
1251 2874 1518 2933 omnes,
1574 2854 1696 2940 qui
1742 2853 1938 2922 illum
1999 2866 2267 2934 norant,
2321 2853 2611 2925 infamia
2657 2865 2722 2923 et
2767 2847 2918 2919 dede-

417 2964 575 3011 core
610 2953 906 3023 notatuS,
944 2942 1205 3029 absque
1253 2941 1655 3011 auctoritate
1691 2942 1974 3030 majoris
2024 2943 2374 3032 potestatis
2399 2995 2421 3024 ,
2477 2942 2661 3012 hanc
2706 2942 2919 3011 beatam

415 3031 750 3132 virginem
774 3054 862 3121 ag
915 3030 1197 3112 reditur,
1219 3052 1510 3118 eamque
1534 3030 1723 3100 omni
1753 3031 2000 3101 vestitu
2024 3053 2246 3118 usque
2269 3054 2349 3101 eo
2373 3032 2584 3112 exuit,
2618 3043 2694 3103 ut
2719 3042 2916 3114 corpus

417 3143 452 3189 a
496 3118 755 3190 lumbis
795 3053 1018 3189 solum
1078 3119 1162 3188 ad
1230 3118 1438 3208 pedes
1492 3133 1993 3219 contegeretur,
2035 3119 2380 3207 reliquum
2420 3132 2655 3189 autem
2704 3114 2914 3188 nudum

420 3209 759 3279 existeret.
794 3212 984 3277 Hanc
1016 3230 1138 3299 per
1162 3209 1558 3277 universam
1585 3208 1928 3279 civitatem
1957 3213 2351 3278 Caesaream
2381 3209 2693 3295 undique
2715 3206 2917 3276 cicum-

420 3298 634 3379 duxit,
692 3297 993 3384 lorisque
1045 3318 1163 3386 per
1196 3308 1411 3366 totum
1455 3296 1679 3366 sorum
1730 3308 1795 3367 et
1829 3296 2145 3386 publicas
2195 3297 2454 3386 plateas
2488 3310 2787 3374 tractam,
2817 3305 2912 3358 1¹0ss

417 3386 567 3456 sine
598 3385 898 3473 quadam
932 3385 1148 3453 animi
1188 3386 1297 3455 sui
1330 3384 1782 3456 oblectatione
1812 3385 2213 3457 verberavit.
2253 3391 2472 3469 Quam
2511 3399 2665 3475 post
2696 3395 2915 3481 tot-eru,-

416 3476 664 3554 ciatus,
705 3496 865 3544 cum
899 3473 1530 3544 constantissimam
1557 3474 1776 3543 animi
1803 3474 2302 3544 firmitudinem
2339 3497 2462 3564 pro
2489 3470 2802 3545 tribunali
2827 3463 2908 3534 ub1

416 3564 803 3634 Praefectus
859 3563 1216 3634 considere
1275 3561 1581 3645 solebat,
1635 3563 1703 3632 in
1747 3563 1885 3633 fide
1943 3563 2202 3633 tuenda
2250 3563 2705 3644 ostendisset,
2749 3553 2911 3650 judex

416 3652 637 3721 vivam
680 3653 839 3742 igne
879 3650 1322 3722 cremandam
1374 3651 1681 3722 tradidit.
2817 3732 2827 3744 υ

507 3745 543 3830 ξ
590 3746 677 3815 5.
733 3746 866 3811 Iste
926 3740 1138 3831 igitur
1200 3740 1630 3811 immanitate
1694 3739 1973 3831 longius
2023 3740 2470 3831 progrediens
2506 3795 2523 3822 ,
2586 3752 2652 3811 et
2706 3734 2904 3807 rabiem

466 3852 630 3920 rope
664 3828 1043 3900 belluinam
1079 3841 1318 3899 contra
1352 3830 1502 3919 pios
1542 3830 1610 3899 in
1646 3829 1795 3901 dies
1834 3830 2215 3918 adaugenS,
2258 3829 2429 3900 adeo
2461 3841 2648 3899 extra
2682 3836 2902 3896 naturae

442 3941 599 4010 eges
634 3918 909 4008 penitus
956 3940 1276 4009 egressus
1324 3931 1447 4000 est,
1502 3919 1604 3988 uti
1648 3918 1976 3988 inanimis
2024 3922 2435 3988 Sanctorum
2472 3921 2759 3988 virorum
2798 3925 2903 3978 cor·

417 4007 704 4097 poribus
752 4007 1177 4097 sepulturam
1244 4007 1616 4097 impudens
1665 4007 2045 4078 invideret:
2096 4019 2162 4078 et
2224 4019 2581 4096 propterea
2639 4002 2898 4091 cadavera

418 4097 548 4168 sub
610 4096 765 4178 dio,
818 4108 895 4167 ut
953 4119 991 4166 a
1054 4096 1291 4167 bestiis
1359 4095 1903 4177 dilaniarentur,
1957 4107 2165 4165 noctu
2212 4095 2495 4166 assidue
2540 4106 2604 4165 et
2665 4083 2899 4161 interdm

420 4185 676 4255 servari
749 4185 1117 4275 praecepit.
1196 4191 1434 4271 Itaque
1504 4207 1641 4254 non
1714 4185 2042 4275 exiguum
2116 4183 2485 4254 hominum
2557 4192 2890 4252 numerum,

420 4272 795 4343 multorum
868 4273 1139 4344 dierum
1218 4274 1441 4364 spatio
1470 4326 1492 4355 ,
1560 4274 1723 4344 huic
1800 4272 2091 4343 immani
2161 4286 2227 4343 et
2297 4273 2590 4345 barbaro
2644 4260 2894 4338 mandato

472 4399 498 4423 ¹·
528 4397 655 4445 Quae
676 4399 799 4447 apud
821 4395 973 4440 locum
993 4399 1287 4442 Genezareth
1306 4399 1402 4443 sita
1419 4403 1539 4443 erat.
