<?xml version="1.0" encoding="UTF-8"?>
<!DOCTYPE html PUBLIC "-//W3C//DTD XHTML 1.0 Transitional//EN"
    "http://www.w3.org/TR/xhtml1/DTD/xhtml1-transitional.dtd">
<html xmlns="http://www.w3.org/1999/xhtml" xml:lang="en" lang="en">
 <head>
  <title>
</title>
<meta http-equiv="Content-Type" content="text/html;charset=utf-8" />
  <meta name='ocr-system' content='tesseract 3.04.00' />
  <meta name='ocr-capabilities' content='ocr_page ocr_carea ocr_par ocr_line ocrx_word'/>
</head>
<body>
  <div class='ocr_page' id='page_1' title='image "./historiaeseuvit05lippgoog_0638.png"; bbox 0 0 2993 4837; ppageno 0'>
   <div class='ocr_carea' id='block_1_1' title="bbox 540 277 2859 352">
    <p class='ocr_par' dir='ltr' id='par_1_1' title="bbox 540 277 2859 352">
     <span class='ocr_line' id='line_1_1' title="bbox 540 277 2859 352; baseline -0 -9"><span class='ocrx_word' id='word_1_1' title='bbox 540 279 668 343; x_wconf 85' lang='lat'>598</span> <span class='ocrx_word' id='word_1_2' title='bbox 988 295 1067 340; x_wconf 73' lang='lat' dir='ltr'>m:</span> <span class='ocrx_word' id='word_1_3' title='bbox 1115 295 1172 342; x_wconf 89' lang='lat' dir='ltr'>s.</span> <span class='ocrx_word' id='word_1_4' title='bbox 1223 293 1590 352; x_wconf 62' lang='lat' dir='ltr'>susumus,</span> <span class='ocrx_word' id='word_1_5' title='bbox 1645 295 1825 342; x_wconf 64' lang='lat' dir='ltr'>acels</span> <span class='ocrx_word' id='word_1_6' title='bbox 1872 292 2244 343; x_wconf 58' lang='lat' dir='ltr'>not-tostius</span> <span class='ocrx_word' id='word_1_7' title='bbox 2291 296 2448 343; x_wconf 63' lang='lat' dir='ltr'>mua</span> <span class='ocrx_word' id='word_1_8' title='bbox 2634 277 2773 343; x_wconf 64' lang='lat' dir='ltr'>ttot&#39;.</span> <span class='ocrx_word' id='word_1_9' title='bbox 2807 278 2859 343; x_wconf 62' lang='lat' dir='ltr'>ll.)</span> 
     </span>
    </p>
   </div>
   <div class='ocr_carea' id='block_1_2' title="bbox 330 377 2902 3586">
    <p class='ocr_par' dir='ltr' id='par_1_2' title="bbox 447 377 2890 1355">
     <span class='ocr_line' id='line_1_2' title="bbox 452 377 2862 463; baseline -0.001 -14"><span class='ocrx_word' id='word_1_10' title='bbox 452 379 594 449; x_wconf 86' lang='lat' dir='ltr'>filio</span> <span class='ocrx_word' id='word_1_11' title='bbox 638 400 786 447; x_wconf 89' lang='lat' dir='ltr'>meo</span> <span class='ocrx_word' id='word_1_12' title='bbox 815 377 1213 460; x_wconf 88' lang='lat' dir='ltr'>acciderint,</span> <span class='ocrx_word' id='word_1_13' title='bbox 1260 379 1383 449; x_wconf 92' lang='lat' dir='ltr'>tibi</span> <span class='ocrx_word' id='word_1_14' title='bbox 1430 378 1889 449; x_wconf 76' lang='lat' dir='ltr'>declaravere.</span> <span class='ocrx_word' id='word_1_15' title='bbox 1927 402 1965 447; x_wconf 86' lang='lat'>»</span> <span class='ocrx_word' id='word_1_16' title='bbox 2013 379 2282 463; x_wconf 87' lang='lat' dir='ltr'>Quibus</span> <span class='ocrx_word' id='word_1_17' title='bbox 2315 379 2628 449; x_wconf 76' lang='lat' dir='ltr'><strong>Elisabeth</strong></span> <span class='ocrx_word' id='word_1_18' title='bbox 2665 378 2862 459; x_wconf 85' lang='lat' dir='ltr'>auditis,</span> 
     </span>
     <span class='ocr_line' id='line_1_3' title="bbox 450 467 2874 559; baseline -0.001 -21"><span class='ocrx_word' id='word_1_19' title='bbox 450 481 727 558; x_wconf 89' lang='lat' dir='ltr'>captum</span> <span class='ocrx_word' id='word_1_20' title='bbox 777 488 927 538; x_wconf 89' lang='lat' dir='ltr'>esse</span> <span class='ocrx_word' id='word_1_21' title='bbox 974 469 1345 558; x_wconf 88' lang='lat' dir='ltr'>suspicata,</span> <span class='ocrx_word' id='word_1_22' title='bbox 1403 468 1795 557; x_wconf 89' lang='lat' dir='ltr'>respondit:</span> <span class='ocrx_word' id='word_1_23' title='bbox 1849 490 1887 535; x_wconf 85' lang='lat'><strong>«</strong></span> <span class='ocrx_word' id='word_1_24' title='bbox 1930 470 1996 538; x_wconf 90' lang='lat' dir='ltr'>Si</span> <span class='ocrx_word' id='word_1_25' title='bbox 2048 482 2294 559; x_wconf 88' lang='lat' dir='ltr'>captus</span> <span class='ocrx_word' id='word_1_26' title='bbox 2347 483 2535 556; x_wconf 87' lang='lat' dir='ltr'>atque</span> <span class='ocrx_word' id='word_1_27' title='bbox 2578 470 2639 536; x_wconf 91' lang='lat' dir='ltr'>in</span> <span class='ocrx_word' id='word_1_28' title='bbox 2679 467 2874 536; x_wconf 77' lang='lat' dir='ltr'>vincula</span> 
     </span>
     <span class='ocr_line' id='line_1_4' title="bbox 448 555 2870 649; baseline -0.001 -23"><span class='ocrx_word' id='word_1_29' title='bbox 448 555 800 644; x_wconf 89' lang='lat' dir='ltr'>conjectus</span> <span class='ocrx_word' id='word_1_30' title='bbox 846 568 947 626; x_wconf 87' lang='lat' dir='ltr'>est</span> <span class='ocrx_word' id='word_1_31' title='bbox 994 555 1201 626; x_wconf 87' lang='lat' dir='ltr'>frater</span> <span class='ocrx_word' id='word_1_32' title='bbox 1251 578 1468 637; x_wconf 80' lang='lat' dir='ltr'>meuS,</span> <span class='ocrx_word' id='word_1_33' title='bbox 1525 558 2044 647; x_wconf 75' lang='lat' dir='ltr'>quamprimum</span> <span class='ocrx_word' id='word_1_34' title='bbox 2081 580 2204 648; x_wconf 89' lang='lat' dir='ltr'>per</span> <span class='ocrx_word' id='word_1_35' title='bbox 2236 562 2347 627; x_wconf 90' lang='lat' dir='ltr'>Dei</span> <span class='ocrx_word' id='word_1_36' title='bbox 2396 558 2657 649; x_wconf 81' lang='lat' dir='ltr'>gratiam</span> <span class='ocrx_word' id='word_1_37' title='bbox 2686 556 2870 625; x_wconf 83' lang='lat' dir='ltr'>etami-</span> 
     </span>
     <span class='ocr_line' id='line_1_5' title="bbox 447 644 2873 730; baseline -0.001 -15"><span class='ocrx_word' id='word_1_38' title='bbox 447 666 687 715; x_wconf 87' lang='lat' dir='ltr'>corum</span> <span class='ocrx_word' id='word_1_39' title='bbox 743 644 1285 714; x_wconf 85' lang='lat' dir='ltr'>munificentiam</span> <span class='ocrx_word' id='word_1_40' title='bbox 1323 646 1750 715; x_wconf 77' lang='lat' dir='ltr'>liberabitur.</span> <span class='ocrx_word' id='word_1_41' title='bbox 1784 669 1821 713; x_wconf 86' lang='lat'><strong>»</strong></span> <span class='ocrx_word' id='word_1_42' title='bbox 1870 653 2061 716; x_wconf 88' lang='lat' dir='ltr'>Tunc</span> <span class='ocrx_word' id='word_1_43' title='bbox 2092 651 2178 717; x_wconf 91' lang='lat' dir='ltr'>So</span> <span class='ocrx_word' id='word_1_44' title='bbox 2233 647 2388 725; x_wconf 87' lang='lat' dir='ltr'>hia;</span> <span class='ocrx_word' id='word_1_45' title='bbox 2423 670 2457 712; x_wconf 88' lang='lat'>«</span> <span class='ocrx_word' id='word_1_46' title='bbox 2483 647 2675 725; x_wconf 91' lang='lat' dir='ltr'>Diem,</span> <span class='ocrx_word' id='word_1_47' title='bbox 2701 646 2873 730; x_wconf 85' lang='lat' dir='ltr'>inquit,</span> 
     </span>
     <span class='ocr_line' id='line_1_6' title="bbox 449 732 2880 824; baseline -0.001 -21"><span class='ocrx_word' id='word_1_48' title='bbox 449 755 654 804; x_wconf 88' lang='lat' dir='ltr'>suum</span> <span class='ocrx_word' id='word_1_49' title='bbox 706 733 939 803; x_wconf 90' lang='lat' dir='ltr'>obivit.</span> <span class='ocrx_word' id='word_1_50' title='bbox 978 756 1015 798; x_wconf 55' lang='lat' dir='ltr'>x</span> <span class='ocrx_word' id='word_1_51' title='bbox 1065 734 1387 804; x_wconf 89' lang='lat' dir='ltr'>Perculsa</span> <span class='ocrx_word' id='word_1_52' title='bbox 1427 756 1583 804; x_wconf 86' lang='lat' dir='ltr'>mox</span> <span class='ocrx_word' id='word_1_53' title='bbox 1609 736 1799 824; x_wconf 81' lang='lat' dir='ltr'>gravi</span> <span class='ocrx_word' id='word_1_54' title='bbox 1837 735 2155 806; x_wconf 88' lang='lat' dir='ltr'>moestitu</span> <span class='ocrx_word' id='word_1_55' title='bbox 2212 737 2323 805; x_wconf 89' lang='lat' dir='ltr'>ine</span> <span class='ocrx_word' id='word_1_56' title='bbox 2369 736 2449 805; x_wconf 93' lang='lat' dir='ltr'>ad</span> <span class='ocrx_word' id='word_1_57' title='bbox 2482 749 2605 806; x_wconf 86' lang='lat' dir='ltr'>tam</span> <span class='ocrx_word' id='word_1_58' title='bbox 2632 732 2880 803; x_wconf 73' lang='lat' dir='ltr'>infaustae</span> 
     </span>
     <span class='ocr_line' id='line_1_7' title="bbox 450 821 2883 906; baseline -0.002 -15"><span class='ocrx_word' id='word_1_59' title='bbox 450 823 546 891; x_wconf 87' lang='lat' dir='ltr'>rei</span> <span class='ocrx_word' id='word_1_60' title='bbox 607 822 943 891; x_wconf 89' lang='lat' dir='ltr'>nuncium</span> <span class='ocrx_word' id='word_1_61' title='bbox 994 821 1363 903; x_wconf 81' lang='lat' dir='ltr'>Elisabeth,</span> <span class='ocrx_word' id='word_1_62' title='bbox 1410 824 1744 893; x_wconf 88' lang='lat' dir='ltr'>consertis</span> <span class='ocrx_word' id='word_1_63' title='bbox 1797 824 2084 893; x_wconf 88' lang='lat' dir='ltr'>invicem</span> <span class='ocrx_word' id='word_1_64' title='bbox 2122 825 2484 906; x_wconf 74' lang='lat' dir='ltr'>manibus,</span> <span class='ocrx_word' id='word_1_65' title='bbox 2547 822 2883 893; x_wconf 84' lang='lat' dir='ltr'>amarissime</span> 
     </span>
     <span class='ocr_line' id='line_1_8' title="bbox 450 910 2888 999; baseline -0.002 -19"><span class='ocrx_word' id='word_1_66' title='bbox 450 911 615 980; x_wconf 89' lang='lat' dir='ltr'>flere</span> <span class='ocrx_word' id='word_1_67' title='bbox 643 911 887 999; x_wconf 90' lang='lat' dir='ltr'>coepit,</span> <span class='ocrx_word' id='word_1_68' title='bbox 941 910 1220 981; x_wconf 90' lang='lat' dir='ltr'>dicens:</span> <span class='ocrx_word' id='word_1_69' title='bbox 1276 934 1313 977; x_wconf 88' lang='lat'>«</span> <span class='ocrx_word' id='word_1_70' title='bbox 1342 911 1407 980; x_wconf 91' lang='lat' dir='ltr'>Si</span> <span class='ocrx_word' id='word_1_71' title='bbox 1461 925 1744 982; x_wconf 89' lang='lat' dir='ltr'>mortem</span> <span class='ocrx_word' id='word_1_72' title='bbox 1782 912 1988 982; x_wconf 85' lang='lat' dir='ltr'>frater</span> <span class='ocrx_word' id='word_1_73' title='bbox 2018 935 2214 983; x_wconf 90' lang='lat' dir='ltr'>meus</span> <span class='ocrx_word' id='word_1_74' title='bbox 2262 914 2453 994; x_wconf 91' lang='lat' dir='ltr'>obiit,</span> <span class='ocrx_word' id='word_1_75' title='bbox 2488 925 2548 983; x_wconf 90' lang='lat' dir='ltr'>et</span> <span class='ocrx_word' id='word_1_76' title='bbox 2594 911 2740 979; x_wconf 83' lang='lat' dir='ltr'>mihi</span> <span class='ocrx_word' id='word_1_77' title='bbox 2776 931 2888 997; x_wconf 87' lang='lat' dir='ltr'>quo-</span> 
     </span>
     <span class='ocr_line' id='line_1_9' title="bbox 450 998 2889 1089; baseline -0.002 -21"><span class='ocrx_word' id='word_1_78' title='bbox 450 1021 586 1087; x_wconf 89' lang='lat' dir='ltr'>que</span> <span class='ocrx_word' id='word_1_79' title='bbox 698 998 934 1070; x_wconf 88' lang='lat' dir='ltr'>osthac</span> <span class='ocrx_word' id='word_1_80' title='bbox 999 1000 1262 1069; x_wconf 92' lang='lat' dir='ltr'>mundo</span> <span class='ocrx_word' id='word_1_81' title='bbox 1332 1001 1621 1089; x_wconf 86' lang='lat' dir='ltr'>ejusque</span> <span class='ocrx_word' id='word_1_82' title='bbox 1690 1002 2108 1071; x_wconf 87' lang='lat' dir='ltr'>vanitatibus</span> <span class='ocrx_word' id='word_1_83' title='bbox 2173 1001 2573 1081; x_wconf 83' lang='lat' dir='ltr'>defunctae,</span> <span class='ocrx_word' id='word_1_84' title='bbox 2651 1000 2889 1068; x_wconf 84' lang='lat' dir='ltr'>morietur</span> 
     </span>
     <span class='ocr_line' id='line_1_10' title="bbox 452 1086 2888 1189; baseline -0.001 -33"><span class='ocrx_word' id='word_1_85' title='bbox 452 1110 617 1158; x_wconf 91' lang='lat' dir='ltr'>mun</span> <span class='ocrx_word' id='word_1_86' title='bbox 677 1110 758 1157; x_wconf 91' lang='lat' dir='ltr'>us</span> <span class='ocrx_word' id='word_1_87' title='bbox 800 1089 968 1177; x_wconf 89' lang='lat' dir='ltr'>ipse.</span> <span class='ocrx_word' id='word_1_88' title='bbox 1003 1111 1040 1155; x_wconf 86' lang='lat'><strong>»</strong></span> <span class='ocrx_word' id='word_1_89' title='bbox 1091 1089 1329 1160; x_wconf 89' lang='lat' dir='ltr'>Videre</span> <span class='ocrx_word' id='word_1_90' title='bbox 1378 1103 1521 1158; x_wconf 90' lang='lat' dir='ltr'>tum</span> <span class='ocrx_word' id='word_1_91' title='bbox 1572 1102 1738 1170; x_wconf 87' lang='lat' dir='ltr'>erat,</span> <span class='ocrx_word' id='word_1_92' title='bbox 1793 1102 1871 1159; x_wconf 92' lang='lat' dir='ltr'>ut</span> <span class='ocrx_word' id='word_1_93' title='bbox 1917 1090 2221 1159; x_wconf 91' lang='lat' dir='ltr'>dolorem</span> <span class='ocrx_word' id='word_1_94' title='bbox 2254 1091 2341 1159; x_wconf 92' lang='lat' dir='ltr'>de</span> <span class='ocrx_word' id='word_1_95' title='bbox 2391 1105 2594 1160; x_wconf 89' lang='lat' dir='ltr'>morte</span> <span class='ocrx_word' id='word_1_96' title='bbox 2640 1086 2888 1189; x_wconf 80' lang='lat' dir='ltr'>principis</span> 
     </span>
     <span class='ocr_line' id='line_1_11' title="bbox 448 1176 2890 1266; baseline -0.002 -21"><span class='ocrx_word' id='word_1_97' title='bbox 448 1190 905 1266; x_wconf 89' lang='lat' dir='ltr'>conceptum,</span> <span class='ocrx_word' id='word_1_98' title='bbox 975 1192 1253 1266; x_wconf 83' lang='lat' dir='ltr'>augeret</span> <span class='ocrx_word' id='word_1_99' title='bbox 1321 1177 1653 1247; x_wconf 85' lang='lat' dir='ltr'>desolatio</span> <span class='ocrx_word' id='word_1_100' title='bbox 1723 1178 2013 1248; x_wconf 90' lang='lat' dir='ltr'>illustris</span> <span class='ocrx_word' id='word_1_101' title='bbox 2074 1180 2370 1259; x_wconf 86' lang='lat' dir='ltr'>viduae,</span> <span class='ocrx_word' id='word_1_102' title='bbox 2446 1191 2808 1264; x_wconf 78' lang='lat' dir='ltr'>cunctisque</span> <span class='ocrx_word' id='word_1_103' title='bbox 2850 1176 2890 1241; x_wconf 91' lang='lat' dir='ltr'>in</span> 
     </span>
     <span class='ocr_line' id='line_1_12' title="bbox 453 1265 2664 1355; baseline -0 -21"><span class='ocrx_word' id='word_1_104' title='bbox 453 1265 993 1355; x_wconf 78' lang='lat' dir='ltr'>praesentiarum</span> <span class='ocrx_word' id='word_1_105' title='bbox 1037 1266 1572 1336; x_wconf 86' lang='lat' dir='ltr'>consistentibus</span> <span class='ocrx_word' id='word_1_106' title='bbox 1603 1268 1747 1336; x_wconf 90' lang='lat' dir='ltr'>lacr</span> <span class='ocrx_word' id='word_1_107' title='bbox 1800 1289 1947 1339; x_wconf 90' lang='lat' dir='ltr'>mas</span> <span class='ocrx_word' id='word_1_108' title='bbox 1978 1268 2227 1337; x_wconf 85' lang='lat' dir='ltr'>exciret</span> <span class='ocrx_word' id='word_1_109' title='bbox 2266 1269 2664 1338; x_wconf 88' lang='lat' dir='ltr'>uberrimas.</span> 
     </span>
    </p>

    <p class='ocr_par' dir='ltr' id='par_1_3' title="bbox 444 1354 2896 1712">
     <span class='ocr_line' id='line_1_13' title="bbox 535 1354 2892 1445; baseline -0.004 -18"><span class='ocrx_word' id='word_1_110' title='bbox 535 1357 571 1442; x_wconf 64' lang='grc' dir='ltr'><strong>ἕ</strong></span> <span class='ocrx_word' id='word_1_111' title='bbox 618 1358 758 1427; x_wconf 74' lang='lat' dir='ltr'>u.</span> <span class='ocrx_word' id='word_1_112' title='bbox 813 1358 954 1424; x_wconf 89' lang='lat' dir='ltr'>Non</span> <span class='ocrx_word' id='word_1_113' title='bbox 1007 1354 1222 1425; x_wconf 89' lang='lat' dir='ltr'>defuit</span> <span class='ocrx_word' id='word_1_114' title='bbox 1269 1355 1338 1423; x_wconf 91' lang='lat' dir='ltr'>in</span> <span class='ocrx_word' id='word_1_115' title='bbox 1375 1366 1679 1445; x_wconf 87' lang='lat' dir='ltr'>tempore</span> <span class='ocrx_word' id='word_1_116' title='bbox 1784 1357 2080 1426; x_wconf 89' lang='lat' dir='ltr'>esolatae</span> <span class='ocrx_word' id='word_1_117' title='bbox 2139 1357 2416 1427; x_wconf 90' lang='lat' dir='ltr'>mulieri</span> <span class='ocrx_word' id='word_1_118' title='bbox 2464 1357 2685 1426; x_wconf 87' lang='lat' dir='ltr'>divina</span> <span class='ocrx_word' id='word_1_119' title='bbox 2725 1372 2892 1423; x_wconf 82' lang='lat' dir='ltr'>conso-</span> 
     </span>
     <span class='ocr_line' id='line_1_14' title="bbox 445 1442 2888 1530; baseline 0.002 -19"><span class='ocrx_word' id='word_1_120' title='bbox 445 1443 633 1521; x_wconf 89' lang='lat' dir='ltr'>lati0,</span> <span class='ocrx_word' id='word_1_121' title='bbox 680 1464 854 1529; x_wconf 86' lang='lat' dir='ltr'>quae</span> <span class='ocrx_word' id='word_1_122' title='bbox 901 1442 1240 1530; x_wconf 86' lang='lat' dir='ltr'>dejectum</span> <span class='ocrx_word' id='word_1_123' title='bbox 1294 1465 1600 1514; x_wconf 90' lang='lat' dir='ltr'>moerore</span> <span class='ocrx_word' id='word_1_124' title='bbox 1646 1445 1958 1514; x_wconf 88' lang='lat' dir='ltr'>animum</span> <span class='ocrx_word' id='word_1_125' title='bbox 1992 1446 2079 1514; x_wconf 90' lang='lat' dir='ltr'>ita</span> <span class='ocrx_word' id='word_1_126' title='bbox 2111 1444 2339 1515; x_wconf 83' lang='lat' dir='ltr'>refecit</span> <span class='ocrx_word' id='word_1_127' title='bbox 2386 1443 2888 1528; x_wconf 73' lang='lat' dir='ltr'>confirmavitque,</span> 
     </span>
     <span class='ocr_line' id='line_1_15' title="bbox 444 1530 2895 1623; baseline -0.002 -24"><span class='ocrx_word' id='word_1_128' title='bbox 444 1543 623 1599; x_wconf 88' lang='lat' dir='ltr'>utet</span> <span class='ocrx_word' id='word_1_129' title='bbox 675 1532 1148 1619; x_wconf 88' lang='lat' dir='ltr'>praesentibus</span> <span class='ocrx_word' id='word_1_130' title='bbox 1197 1532 1397 1602; x_wconf 89' lang='lat' dir='ltr'>malis</span> <span class='ocrx_word' id='word_1_131' title='bbox 1449 1534 1733 1602; x_wconf 90' lang='lat' dir='ltr'>minime</span> <span class='ocrx_word' id='word_1_132' title='bbox 1780 1535 2283 1615; x_wconf 86' lang='lat' dir='ltr'>succumberet,</span> <span class='ocrx_word' id='word_1_133' title='bbox 2339 1548 2405 1603; x_wconf 86' lang='lat' dir='ltr'>et</span> <span class='ocrx_word' id='word_1_134' title='bbox 2462 1533 2667 1603; x_wconf 92' lang='lat' dir='ltr'>multo</span> <span class='ocrx_word' id='word_1_135' title='bbox 2710 1530 2895 1623; x_wconf 55' lang='lat' dir='ltr'>gravitr⁴</span> 
     </span>
     <span class='ocr_line' id='line_1_16' title="bbox 446 1620 2896 1712; baseline -0.003 -25"><span class='ocrx_word' id='word_1_136' title='bbox 446 1620 665 1700; x_wconf 82' lang='lat' dir='ltr'>ribuS,</span> <span class='ocrx_word' id='word_1_137' title='bbox 717 1641 895 1706; x_wconf 89' lang='lat' dir='ltr'>quae</span> <span class='ocrx_word' id='word_1_138' title='bbox 936 1620 1034 1689; x_wconf 92' lang='lat' dir='ltr'>illi</span> <span class='ocrx_word' id='word_1_139' title='bbox 1088 1634 1318 1710; x_wconf 90' lang='lat' dir='ltr'>postea</span> <span class='ocrx_word' id='word_1_140' title='bbox 1366 1634 1959 1710; x_wconf 84' lang='lat' dir='ltr'>supervenerunt,</span> <span class='ocrx_word' id='word_1_141' title='bbox 2015 1623 2443 1693; x_wconf 87' lang='lat' dir='ltr'>sustinendis</span> <span class='ocrx_word' id='word_1_142' title='bbox 2493 1644 2610 1712; x_wconf 90' lang='lat' dir='ltr'>par</span> <span class='ocrx_word' id='word_1_143' title='bbox 2663 1633 2827 1689; x_wconf 85' lang='lat' dir='ltr'>esset.</span> <span class='ocrx_word' id='word_1_144' title='bbox 2860 1620 2896 1682; x_wconf 74' lang='lat' dir='ltr'>St</span> 
     </span>
    </p>

    <p class='ocr_par' dir='ltr' id='par_1_4' title="bbox 330 1707 2899 3017">
     <span class='ocr_line' id='line_1_17' title="bbox 497 1707 2892 1800; baseline 0.003 -25"><span class='ocrx_word' id='word_1_145' title='bbox 497 1707 725 1776; x_wconf 90' lang='lat' dir='ltr'>uidem</span> <span class='ocrx_word' id='word_1_146' title='bbox 796 1729 1005 1797; x_wconf 86' lang='lat' dir='ltr'>parvo</span> <span class='ocrx_word' id='word_1_147' title='bbox 1071 1720 1220 1797; x_wconf 90' lang='lat' dir='ltr'>post</span> <span class='ocrx_word' id='word_1_148' title='bbox 1278 1723 1582 1800; x_wconf 87' lang='lat' dir='ltr'>tempore</span> <span class='ocrx_word' id='word_1_149' title='bbox 1653 1724 2006 1799; x_wconf 80' lang='lat' dir='ltr'>magnates</span> <span class='ocrx_word' id='word_1_150' title='bbox 2067 1711 2349 1798; x_wconf 88' lang='lat' dir='ltr'>quidam</span> <span class='ocrx_word' id='word_1_151' title='bbox 2386 1768 2401 1793; x_wconf 91' lang='lat'>,</span> <span class='ocrx_word' id='word_1_152' title='bbox 2472 1712 2586 1799; x_wconf 91' lang='lat' dir='ltr'>qui</span> <span class='ocrx_word' id='word_1_153' title='bbox 2637 1707 2892 1781; x_wconf 66' lang='lat' dir='ltr'>ilenrico,</span> 
     </span>
     <span class='ocr_line' id='line_1_18' title="bbox 446 1729 2897 1901; baseline -0.001 -37"><span class='ocrx_word' id='word_1_154' title='bbox 446 1729 753 1866; x_wconf 54' lang='lat' dir='ltr'>defuncti</span> <span class='ocrx_word' id='word_1_155' title='bbox 809 1798 1143 1887; x_wconf 89' lang='lat' dir='ltr'>principis</span> <span class='ocrx_word' id='word_1_156' title='bbox 1193 1797 1406 1879; x_wconf 86' lang='lat' dir='ltr'>fratri,</span> <span class='ocrx_word' id='word_1_157' title='bbox 1465 1821 1583 1887; x_wconf 88' lang='lat' dir='ltr'>per</span> <span class='ocrx_word' id='word_1_158' title='bbox 1628 1811 1914 1868; x_wconf 88' lang='lat' dir='ltr'>aetatem</span> <span class='ocrx_word' id='word_1_159' title='bbox 1966 1799 2050 1868; x_wconf 87' lang='lat' dir='ltr'>ad</span> <span class='ocrx_word' id='word_1_160' title='bbox 2104 1800 2483 1901; x_wconf 79' lang='lat' dir='ltr'>regendum</span> <span class='ocrx_word' id='word_1_161' title='bbox 2527 1796 2897 1892; x_wconf 68' lang='lat' dir='ltr'>prin&#39;cipatttm</span> 
     </span>
     <span class='ocr_line' id='line_1_19' title="bbox 450 1882 2898 1979; baseline -0.003 -26"><span class='ocrx_word' id='word_1_162' title='bbox 450 1886 745 1955; x_wconf 89' lang='lat' dir='ltr'>necdum</span> <span class='ocrx_word' id='word_1_163' title='bbox 785 1885 1028 1955; x_wconf 90' lang='lat' dir='ltr'>idoneo</span> <span class='ocrx_word' id='word_1_164' title='bbox 1061 1899 1373 1956; x_wconf 86' lang='lat' dir='ltr'>auctores</span> <span class='ocrx_word' id='word_1_165' title='bbox 1404 1899 1620 1968; x_wconf 88' lang='lat' dir='ltr'>erant,</span> <span class='ocrx_word' id='word_1_166' title='bbox 1660 1888 2051 1977; x_wconf 88' lang='lat' dir='ltr'>posthabito</span> <span class='ocrx_word' id='word_1_167' title='bbox 2099 1893 2214 1958; x_wconf 82' lang='lat' dir='ltr'>Det</span> <span class='ocrx_word' id='word_1_168' title='bbox 2263 1890 2531 1970; x_wconf 89' lang='lat' dir='ltr'>timore,</span> <span class='ocrx_word' id='word_1_169' title='bbox 2567 1912 2660 1969; x_wconf 51' lang='lat' dir='ltr'>ac¹</span> <span class='ocrx_word' id='word_1_170' title='bbox 2702 1882 2898 1979; x_wconf 59' lang='lat' dir='ltr'>publica</span> 
     </span>
     <span class='ocr_line' id='line_1_20' title="bbox 450 1974 2891 2067; baseline -0.001 -24"><span class='ocrx_word' id='word_1_171' title='bbox 450 1974 801 2043; x_wconf 90' lang='lat' dir='ltr'>honestate</span> <span class='ocrx_word' id='word_1_172' title='bbox 860 1989 1273 2065; x_wconf 89' lang='lat' dir='ltr'>contempta,</span> <span class='ocrx_word' id='word_1_173' title='bbox 1340 1976 1659 2045; x_wconf 85' lang='lat' dir='ltr'>afflictam</span> <span class='ocrx_word' id='word_1_174' title='bbox 1728 1977 1842 2045; x_wconf 89' lang='lat' dir='ltr'>Dei</span> <span class='ocrx_word' id='word_1_175' title='bbox 1906 1976 2237 2046; x_wconf 86' lang='lat' dir='ltr'>famulam</span> <span class='ocrx_word' id='word_1_176' title='bbox 2281 1979 2562 2067; x_wconf 86' lang='lat' dir='ltr'>gravius</span> <span class='ocrx_word' id='word_1_177' title='bbox 2606 1975 2891 2045; x_wconf 76' lang='lat' dir='ltr'>afflictum.</span> 
     </span>
     <span class='ocr_line' id='line_1_21' title="bbox 444 2062 2896 2154; baseline 0.001 -23"><span class='ocrx_word' id='word_1_178' title='bbox 444 2062 739 2132; x_wconf 86' lang='lat' dir='ltr'>fortunis</span> <span class='ocrx_word' id='word_1_179' title='bbox 803 2064 1131 2134; x_wconf 88' lang='lat' dir='ltr'>omnibus</span> <span class='ocrx_word' id='word_1_180' title='bbox 1171 2077 1440 2133; x_wconf 86' lang='lat' dir='ltr'>exutam</span> <span class='ocrx_word' id='word_1_181' title='bbox 1471 2120 1485 2145; x_wconf 93' lang='lat'>,</span> <span class='ocrx_word' id='word_1_182' title='bbox 1539 2087 1666 2134; x_wconf 91' lang='lat' dir='ltr'>ceu</span> <span class='ocrx_word' id='word_1_183' title='bbox 1712 2065 2086 2154; x_wconf 87' lang='lat' dir='ltr'>ignobilem</span> <span class='ocrx_word' id='word_1_184' title='bbox 2138 2065 2442 2153; x_wconf 89' lang='lat' dir='ltr'>aliquam</span> <span class='ocrx_word' id='word_1_185' title='bbox 2474 2122 2489 2146; x_wconf 94' lang='lat'>,</span> <span class='ocrx_word' id='word_1_186' title='bbox 2549 2087 2697 2134; x_wconf 90' lang='lat' dir='ltr'>arce</span> <span class='ocrx_word' id='word_1_187' title='bbox 2737 2063 2896 2142; x_wconf 57' lang='lat' dir='ltr'>coeffe-</span> 
     </span>
     <span class='ocr_line' id='line_1_22' title="bbox 445 2131 2896 2245; baseline -0.002 -25"><span class='ocrx_word' id='word_1_188' title='bbox 445 2165 695 2242; x_wconf 83' lang='lat' dir='ltr'>gerunt</span> <span class='ocrx_word' id='word_1_189' title='bbox 726 2152 1070 2222; x_wconf 86' lang='lat' dir='ltr'>excedere.</span> <span class='ocrx_word' id='word_1_190' title='bbox 1110 2153 1433 2241; x_wconf 82' lang='lat' dir='ltr'>Amplexa</span> <span class='ocrx_word' id='word_1_191' title='bbox 1464 2168 1566 2222; x_wconf 85' lang='lat' dir='ltr'>est</span> <span class='ocrx_word' id='word_1_192' title='bbox 1598 2153 1772 2222; x_wconf 88' lang='lat' dir='ltr'>hanc</span> <span class='ocrx_word' id='word_1_193' title='bbox 1806 2176 1929 2243; x_wconf 91' lang='lat' dir='ltr'>pro</span> <span class='ocrx_word' id='word_1_194' title='bbox 1983 2160 2109 2223; x_wconf 90' lang='lat' dir='ltr'>Deo</span> <span class='ocrx_word' id='word_1_195' title='bbox 2146 2155 2597 2244; x_wconf 86' lang='lat' dir='ltr'>ignominiam</span> <span class='ocrx_word' id='word_1_196' title='bbox 2634 2159 2679 2222; x_wconf 81' lang='grc' dir='ltr'><strong>Α</strong></span> <span class='ocrx_word' id='word_1_197' title='bbox 2726 2131 2896 2245; x_wconf 63' lang='lat' dir='ltr'>estole</span> 
     </span>
     <span class='ocr_line' id='line_1_23' title="bbox 444 2233 2897 2332; baseline -0.004 -22"><span class='ocrx_word' id='word_1_198' title='bbox 444 2263 599 2310; x_wconf 89' lang='lat' dir='ltr'>rum</span> <span class='ocrx_word' id='word_1_199' title='bbox 645 2241 992 2317; x_wconf 83' lang='lat' dir='ltr'>imitatrix,</span> <span class='ocrx_word' id='word_1_200' title='bbox 1027 2254 1092 2310; x_wconf 87' lang='lat' dir='ltr'>et</span> <span class='ocrx_word' id='word_1_201' title='bbox 1125 2254 1503 2331; x_wconf 81' lang='lat' dir='ltr'>martyrum</span> <span class='ocrx_word' id='word_1_202' title='bbox 1541 2242 1749 2332; x_wconf 87' lang='lat' dir='ltr'>digna</span> <span class='ocrx_word' id='word_1_203' title='bbox 1796 2244 2148 2332; x_wconf 90' lang='lat' dir='ltr'>purpuris.</span> <span class='ocrx_word' id='word_1_204' title='bbox 2194 2244 2394 2314; x_wconf 84' lang='lat' dir='ltr'>Nulla</span> <span class='ocrx_word' id='word_1_205' title='bbox 2441 2245 2511 2312; x_wconf 90' lang='lat' dir='ltr'>in</span> <span class='ocrx_word' id='word_1_206' title='bbox 2544 2265 2659 2311; x_wconf 91' lang='lat' dir='ltr'>cor</span> <span class='ocrx_word' id='word_1_207' title='bbox 2706 2233 2897 2310; x_wconf 65' lang='lat' dir='ltr'>etibndo</span> 
     </span>
     <span class='ocr_line' id='line_1_24' title="bbox 445 2325 2894 2423; baseline -0.001 -26"><span class='ocrx_word' id='word_1_208' title='bbox 445 2328 810 2410; x_wconf 87' lang='lat' dir='ltr'>vindictae,</span> <span class='ocrx_word' id='word_1_209' title='bbox 869 2330 1139 2399; x_wconf 89' lang='lat' dir='ltr'>nullum</span> <span class='ocrx_word' id='word_1_210' title='bbox 1186 2331 1250 2399; x_wconf 91' lang='lat' dir='ltr'>in</span> <span class='ocrx_word' id='word_1_211' title='bbox 1307 2352 1423 2400; x_wconf 88' lang='lat' dir='ltr'>ore</span> <span class='ocrx_word' id='word_1_212' title='bbox 1460 2353 1800 2411; x_wconf 85' lang='lat' dir='ltr'>murmur,</span> <span class='ocrx_word' id='word_1_213' title='bbox 1854 2332 2047 2401; x_wconf 90' lang='lat' dir='ltr'>nulla</span> <span class='ocrx_word' id='word_1_214' title='bbox 2096 2332 2162 2400; x_wconf 92' lang='lat' dir='ltr'>in</span> <span class='ocrx_word' id='word_1_215' title='bbox 2215 2334 2526 2423; x_wconf 84' lang='lat' dir='ltr'>gestibus</span> <span class='ocrx_word' id='word_1_216' title='bbox 2571 2325 2894 2400; x_wconf 81' lang='lat' dir='ltr'>indecentia-</span> 
     </span>
     <span class='ocr_line' id='line_1_25' title="bbox 445 2418 2895 2506; baseline -0.002 -18"><span class='ocrx_word' id='word_1_217' title='bbox 445 2420 852 2488; x_wconf 88' lang='lat' dir='ltr'>Laetabatur</span> <span class='ocrx_word' id='word_1_218' title='bbox 895 2418 1174 2506; x_wconf 89' lang='lat' dir='ltr'>quidem</span> <span class='ocrx_word' id='word_1_219' title='bbox 1229 2420 1469 2490; x_wconf 88' lang='lat' dir='ltr'>tacitae</span> <span class='ocrx_word' id='word_1_220' title='bbox 1517 2421 1787 2490; x_wconf 87' lang='lat' dir='ltr'>virtutis</span> <span class='ocrx_word' id='word_1_221' title='bbox 1833 2421 2252 2490; x_wconf 89' lang='lat' dir='ltr'>conscientia</span> <span class='ocrx_word' id='word_1_222' title='bbox 2277 2435 2343 2491; x_wconf 90' lang='lat' dir='ltr'>et</span> <span class='ocrx_word' id='word_1_223' title='bbox 2370 2422 2619 2492; x_wconf 85' lang='lat' dir='ltr'>fiducia</span> <span class='ocrx_word' id='word_1_224' title='bbox 2670 2422 2730 2488; x_wconf 89' lang='lat' dir='ltr'>in</span> <span class='ocrx_word' id='word_1_225' title='bbox 2759 2423 2895 2486; x_wconf 82' lang='lat' dir='ltr'>Deum</span> 
     </span>
     <span class='ocr_line' id='line_1_26' title="bbox 442 2504 2894 2600; baseline -0 -23"><span class='ocrx_word' id='word_1_226' title='bbox 442 2508 761 2577; x_wconf 88' lang='lat' dir='ltr'>subrecta</span> <span class='ocrx_word' id='word_1_227' title='bbox 799 2563 814 2589; x_wconf 94' lang='lat'>,</span> <span class='ocrx_word' id='word_1_228' title='bbox 889 2510 1092 2577; x_wconf 88' lang='lat' dir='ltr'>etiam</span> <span class='ocrx_word' id='word_1_229' title='bbox 1165 2508 1329 2577; x_wconf 88' lang='lat' dir='ltr'>foris</span> <span class='ocrx_word' id='word_1_230' title='bbox 1403 2531 1524 2598; x_wconf 90' lang='lat' dir='ltr'>pro</span> <span class='ocrx_word' id='word_1_231' title='bbox 1595 2509 2004 2599; x_wconf 83' lang='lat' dir='ltr'>indignitate</span> <span class='ocrx_word' id='word_1_232' title='bbox 2073 2511 2514 2581; x_wconf 84' lang='lat' dir='ltr'>saevissimae</span> <span class='ocrx_word' id='word_1_233' title='bbox 2580 2504 2894 2600; x_wconf 25' lang='lat' dir='ltr'>ejectionis.²</span> 
     </span>
     <span class='ocr_line' id='line_1_27' title="bbox 443 2596 2899 2697; baseline 0.001 -34"><span class='ocrx_word' id='word_1_234' title='bbox 443 2596 826 2665; x_wconf 88' lang='lat' dir='ltr'>verecunda</span> <span class='ocrx_word' id='word_1_235' title='bbox 858 2597 1181 2697; x_wconf 71' lang='lat' dir='ltr'>lacrymis</span> <span class='ocrx_word' id='word_1_236' title='bbox 1229 2598 1484 2667; x_wconf 79' lang='lat' dir='ltr'>affatim</span> <span class='ocrx_word' id='word_1_237' title='bbox 1527 2620 1645 2668; x_wconf 92' lang='lat' dir='ltr'>ora</span> <span class='ocrx_word' id='word_1_238' title='bbox 1696 2599 2106 2688; x_wconf 76' lang='lat' dir='ltr'>rigantibus,</span> <span class='ocrx_word' id='word_1_239' title='bbox 2155 2605 2396 2668; x_wconf 86' lang='lat' dir='ltr'>Exacta</span> <span class='ocrx_word' id='word_1_240' title='bbox 2429 2600 2637 2689; x_wconf 84' lang='lat' dir='ltr'>igitur</span> <span class='ocrx_word' id='word_1_241' title='bbox 2683 2609 2899 2688; x_wconf 60' lang='lat' dir='ltr'>proprus</span> 
     </span>
     <span class='ocr_line' id='line_1_28' title="bbox 444 2685 2895 2778; baseline 0.001 -26"><span class='ocrx_word' id='word_1_242' title='bbox 444 2685 732 2755; x_wconf 90' lang='lat' dir='ltr'>aedibus</span> <span class='ocrx_word' id='word_1_243' title='bbox 763 2685 819 2765; x_wconf 72' lang='lat'>*,</span> <span class='ocrx_word' id='word_1_244' title='bbox 874 2685 957 2754; x_wconf 89' lang='lat' dir='ltr'>ad</span> <span class='ocrx_word' id='word_1_245' title='bbox 996 2685 1284 2756; x_wconf 79' lang='lat' dir='ltr'>inferius</span> <span class='ocrx_word' id='word_1_246' title='bbox 1329 2686 1664 2776; x_wconf 88' lang='lat' dir='ltr'>oppidum</span> <span class='ocrx_word' id='word_1_247' title='bbox 1702 2687 1771 2722; x_wconf 68' lang='lat'>*⁴⁸</span> <span class='ocrx_word' id='word_1_248' title='bbox 1820 2687 2142 2777; x_wconf 88' lang='lat' dir='ltr'>profecta,</span> <span class='ocrx_word' id='word_1_249' title='bbox 2183 2689 2250 2756; x_wconf 91' lang='lat' dir='ltr'>in</span> <span class='ocrx_word' id='word_1_250' title='bbox 2287 2687 2764 2778; x_wconf 88' lang='lat' dir='ltr'>cauponulam,</span> <span class='ocrx_word' id='word_1_251' title='bbox 2790 2697 2895 2776; x_wconf 57' lang='lat' dir='ltr'>quae</span> 
     </span>
     <span class='ocr_line' id='line_1_29' title="bbox 442 2772 2898 2862; baseline -0.001 -23"><span class='ocrx_word' id='word_1_252' title='bbox 442 2772 747 2842; x_wconf 85' lang='lat' dir='ltr'>misellae</span> <span class='ocrx_word' id='word_1_253' title='bbox 780 2774 1082 2862; x_wconf 90' lang='lat' dir='ltr'>primum</span> <span class='ocrx_word' id='word_1_254' title='bbox 1146 2775 1576 2856; x_wconf 80' lang='lat' dir='ltr'>offerebatur,</span> <span class='ocrx_word' id='word_1_255' title='bbox 1640 2797 1778 2844; x_wconf 87' lang='lat' dir='ltr'>una</span> <span class='ocrx_word' id='word_1_256' title='bbox 1823 2798 1982 2845; x_wconf 88' lang='lat' dir='ltr'>cum</span> <span class='ocrx_word' id='word_1_257' title='bbox 2026 2776 2300 2845; x_wconf 86' lang='lat' dir='ltr'>ancillis</span> <span class='ocrx_word' id='word_1_258' title='bbox 2353 2776 2648 2858; x_wconf 83' lang='lat' dir='ltr'>divertit,</span> <span class='ocrx_word' id='word_1_259' title='bbox 2694 2779 2898 2842; x_wconf 73' lang='lat' dir='ltr'>mansit·</span> 
     </span>
     <span class='ocr_line' id='line_1_30' title="bbox 330 2857 2897 3017; baseline -0 -88"><span class='ocrx_word' id='word_1_260' title='bbox 330 2893 337 2900; x_wconf 96' lang='lat'><strong>·</strong></span> <span class='ocrx_word' id='word_1_261' title='bbox 439 2882 576 3017; x_wconf 58' lang='lat' dir='ltr'>gne</span> <span class='ocrx_word' id='word_1_262' title='bbox 621 2862 715 2930; x_wconf 92' lang='lat' dir='ltr'>ibi</span> <span class='ocrx_word' id='word_1_263' title='bbox 767 2863 1119 2952; x_wconf 88' lang='lat' dir='ltr'>tantisper,</span> <span class='ocrx_word' id='word_1_264' title='bbox 1173 2863 1337 2932; x_wconf 91' lang='lat' dir='ltr'>dum</span> <span class='ocrx_word' id='word_1_265' title='bbox 1394 2865 1610 2934; x_wconf 87' lang='lat' dir='ltr'>noctis</span> <span class='ocrx_word' id='word_1_266' title='bbox 1647 2864 1871 2933; x_wconf 91' lang='lat' dir='ltr'>medio</span> <span class='ocrx_word' id='word_1_267' title='bbox 1928 2864 2305 2954; x_wconf 83' lang='lat' dir='ltr'>significari</span> <span class='ocrx_word' id='word_1_268' title='bbox 2353 2885 2724 2955; x_wconf 89' lang='lat' dir='ltr'>campanae</span> <span class='ocrx_word' id='word_1_269' title='bbox 2759 2857 2897 2950; x_wconf 67' lang='lat' dir='ltr'>pulsu</span> 
     </span>
    </p>

    <p class='ocr_par' dir='ltr' id='par_1_5' title="bbox 439 2950 2902 3586">
     <span class='ocr_line' id='line_1_31' title="bbox 492 2950 2900 3035; baseline -0 -18"><span class='ocrx_word' id='word_1_270' title='bbox 492 2971 710 3019; x_wconf 80' lang='lat' dir='ltr'>ivtnas</span> <span class='ocrx_word' id='word_1_271' title='bbox 753 2950 993 3020; x_wconf 88' lang='lat' dir='ltr'>laudes</span> <span class='ocrx_word' id='word_1_272' title='bbox 1026 2952 1092 3019; x_wconf 92' lang='lat' dir='ltr'>in</span> <span class='ocrx_word' id='word_1_273' title='bbox 1148 2954 1478 3023; x_wconf 89' lang='lat' dir='ltr'>coenobio</span> <span class='ocrx_word' id='word_1_274' title='bbox 1537 2958 1845 3023; x_wconf 87' lang='lat' dir='ltr'>Fratrum</span> <span class='ocrx_word' id='word_1_275' title='bbox 1899 2955 2240 3023; x_wconf 83' lang='lat' dir='ltr'>Minorum</span> <span class='ocrx_word' id='word_1_276' title='bbox 2289 2954 2586 3024; x_wconf 90' lang='lat' dir='ltr'>audiret.</span> <span class='ocrx_word' id='word_1_277' title='bbox 2639 2958 2767 3035; x_wconf 86' lang='lat' dir='ltr'>Quo</span> <span class='ocrx_word' id='word_1_278' title='bbox 2804 2962 2900 3016; x_wconf 76' lang='lat' dir='ltr'>cum</span> 
     </span>
     <span class='ocr_line' id='line_1_32' title="bbox 440 3039 2900 3131; baseline 0 -27"><span class='ocrx_word' id='word_1_279' title='bbox 440 3039 781 3120; x_wconf 85' lang='lat' dir='ltr'>venisset,</span> <span class='ocrx_word' id='word_1_280' title='bbox 840 3041 1099 3130; x_wconf 86' lang='lat' dir='ltr'>rogavit</span> <span class='ocrx_word' id='word_1_281' title='bbox 1147 3041 1395 3110; x_wconf 85' lang='lat' dir='ltr'>obnixe</span> <span class='ocrx_word' id='word_1_282' title='bbox 1457 3041 1748 3123; x_wconf 76' lang='lat' dir='ltr'>fratreS,</span> <span class='ocrx_word' id='word_1_283' title='bbox 1811 3053 1888 3111; x_wconf 91' lang='lat' dir='ltr'>ut</span> <span class='ocrx_word' id='word_1_284' title='bbox 1943 3043 2280 3131; x_wconf 86' lang='lat' dir='ltr'>hymnum</span> <span class='ocrx_word' id='word_1_285' title='bbox 2322 3097 2337 3124; x_wconf 93' lang='lat'>,</span> <span class='ocrx_word' id='word_1_286' title='bbox 2390 3064 2597 3130; x_wconf 91' lang='lat' dir='ltr'>quem</span> <span class='ocrx_word' id='word_1_287' title='bbox 2653 3047 2727 3111; x_wconf 83' lang='lat' dir='ltr'>Te</span> <span class='ocrx_word' id='word_1_288' title='bbox 2772 3043 2900 3131; x_wconf 53' lang='lat' dir='ltr'>Deua</span> 
     </span>
     <span class='ocr_line' id='line_1_33' title="bbox 445 3128 2899 3220; baseline -0.002 -22"><span class='ocrx_word' id='word_1_289' title='bbox 445 3129 829 3209; x_wconf 79' lang='lat' dir='ltr'>laudamus,</span> <span class='ocrx_word' id='word_1_290' title='bbox 887 3142 1147 3211; x_wconf 85' lang='lat' dir='ltr'>vocant,</span> <span class='ocrx_word' id='word_1_291' title='bbox 1203 3130 1688 3199; x_wconf 89' lang='lat' dir='ltr'>decantarent:</span> <span class='ocrx_word' id='word_1_292' title='bbox 1743 3153 1881 3218; x_wconf 90' lang='lat' dir='ltr'>quo</span> <span class='ocrx_word' id='word_1_293' title='bbox 1921 3142 2159 3210; x_wconf 90' lang='lat' dir='ltr'>semet,</span> <span class='ocrx_word' id='word_1_294' title='bbox 2213 3152 2347 3199; x_wconf 89' lang='lat' dir='ltr'>non</span> <span class='ocrx_word' id='word_1_295' title='bbox 2401 3131 2608 3200; x_wconf 89' lang='lat' dir='ltr'>modo</span> <span class='ocrx_word' id='word_1_296' title='bbox 2655 3128 2899 3220; x_wconf 72' lang='lat' dir='ltr'>patientt.</span> 
     </span>
     <span class='ocr_line' id='line_1_34' title="bbox 441 3206 2900 3308; baseline 0 -22"><span class='ocrx_word' id='word_1_297' title='bbox 441 3216 556 3286; x_wconf 88' lang='lat' dir='ltr'>sed</span> <span class='ocrx_word' id='word_1_298' title='bbox 583 3231 647 3287; x_wconf 91' lang='lat' dir='ltr'>et</span> <span class='ocrx_word' id='word_1_299' title='bbox 674 3218 847 3302; x_wconf 78' lang='lat' dir='ltr'>laeto</span> <span class='ocrx_word' id='word_1_300' title='bbox 871 3219 1104 3287; x_wconf 88' lang='lat' dir='ltr'>animo</span> <span class='ocrx_word' id='word_1_301' title='bbox 1131 3234 1555 3308; x_wconf 88' lang='lat' dir='ltr'>praesentem</span> <span class='ocrx_word' id='word_1_302' title='bbox 1580 3218 2036 3289; x_wconf 86' lang='lat' dir='ltr'>calamitatem</span> <span class='ocrx_word' id='word_1_303' title='bbox 2063 3218 2238 3289; x_wconf 86' lang='lat' dir='ltr'>ferre</span> <span class='ocrx_word' id='word_1_304' title='bbox 2268 3220 2668 3299; x_wconf 89' lang='lat' dir='ltr'>declararet,</span> <span class='ocrx_word' id='word_1_305' title='bbox 2690 3206 2900 3307; x_wconf 63' lang='lat' dir='ltr'>Apostoli</span> 
     </span>
     <span class='ocr_line' id='line_1_35' title="bbox 439 3305 2898 3401; baseline -0.001 -27"><span class='ocrx_word' id='word_1_306' title='bbox 439 3327 672 3375; x_wconf 88' lang='lat' dir='ltr'>vocem</span> <span class='ocrx_word' id='word_1_307' title='bbox 727 3307 979 3397; x_wconf 89' lang='lat' dir='ltr'>pariter</span> <span class='ocrx_word' id='word_1_308' title='bbox 1009 3320 1072 3376; x_wconf 92' lang='lat' dir='ltr'>et</span> <span class='ocrx_word' id='word_1_309' title='bbox 1103 3309 1490 3397; x_wconf 84' lang='lat' dir='ltr'>exemplum</span> <span class='ocrx_word' id='word_1_310' title='bbox 1531 3319 1785 3386; x_wconf 90' lang='lat' dir='ltr'>secuta,</span> <span class='ocrx_word' id='word_1_311' title='bbox 1822 3309 1941 3394; x_wconf 91' lang='lat' dir='ltr'>qui</span> <span class='ocrx_word' id='word_1_312' title='bbox 1974 3308 2252 3397; x_wconf 83' lang='lat' dir='ltr'>gloriari</span> <span class='ocrx_word' id='word_1_313' title='bbox 2287 3310 2354 3377; x_wconf 91' lang='lat' dir='ltr'>in</span> <span class='ocrx_word' id='word_1_314' title='bbox 2392 3305 2898 3401; x_wconf 52' lang='lat' dir='ltr'>tribulationibu}</span> 
     </span>
     <span class='ocr_line' id='line_1_36' title="bbox 439 3396 2899 3486; baseline -0.004 -23"><span class='ocrx_word' id='word_1_315' title='bbox 439 3416 518 3463; x_wconf 87' lang='lat' dir='ltr'>ac</span> <span class='ocrx_word' id='word_1_316' title='bbox 564 3400 691 3465; x_wconf 90' lang='lat' dir='ltr'>Deo</span> <span class='ocrx_word' id='word_1_317' title='bbox 722 3396 976 3485; x_wconf 86' lang='lat' dir='ltr'>gratias</span> <span class='ocrx_word' id='word_1_318' title='bbox 1010 3419 1233 3486; x_wconf 85' lang='lat' dir='ltr'>agere,</span> <span class='ocrx_word' id='word_1_319' title='bbox 1287 3410 1350 3466; x_wconf 91' lang='lat' dir='ltr'>et</span> <span class='ocrx_word' id='word_1_320' title='bbox 1398 3398 1569 3467; x_wconf 88' lang='lat' dir='ltr'>alios</span> <span class='ocrx_word' id='word_1_321' title='bbox 1606 3396 1863 3477; x_wconf 91' lang='lat' dir='ltr'>docuit,</span> <span class='ocrx_word' id='word_1_322' title='bbox 1903 3410 1967 3466; x_wconf 88' lang='lat' dir='ltr'>et</span> <span class='ocrx_word' id='word_1_323' title='bbox 2009 3398 2155 3486; x_wconf 89' lang='lat' dir='ltr'>ipse</span> <span class='ocrx_word' id='word_1_324' title='bbox 2187 3399 2254 3465; x_wconf 91' lang='lat' dir='ltr'>in</span> <span class='ocrx_word' id='word_1_325' title='bbox 2286 3398 2533 3486; x_wconf 89' lang='lat' dir='ltr'>primis</span> <span class='ocrx_word' id='word_1_326' title='bbox 2564 3419 2692 3466; x_wconf 92' lang='lat' dir='ltr'>non</span> <span class='ocrx_word' id='word_1_327' title='bbox 2719 3398 2899 3483; x_wconf 28' lang='lat' dir='ltr'>omisi-t-</span> 
     </span>
     <span class='ocr_line' id='line_1_37' title="bbox 442 3486 2902 3586; baseline -0.001 -34"><span class='ocrx_word' id='word_1_328' title='bbox 442 3488 606 3552; x_wconf 87' lang='lat' dir='ltr'>Cum</span> <span class='ocrx_word' id='word_1_329' title='bbox 644 3497 869 3554; x_wconf 88' lang='lat' dir='ltr'>autem</span> <span class='ocrx_word' id='word_1_330' title='bbox 938 3496 1217 3586; x_wconf 88' lang='lat' dir='ltr'>propter</span> <span class='ocrx_word' id='word_1_331' title='bbox 1264 3487 1613 3555; x_wconf 89' lang='lat' dir='ltr'>saevitiam</span> <span class='ocrx_word' id='word_1_332' title='bbox 1665 3506 1902 3555; x_wconf 88' lang='lat' dir='ltr'>eorum</span> <span class='ocrx_word' id='word_1_333' title='bbox 1952 3486 2073 3572; x_wconf 90' lang='lat' dir='ltr'>qui</span> <span class='ocrx_word' id='word_1_334' title='bbox 2129 3486 2271 3553; x_wconf 90' lang='lat' dir='ltr'>arci</span> <span class='ocrx_word' id='word_1_335' title='bbox 2313 3486 2797 3575; x_wconf 86' lang='lat' dir='ltr'>praesidebant,</span> <span class='ocrx_word' id='word_1_336' title='bbox 2839 3492 2902 3541; x_wconf 66' lang='lat' dir='ltr'>vti</span> 
     </span>
    </p>
   </div>
   <div class='ocr_carea' id='block_1_3' title="bbox 334 3573 2900 3664">
    <p class='ocr_par' dir='ltr' id='par_1_6' title="bbox 334 3573 2900 3664">
     <span class='ocr_line' id='line_1_38' title="bbox 334 3573 2900 3664; baseline -0.001 -24"><span class='ocrx_word' id='word_1_337' title='bbox 334 3583 337 3586; x_wconf 83' lang='lat'>&#39;</span> <span class='ocrx_word' id='word_1_338' title='bbox 438 3593 626 3641; x_wconf 90' lang='lat' dir='ltr'>unus</span> <span class='ocrx_word' id='word_1_339' title='bbox 659 3587 777 3642; x_wconf 86' lang='lat' dir='ltr'>aut</span> <span class='ocrx_word' id='word_1_340' title='bbox 815 3573 985 3642; x_wconf 89' lang='lat' dir='ltr'>alter</span> <span class='ocrx_word' id='word_1_341' title='bbox 1022 3588 1303 3663; x_wconf 69' lang='lat' dir='ltr'>ejectam</span> <span class='ocrx_word' id='word_1_342' title='bbox 1339 3575 1639 3662; x_wconf 90' lang='lat' dir='ltr'>recipere</span> <span class='ocrx_word' id='word_1_343' title='bbox 1671 3574 1953 3643; x_wconf 89' lang='lat' dir='ltr'>auderet</span> <span class='ocrx_word' id='word_1_344' title='bbox 2005 3574 2322 3664; x_wconf 88' lang='lat' dir='ltr'>hospitio,</span> <span class='ocrx_word' id='word_1_345' title='bbox 2378 3573 2618 3645; x_wconf 82' lang='lat' dir='ltr'>fanum</span> <span class='ocrx_word' id='word_1_346' title='bbox 2669 3576 2900 3660; x_wconf 76' lang='lat' dir='ltr'>ingressa</span> 
     </span>
    </p>
   </div>
   <div class='ocr_carea' id='block_1_4' title="bbox 435 3660 2899 4375">
    <p class='ocr_par' dir='ltr' id='par_1_7' title="bbox 435 3660 2899 4375">
     <span class='ocr_line' id='line_1_39' title="bbox 439 3660 2899 3753; baseline -0.002 -24"><span class='ocrx_word' id='word_1_347' title='bbox 439 3660 741 3731; x_wconf 85' lang='lat' dir='ltr'>desolata</span> <span class='ocrx_word' id='word_1_348' title='bbox 779 3661 1049 3743; x_wconf 89' lang='lat' dir='ltr'>mulier,</span> <span class='ocrx_word' id='word_1_349' title='bbox 1094 3685 1413 3753; x_wconf 82' lang='lat' dir='ltr'>magnam</span> <span class='ocrx_word' id='word_1_350' title='bbox 1469 3664 1638 3732; x_wconf 89' lang='lat' dir='ltr'>inibi</span> <span class='ocrx_word' id='word_1_351' title='bbox 1685 3676 1944 3752; x_wconf 87' lang='lat' dir='ltr'>partem</span> <span class='ocrx_word' id='word_1_352' title='bbox 1974 3663 2107 3731; x_wconf 87' lang='lat' dir='ltr'>diei</span> <span class='ocrx_word' id='word_1_353' title='bbox 2140 3666 2598 3753; x_wconf 89' lang='lat' dir='ltr'>consumpsit.</span> <span class='ocrx_word' id='word_1_354' title='bbox 2649 3667 2779 3744; x_wconf 83' lang='lat' dir='ltr'>Quo</span> <span class='ocrx_word' id='word_1_355' title='bbox 2801 3671 2899 3749; x_wconf 67' lang='lat' dir='ltr'>cuftl</span> 
     </span>
     <span class='ocr_line' id='line_1_40' title="bbox 435 3745 2895 3841; baseline -0.004 -23"><span class='ocrx_word' id='word_1_356' title='bbox 435 3762 501 3818; x_wconf 90' lang='lat' dir='ltr'>et</span> <span class='ocrx_word' id='word_1_357' title='bbox 537 3750 730 3819; x_wconf 89' lang='lat' dir='ltr'>liberi</span> <span class='ocrx_word' id='word_1_358' title='bbox 765 3751 918 3838; x_wconf 87' lang='lat' dir='ltr'>ejus</span> <span class='ocrx_word' id='word_1_359' title='bbox 970 3773 1140 3821; x_wconf 90' lang='lat' dir='ltr'>novo</span> <span class='ocrx_word' id='word_1_360' title='bbox 1190 3752 1720 3821; x_wconf 80' lang='lat' dir='ltr'>inhumanitatis</span> <span class='ocrx_word' id='word_1_361' title='bbox 1769 3773 2016 3841; x_wconf 86' lang='lat' dir='ltr'>genere</span> <span class='ocrx_word' id='word_1_362' title='bbox 2063 3773 2142 3820; x_wconf 86' lang='lat' dir='ltr'>ex</span> <span class='ocrx_word' id='word_1_363' title='bbox 2192 3773 2349 3821; x_wconf 85' lang='lat' dir='ltr'>arce</span> <span class='ocrx_word' id='word_1_364' title='bbox 2397 3750 2687 3822; x_wconf 88' lang='lat' dir='ltr'>fuissent</span> <span class='ocrx_word' id='word_1_365' title='bbox 2733 3745 2895 3841; x_wconf 58' lang='lat' dir='ltr'>allati.</span> 
     </span>
     <span class='ocr_line' id='line_1_41' title="bbox 441 3835 2898 3930; baseline -0.004 -23"><span class='ocrx_word' id='word_1_366' title='bbox 441 3839 589 3927; x_wconf 91' lang='lat' dir='ltr'>pari</span> <span class='ocrx_word' id='word_1_367' title='bbox 625 3861 782 3908; x_wconf 89' lang='lat' dir='ltr'>cum</span> <span class='ocrx_word' id='word_1_368' title='bbox 831 3853 1045 3909; x_wconf 89' lang='lat' dir='ltr'>matre</span> <span class='ocrx_word' id='word_1_369' title='bbox 1094 3840 1471 3910; x_wconf 88' lang='lat' dir='ltr'>infortunio</span> <span class='ocrx_word' id='word_1_370' title='bbox 1518 3839 2061 3928; x_wconf 85' lang='lat' dir='ltr'>constringendi,</span> <span class='ocrx_word' id='word_1_371' title='bbox 2096 3841 2283 3910; x_wconf 89' lang='lat' dir='ltr'>credi</span> <span class='ocrx_word' id='word_1_372' title='bbox 2335 3852 2556 3930; x_wconf 90' lang='lat' dir='ltr'>potest</span> <span class='ocrx_word' id='word_1_373' title='bbox 2599 3835 2790 3907; x_wconf 88' lang='lat' dir='ltr'>dolori</span> <span class='ocrx_word' id='word_1_374' title='bbox 2824 3849 2898 3897; x_wconf 73' lang='grc' dir='ltr'>εο·</span> 
     </span>
     <span class='ocr_line' id='line_1_42' title="bbox 439 3927 2892 4034; baseline -0.001 -39"><span class='ocrx_word' id='word_1_375' title='bbox 439 3927 659 3996; x_wconf 90' lang='lat' dir='ltr'>ditum</span> <span class='ocrx_word' id='word_1_376' title='bbox 695 3950 847 3997; x_wconf 90' lang='lat' dir='ltr'>esse</span> <span class='ocrx_word' id='word_1_377' title='bbox 880 3928 1183 3998; x_wconf 87' lang='lat' dir='ltr'>dolorem</span> <span class='ocrx_word' id='word_1_378' title='bbox 1229 3929 1621 3999; x_wconf 88' lang='lat' dir='ltr'>accessione</span> <span class='ocrx_word' id='word_1_379' title='bbox 1661 3930 2091 4019; x_wconf 84' lang='lat' dir='ltr'>gravissima,</span> <span class='ocrx_word' id='word_1_380' title='bbox 2149 3943 2293 3999; x_wconf 91' lang='lat' dir='ltr'>tum</span> <span class='ocrx_word' id='word_1_381' title='bbox 2331 3929 2514 4015; x_wconf 82' lang='lat' dir='ltr'>quod</span> <span class='ocrx_word' id='word_1_382' title='bbox 2555 3930 2751 4034; x_wconf 48' lang='lat' dir='ltr'>hiems</span> <span class='ocrx_word' id='word_1_383' title='bbox 2786 3927 2892 4014; x_wconf 53' lang='lat' dir='ltr'>eral-</span> 
     </span>
     <span class='ocr_line' id='line_1_43' title="bbox 442 4001 2893 4108; baseline -0.004 -22"><span class='ocrx_word' id='word_1_384' title='bbox 442 4029 583 4086; x_wconf 90' lang='lat' dir='ltr'>tum</span> <span class='ocrx_word' id='word_1_385' title='bbox 636 4017 817 4103; x_wconf 87' lang='lat' dir='ltr'>quod</span> <span class='ocrx_word' id='word_1_386' title='bbox 869 4017 1024 4106; x_wconf 87' lang='lat' dir='ltr'>ipsa</span> <span class='ocrx_word' id='word_1_387' title='bbox 1060 4031 1125 4087; x_wconf 90' lang='lat' dir='ltr'>et</span> <span class='ocrx_word' id='word_1_388' title='bbox 1173 4017 1512 4088; x_wconf 89' lang='lat' dir='ltr'>domicilii</span> <span class='ocrx_word' id='word_1_389' title='bbox 1560 4031 1624 4087; x_wconf 89' lang='lat' dir='ltr'>et</span> <span class='ocrx_word' id='word_1_390' title='bbox 1682 4040 1907 4086; x_wconf 89' lang='lat' dir='ltr'>rerum</span> <span class='ocrx_word' id='word_1_391' title='bbox 1967 4018 2281 4087; x_wconf 89' lang='lat' dir='ltr'>omnium</span> <span class='ocrx_word' id='word_1_392' title='bbox 2347 4019 2571 4108; x_wconf 91' lang='lat' dir='ltr'>inops,</span> <span class='ocrx_word' id='word_1_393' title='bbox 2623 4037 2698 4084; x_wconf 88' lang='lat' dir='ltr'>ne</span> <span class='ocrx_word' id='word_1_394' title='bbox 2743 4001 2893 4080; x_wconf 74' lang='lat' dir='ltr'>tants!-</span> 
     </span>
     <span class='ocr_line' id='line_1_44' title="bbox 441 4103 2889 4194; baseline -0.002 -21"><span class='ocrx_word' id='word_1_395' title='bbox 441 4104 587 4173; x_wconf 91' lang='lat' dir='ltr'>lum</span> <span class='ocrx_word' id='word_1_396' title='bbox 637 4106 916 4193; x_wconf 89' lang='lat' dir='ltr'>quidem</span> <span class='ocrx_word' id='word_1_397' title='bbox 993 4107 1333 4187; x_wconf 88' lang='lat' dir='ltr'>habebat,</span> <span class='ocrx_word' id='word_1_398' title='bbox 1387 4129 1526 4193; x_wconf 83' lang='lat' dir='ltr'>quo</span> <span class='ocrx_word' id='word_1_399' title='bbox 1584 4127 1699 4188; x_wconf 89' lang='lat' dir='ltr'>se,</span> <span class='ocrx_word' id='word_1_400' title='bbox 1758 4105 2099 4185; x_wconf 83' lang='lat' dir='ltr'>ancillas;</span> <span class='ocrx_word' id='word_1_401' title='bbox 2156 4105 2547 4194; x_wconf 89' lang='lat' dir='ltr'>liberosque</span> <span class='ocrx_word' id='word_1_402' title='bbox 2605 4103 2692 4172; x_wconf 85' lang='lat' dir='ltr'>vel</span> <span class='ocrx_word' id='word_1_403' title='bbox 2743 4110 2889 4167; x_wconf 77' lang='lat' dir='ltr'>unum</span> 
     </span>
     <span class='ocr_line' id='line_1_45' title="bbox 437 4193 2884 4285; baseline 0.004 -24"><span class='ocrx_word' id='word_1_404' title='bbox 437 4193 619 4263; x_wconf 90' lang='lat' dir='ltr'>diem</span> <span class='ocrx_word' id='word_1_405' title='bbox 664 4207 1100 4265; x_wconf 88' lang='lat' dir='ltr'>sustentaret.</span> <span class='ocrx_word' id='word_1_406' title='bbox 1155 4197 1561 4265; x_wconf 86' lang='lat' dir='ltr'>Necessitate</span> <span class='ocrx_word' id='word_1_407' title='bbox 1598 4216 1761 4285; x_wconf 85' lang='lat' dir='ltr'>ergo</span> <span class='ocrx_word' id='word_1_408' title='bbox 1790 4216 1967 4282; x_wconf 86' lang='lat' dir='ltr'>quae</span> <span class='ocrx_word' id='word_1_409' title='bbox 2015 4195 2231 4284; x_wconf 81' lang='lat' dir='ltr'>legem</span> <span class='ocrx_word' id='word_1_410' title='bbox 2272 4217 2407 4265; x_wconf 93' lang='lat' dir='ltr'>non</span> <span class='ocrx_word' id='word_1_411' title='bbox 2464 4195 2672 4270; x_wconf 73' lang='lat' dir='ltr'>habet,</span> <span class='ocrx_word' id='word_1_412' title='bbox 2705 4193 2884 4280; x_wconf 56' lang='grc' dir='ltr'>(3039ῑῶ</span> 
     </span>
     <span class='ocr_line' id='line_1_46' title="bbox 436 4280 2884 4375; baseline -0.007 -25"><span class='ocrx_word' id='word_1_413' title='bbox 436 4282 810 4351; x_wconf 87' lang='lat' dir='ltr'>sacerdotis</span> <span class='ocrx_word' id='word_1_414' title='bbox 850 4284 1217 4372; x_wconf 86' lang='lat' dir='ltr'>cujusdam</span> <span class='ocrx_word' id='word_1_415' title='bbox 1272 4285 1652 4375; x_wconf 86' lang='lat' dir='ltr'>hospitium</span> <span class='ocrx_word' id='word_1_416' title='bbox 1706 4284 2037 4375; x_wconf 88' lang='lat' dir='ltr'>precari0,</span> <span class='ocrx_word' id='word_1_417' title='bbox 2086 4297 2205 4353; x_wconf 89' lang='lat' dir='ltr'>aut</span> <span class='ocrx_word' id='word_1_418' title='bbox 2239 4280 2700 4354; x_wconf 89' lang='lat' dir='ltr'>mendicabulo</span> <span class='ocrx_word' id='word_1_419' title='bbox 2729 4282 2884 4365; x_wconf 77' lang='lat' dir='ltr'>potius</span> 
     </span>
    </p>
   </div>
   <div class='ocr_carea' id='block_1_5' title="bbox 493 4406 2304 4479">
    <p class='ocr_par' dir='ltr' id='par_1_8' title="bbox 493 4406 2304 4479">
     <span class='ocr_line' id='line_1_47' title="bbox 493 4406 2304 4479; baseline 0.003 -34"><span class='ocrx_word' id='word_1_420' title='bbox 493 4406 516 4427; x_wconf 73' lang='lat'><em>⁶</em></span> <span class='ocrx_word' id='word_1_421' title='bbox 546 4408 681 4446; x_wconf 76' lang='lat' dir='ltr'>Anno</span> <span class='ocrx_word' id='word_1_422' title='bbox 709 4409 813 4448; x_wconf 82' lang='lat'><em>1228</em></span> <span class='ocrx_word' id='word_1_423' title='bbox 843 4406 1053 4450; x_wconf 76' lang='lat' dir='ltr'>ineunte.</span> <span class='ocrx_word' id='word_1_424' title='bbox 1733 4463 1746 4479; x_wconf 51' lang='lat'><strong>·</strong></span> <span class='ocrx_word' id='word_1_425' title='bbox 1776 4412 1830 4440; x_wconf 60' lang='lat'>*2</span> <span class='ocrx_word' id='word_1_426' title='bbox 1860 4408 2051 4454; x_wconf 67' lang='lat' dir='ltr'>So&#39;ttcet</span> <span class='ocrx_word' id='word_1_427' title='bbox 2080 4412 2304 4451; x_wconf 63' lang='lat' dir='ltr'>Etsenaen.</span> 
     </span>
    </p>
   </div>
   <div class='ocr_carea' id='block_1_6' title="bbox 2935 3414 2941 4680">
    <p class='ocr_par' dir='ltr' id='par_1_9' title="bbox 2935 3414 2941 4680">
     <span class='ocr_line' id='line_1_48' title="bbox 2935 3414 2941 4680; baseline 0 0"><span class='ocrx_word' id='word_1_428' title='bbox 2935 3414 2941 4680; x_wconf 95' lang='lat' dir='ltr'> </span> 
     </span>
    </p>
   </div>
  </div>
 </body>
</html>
