2993 4837
552 321 675 385 544
1144 339 1222 383 nn
1272 338 1325 383 s.
1381 336 1676 383 monrsio
1725 337 1824 382 ΕΡ.
1877 334 2322 382 ΑιΕΧΑΝοιηΝο
2675 318 2832 383 ΝΟἵ.
2863 320 2926 383 17

461 424 692 511 ipsum
734 422 938 489 etiam
993 443 1182 491 mare
1233 420 1572 500 Rubrum,
1609 419 1792 506 quod
1844 420 2124 507 quidem
2171 420 2238 487 in
2286 418 2467 490 duas
2519 435 2732 509 partes
2765 419 2928 490 dist-u·

462 527 680 600 ptum,
718 510 1048 581 etinstar
1095 509 1401 599 duplicis
1436 509 1617 578 muri
1669 509 1995 595 utrinque
2024 524 2355 587 erectum,
2413 504 2936 598 praetergrediun-

463 600 643 668 tibus
703 598 1032 668 Israelitis
1081 599 1450 667 transitum
1503 598 1694 666 dedit
1744 597 2163 685 perfacilem.
2221 621 2257 663 »

547 690 583 774 ξ
632 690 782 758 19.
840 694 1044 757 Porro
1093 700 1317 755 autem
1380 709 1539 756 cum
1612 686 1887 776 pestifer
1960 709 2039 755 ac
2089 684 2363 754 lethalis
2415 687 2700 756 morbus
2745 685 2936 755 bellum

461 776 789 846 continuo
840 778 1351 863 insequeretur,
1406 797 1708 861 cumque
1775 774 1931 844 festi
1979 775 2343 844 ‘Paschatis
2392 774 2756 844 celebratio
2798 774 2937 845 modo

460 867 1072 955 appropinquaret,
1117 864 1443 953 deinceps
1500 886 1745 933 rursus
1785 863 2116 932 fratribus
2172 864 2450 952 scripsit
2511 865 2942 953 Dionysius.et

462 976 702 1043 graves
735 954 1148 1024 calamitatis
1202 952 1748 1043 perturbationes
1801 952 1939 1021 illis
1984 952 2402 1042 significavit
2438 952 2549 1021 his
2583 953 2720 1022 fere
2749 952 2940 1023 verbis:

468 1068 493 1104 α
543 1048 619 1111 ln
661 1044 785 1113 hac
824 1044 1257 1112 miseriarum
1303 1042 1505 1111 turba
1536 1041 1692 1111 aliis
1726 1041 2013 1110 fortasse
2046 1063 2266 1129 neque
2301 1042 2431 1109 hoc
2467 1055 2761 1131 tempuS,
2791 1062 2954 1127 nethex

462 1131 676 1213 aliud,
723 1134 937 1201 immo
981 1153 1200 1218 neque
1248 1130 1419 1199 illud
1467 1131 1695 1219 ipsum
1751 1144 2045 1219 tempuS,
2087 1130 2266 1216 quod
2321 1131 2646 1200 homines
2701 1144 2898 1220 putare

461 1222 773 1290 omnium
828 1221 1310 1299 laetissimum,
1355 1219 1607 1288 nedum
1661 1219 1793 1287 alia
1837 1231 2171 1319 tempora,
2212 1218 2293 1287 ad
2357 1218 2612 1288 festum
2669 1220 2841 1289 celeb

460 1309 627 1378 dum
665 1310 832 1379 satis
864 1309 1188 1378 idoneum
1243 1308 1611 1398 videretur.
1661 1308 1924 1377 Etenim
1975 1331 2118 1395 Jam
2184 1307 2760 1379 lamentationum
2809 1309 2858 1396 pl

465 1413 625 1467 sunt
672 1399 929 1479 omnia,
976 1398 1121 1485 jam
1189 1397 1426 1487 lugent
1477 1418 1765 1476 omneS,
1814 1400 1959 1480 ‚jam
2032 1419 2418 1476 moerores,
2473 1399 2626 1485 jam
2702 1420 2879 1484 quere

463 1488 856 1569 universam
911 1489 1153 1556 urbem
1208 1499 1485 1574 propter
1521 1484 2035 1554 multitudinem
2087 1507 2246 1555 cum
2302 1485 2582 1555 illorum
2644 1488 2762 1574 qui

465 1577 717 1650 mortui
770 1589 953 1655 sunt,
1002 1589 1144 1643 tum
1182 1575 1428 1643 horum
1463 1575 1580 1662 qui
1632 1574 1940 1661 quotidie
1991 1575 2406 1655 moriuntur,
2448 1579 2869 1665 occupant]

462 1666 644 1733 sicut
682 1664 766 1731 de
818 1664 1295 1762 primogenitis
1342 1662 1829 1754 Aegyptiorum
1875 1663 2213 1751 scriptum
2263 1676 2389 1743 est,
2429 1665 2529 1733 sic
2579 1678 2644 1733 et
2697 1664 2888 1732 nunc'

464 1775 632 1853 gens
665 1753 927 1823 clamor
958 1753 1219 1821 editus:
1262 1775 1394 1821 non
1429 1753 1613 1820 enim
1652 1765 1753 1821 est
1784 1752 2056 1833 domuS‚
2100 1753 2166 1819 in
2200 1774 2337 1838 qua
2376 1773 2512 1820 non
2550 1754 2640 1822 sit
2681 1766 2874 1822 mortu

463 1842 671 1927 idque
725 1842 926 1931 plane
975 1842 1241 1910 merito.
1280 1841 1489 1909 Multa
1541 1863 1841 1928 namque
1875 1854 1937 1908 et
1971 1841 2205 1929 gravia
2236 1841 2711 1923 incommoda,
2759 1838 2896 1930 perd'

463 1953 699 2000 eorum
757 1943 1032 2007 conatu,
1087 1930 1492 1999 Christianis
1565 1930 1771 1998 etiam
1845 1941 2003 1998 ante
2077 1930 2205 1999 hoc
2269 1930 2640 2019 importata
2705 1931 2828 1999 fuis

465 2020 771 2089 Primum
824 2020 1139 2089 omnium
1194 2041 1316 2088 nos
1363 2041 1442 2088 ex
1477 2020 1646 2087 urbe
1687 2018 2144 2106 expulerunt:
2200 2040 2338 2105 quo
2385 2019 2676 2105 quidem
2724 2034 2837 2088 tem

466 2131 591 2177 nos
655 2107 829 2187 soli,
894 2131 1052 2177 cum
1112 2108 1199 2175 ab
1254 2107 1583 2177 omnibus
1650 2108 2120 2195 persecutione
2176 2108 2497 2195 exagitati
2547 2114 2932 2183 essemus,a

468 2196 781 2267 mulctati
835 2210 1089 2276 morte,
1145 2196 1390 2264 festum
1460 2195 1656 2264 laetis
1708 2196 1965 2264 animis
2012 2196 2515 2265 celebravimus
2547 2251 2563 2279 ,
2615 2212 2688 2266 et
2749 2192 2930 2280 singuli

467 2285 655 2366 loca,
701 2286 786 2354 ad
847 2285 1124 2373 singula
1172 2285 1622 2354 afflictionum
1674 2307 1926 2374 genera
1977 2285 2175 2354 nobis
2228 2285 2629 2373 praestituta
2661 2342 2681 2365 ,
2743 2298 2806 2354 ut
2843 2298 2930 2369 aga

466 2374 848 2456 silvestris,
906 2373 1204 2445 solitudo
1252 2373 1542 2454 deserta,
1607 2374 1799 2442 navis
1862 2374 2190 2443 fluctibus
2231 2376 2514 2461 jactata,
2556 2374 2952 2444 diversorium¹

468 2466 859 2554 publicum,
919 2477 982 2532 et
1041 2464 1364 2532 horridus
1410 2485 1668 2542 carcer,
1720 2477 2107 2552 opportuna
2150 2463 2208 2531 vi
2266 2465 2584 2543 ebantur,
2643 2466 2716 2533 in
2765 2461 2932 2552 quibu}

465 2553 769 2622 celebres
815 2567 1192 2621 conventus
1253 2553 1549 2621 maximo
1605 2575 1762 2620 cum
1838 2553 2067 2622 studio
2129 2575 2515 2641 ageremus.
2582 2557 2758 2636 Quin
2828 2551 2930 2617 beau

466 2656 849 2730 martyreS,
907 2642 1025 2727 qui
1074 2665 1110 2709 e
1160 2641 1295 2709 vita
1341 2654 1736 2719 cesserant,
1790 2654 1854 2708 et
1916 2664 1954 2709 a
2003 2646 2137 2710 Deo
2188 2645 2255 2708 in
2305 2641 2577 2710 coelum
2642 2643 2730 2711 ad
2774 2636 2936 2727 epula

462 2743 658 2799 erant
727 2730 1036 2810 invitati,
1099 2730 1345 2798 festum
1405 2730 1718 2798 omnium
1792 2741 1975 2798 certe
2036 2730 2690 2820 splendidissimum
2743 2741 2932 2819 perege⁴

468 2833 654 2887 runt.

554 2909 589 2993 ξ
625 2911 856 2978 211«
882 2907 1003 2975 His
1035 2906 1120 2974 de
1155 2907 1360 2976 rebus
1393 2905 1721 2994 deinceps
1750 2905 2007 2975 bellum
2037 2918 2101 2975 et
2132 2906 2349 2975 fames
2380 2930 2497 2976 eos
2523 2907 2610 2977 de
2646 2901 2930 2996 improviffl

465 3017 908 3084 oppressere:
959 3019 1135 3082 quae
1174 3017 1598 3082 quamquam
1649 3017 1771 3064 nos
1821 3017 1959 3063 una
2009 3017 2167 3064 cum
2219 2996 2601 3084 gentilibus
2643 2991 2930 3087 perferehk

467 3106 649 3164 muS,
674 3084 802 3153 soli
836 3098 1058 3153 tamen
1104 3084 1281 3152 inter
1313 3106 1579 3164 omneS,
1624 3106 2104 3171 quaecumque
2137 3085 2497 3173 urgebant,
2536 3107 2750 3173 aequo
2778 3103 2895 3174 am⁸

467 3175 964 3242 sustinuimus:
1010 3187 1075 3242 et
1125 3173 1392 3243 tametsi
1442 3172 1721 3241 illarum
1774 3194 2030 3253 rerum,
2067 3195 2239 3260 quas
2291 3173 2390 3242 illi
2439 3195 2601 3242 cum
2652 3170 2851 3243 consci

468 3277 618 3331 sent
661 3264 792 3350 ipsi
828 3264 1003 3331 inter
1033 3284 1126 3340 se,
1169 3276 1310 3330 tum
1352 3276 1698 3350 praeterea
1751 3263 2057 3350 perpessi
2091 3278 2340 3341 essent,
2376 3285 2654 3333 eramus
2681 3285 2756 3330 ex
2786 3278 2878 3340 aeq

469 3353 859 3441 participes,
921 3373 1084 3440 pace
1135 3364 1360 3419 tamen
1417 3351 1691 3429 Christi,
1733 3372 1942 3436 quam
2000 3351 2199 3420 nobis
2248 3351 2470 3422 solum
2526 3351 2810 3420 clemens
2851 3347 2890 3412 la

469 3441 653 3530 gitus
693 3454 817 3520 est,
859 3461 1133 3510 rursum
1189 3440 1362 3508 mire
1398 3460 1520 3507 nos
1558 3439 1742 3527 ipsos
1777 3439 2295 3508 oblectavimus.
2331 3445 2677 3510 Caeterum
2722 3441 2811 3505 vix
2841 3449 2890 3528 tu

470 3551 638 3605 nos,
696 3543 841 3598 tum
893 3529 989 3597 illi
1043 3529 1444 3597 brevissima
1501 3527 1583 3596 ad
1655 3528 2138 3616 respirandum
2210 3551 2458 3598 sumus
2508 3529 2749 3597 interca
2798 3522 2932 3591 edm&

473 3619 690 3705 potiti,
729 3641 885 3686 cum
945 3617 1153 3707 pestis
1195 3617 1320 3686 ista
1361 3616 1590 3685 subito
1639 3618 1938 3704 grassari
1990 3617 2259 3707 coepit:
2329 3639 2436 3688 res
2488 3618 2683 3707 plane
2737 3548 2848 3684 iliis
2879 3599 2930 3672 ad

472 3706 862 3774 terrendum
916 3708 1103 3775 omni
1158 3720 1340 3774 metu
1394 3704 1950 3785 formidolosior,
2014 3706 2098 3774 ad
2167 3707 2697 3775 excruciandum
2758 3710 2928 3788 quan-⁸3

469 3795 857 3864 calamitate
908 3795 1220 3864 miserior
1270 3795 1740 3880 acerbiorque‚
1781 3808 1847 3864 et
1897 3808 1970 3864 ut
2020 3796 2341 3886 proprius
2392 3795 2663 3865 illorum
2717 3791 2929 3873 scriptos

473 3896 827 3962 memorat,
866 3883 947 3951 ad
996 3883 1443 3974 cogitandum
1499 3883 1723 3952 solum
1767 3885 2081 3953 omnium
2117 3885 2444 3973 opinione
2497 3887 2718 3972 major.
2752 3883 2920 3944 veturs

476 3974 670 4042 nobis
724 3995 854 4041 non
908 3973 1057 4060 ejus
1108 3973 1380 4061 generis
1432 3974 1826 4061 putabatur,
1867 3973 1981 4040 sed
2033 3996 2068 4041 a
2126 3978 2255 4042 Deo
2294 3994 2450 4041 cum
2502 3973 2586 4041 ad
2635 3969 2822 4061 fidem·
2848 3977 2922 4054 130·

472 4075 682 4130 stram
720 4062 1194 4140 exercendam,
1240 4074 1386 4131 tum
1438 4061 1522 4129 ad
1570 4061 1996 4130 tolerantiam
2048 4062 2266 4130 animi
2311 4061 2740 4151 probandam,
2770 4043 2918 4121 nihilo

474 4151 731 4230 minuS‚
769 4173 977 4237 quam
1031 4150 1166 4219 alia
1204 4172 1428 4220 rerum
1474 4149 2073 4220 incommodarum
2166 4172 2395 4230 enera,
2434 4173 2603 4238 quae
2638 4131 2917 4241 aliquandO

471 4240 899 4328 obtigissent‚
962 4240 1251 4309 coelitus
1304 4238 1664 4307 inflictam.
1729 4244 1805 4308 Et
1853 4242 2030 4308 sicut
2086 4264 2121 4307 a
2160 4240 2345 4310 icubi
2396 4263 2434 4308 a
2484 4239 2664 4308 nobis
2709 4238 2916 4301 numm?

474 4328 854 4406 abstinuit,
911 4328 1006 4396 sic
1076 4328 1144 4395 in
1220 4328 1509 4418 gentiles
1584 4327 1783 4416 longe
1845 4329 2110 4415 lateque
2171 4328 2550 4398 oberravit:
2603 4321 2774 4414 paulo
2814 4319 2946 4414 post¹

477 4413 793 4508 adjungit
828 4416 977 4483 ista.
