2993 4837
31 283 168 347 ῐΟΥ.
220 284 304 346 28
702 302 780 347 nn
826 303 882 348 s.
939 302 1258 348 summo
1305 302 1574 351 suranna
1620 304 1810 350 nans.
2312 286 2426 350 731

34 384 367 455 ›raesentis
403 384 584 452 vitae
623 406 811 454 meae
846 386 1136 472 requies.
1192 386 1315 455 Hic
1376 388 1562 456 enim
1613 388 1850 459 saltem
1912 408 2131 474 usque
2178 386 2259 455 ad
2317 400 2527 457 extre-

31 495 176 542 num
228 471 561 562 spiritum
602 474 771 542 mihi
805 474 1111 544 habitare
1161 496 1434 546 necesse
1464 487 1609 557 est;
1660 476 1987 563 quoniam
2038 497 2161 566 pro
2202 475 2526 565 imaginis

32 560 233 631 {bristi
297 560 571 630 honore
629 561 808 631 hanc
870 561 1099 633 sedem
1142 563 1340 654 elegi.
1376 586 1414 631 >›
1463 570 1541 633 In
1605 565 1913 635 interiori
1983 576 2209 634 autem
2260 586 2531 635 carcere

32 648 380 730 >onclusus‚
435 651 731 738 eximiae
757 652 1023 721 virtutis
1074 654 1447 722 monachos
1487 666 1818 723 trecentos
1869 653 2326 742 quadraginta
2356 652 2529 723 duos

31 761 70 806 ex
106 739 304 807 variis
344 737 523 807 locis
573 739 912 821 collectOS,
977 755 1179 827 atque
1225 741 1461 811 eodem
1524 764 1794 812 carcere
1852 740 2366 819 condemnatos,
2431 741 2533 809 in-

32 828 186 908 ·enit,
236 828 358 913 qui
405 831 658 916 partim
712 850 935 908 nares,
990 830 1237 919 partim
1298 852 1502 900 aures
1549 843 1814 899 exectas
1847 829 2214 909 habebant,
2276 832 2529 919 partim

32 914 250 986 vulsos
296 916 570 997 oculOS,
637 919 882 1006 partim
933 930 1321 1007 amputatas
1391 939 1663 1000 manus,
1706 919 1795 988 ob
1835 918 1905 987 id
1962 917 2296 1000 videlicet,
2344 918 2531 1007 quod

32 1026 114 1072 ›ro
159 1005 712 1075 venerandarum
778 1007 1170 1106 Imaginum
1235 1008 1502 1097 pictura
1530 1021 1594 1076 et
1632 1009 1969 1077 erectione
2018 1006 2529 1077 lucubrationes

31 1091 380 1163 edidissent.
438 1099 532 1163 Ac
565 1094 840 1180 quidem
875 1095 992 1163 alni
1028 1095 1387 1185 plagarum
1421 1107 1614 1166 notas
1659 1096 1885 1165 adhuc
1918 1095 2523 1165 circumferebant:

31 1180 109 1248 ilii
143 1183 531 1269 praeclaras
594 1205 804 1272 genas
903 1185 1004 1253 ice
1054 1183 1259 1263 illitas
1308 1197 1511 1271 atque
1557 1186 1910 1256 ambustas
1958 1184 2350 1265 habebant;
2403 1184 2525 1254 alii

31 1282 192 1356 :aput
236 1271 321 1339 ad
375 1271 600 1340 risum
653 1295 731 1342 ac
764 1272 838 1341 lu
893 1273 1147 1342 ibrium
1211 1274 1563 1343 abrasum.
1618 1279 1920 1355 Quorum
1979 1273 2199 1343 varios
2231 1274 2397 1343 istos
2448 1297 2524 1343 ac

32 1357 402 1449 nultiplices
472 1361 825 1430 cruciatus
875 1375 1154 1432 sanctus
1194 1361 1581 1451 Stephanus
1628 1384 1936 1443 cernenS,
2000 1362 2360 1450 patientiae
2409 1384 2527 1431 no-

32 1445 178 1515 nine
232 1448 468 1518 beatos
524 1471 642 1517 eos
704 1449 1185 1538 praedicabat;
1249 1472 1328 1520 ac
1389 1462 1627 1520 contra
1665 1450 1990 1539 lacrymis
2036 1449 2106 1518 di
2163 1472 2326 1519 num
2378 1473 2525 1521 sese

37 1533 354 1619 udicabat‚
393 1538 615 1625 utqui
650 1537 716 1607 in
744 1539 1143 1608 earumdem
1183 1538 1543 1628 plagarum
1620 1551 1831 1609 artem
1867 1560 2028 1607 cum
2070 1538 2117 1606 il
2154 1539 2208 1608 is
2242 1540 2525 1610 minime

31 1624 297 1707 senisset,
365 1647 495 1694 nec
558 1647 679 1713 pro
740 1626 984 1696 Christi
1046 1627 1347 1717 imagine
1389 1649 1566 1699 mem
1621 1649 1854 1698 rorum
1909 1627 2324 1697 exectionem
2377 1629 2524 1718 ipse

32 1731 255 1798 {noque
292 1714 713 1802 pertulisset.
750 1720 827 1783 At
853 1715 1069 1784 divini
1093 1714 1195 1784 illi
1226 1721 1475 1796 PatreS,
1503 1727 1579 1785 ut
1609 1716 1914 1816 primum
1945 1730 2256 1785 sanctum
2301 1716 2524 1787 virum

32 1817 518 1891 eonspexerunt,
569 1803 654 1871 ad
703 1825 860 1872 eum
917 1815 1262 1890 tamquam
1312 1804 1400 1873 ad
1449 1818 1856 1893 magistrum
1906 1814 1971 1873 et
2020 1817 2521 1893 praeceptorem

32 1905 443 1973 recesserunt,
500 1905 581 1961 ut
628 1892 714 1961 ab
745 1915 822 1960 eo
857 1892 1099 1961 salutis
1149 1893 1530 1982 praeceptis
1575 1892 2038 1962 erudirentur.

32 2064 34 2070 λ
92 1978 304 2061 §aa
335 1985 581 2068 Itaque
605 2004 684 2049 ex
713 1982 1049 2050 Praetorio
1079 1982 1567 2051 monasterium
1596 1981 1852 2051 factum
1882 1993 2020 2051 est:
2066 1982 2322 2071 quippe
2360 2004 2519 2051 cum

31 2062 137 2133 ullic
179 2070 401 2139 omnis
440 2070 860 2139 monasticae
911 2070 1082 2139 vitae
1120 2069 1339 2139 forma
1390 2092 1469 2139 ac
1521 2069 1756 2159 regula
1802 2069 1883 2138 ad
1939 2091 2242 2158 unguem
2292 2069 2524 2140 obser-

31 2167 281 2225 varetur.
316 2159 373 2226 Ii
414 2170 676 2238 autem,
731 2158 987 2246 quibus
1025 2159 1319 2228 carceris
1365 2158 1680 2228 custodia
1715 2157 2036 2227 mandata
2068 2170 2234 2238 erat,
2264 2159 2524 2245 quique

32 2245 207 2311 sancti
260 2247 388 2314 viri
455 2246 715 2316 famam
776 2246 1194 2335 jampridem
1269 2247 1674 2327 audierant,
1738 2259 1879 2315 tum
1954 2246 2231 2315 demum
2305 2248 2522 2315 animi

32 2349 258 2417 quoque
291 2335 520 2426 ipsius
555 2347 832 2416 statum,
871 2335 958 2404 ab
988 2358 1065 2404 ea
1100 2336 1612 2423 tranquillitate,
1647 2357 1820 2425 quae
1856 2336 1924 2402 in
1961 2336 2183 2425 ipsius
2219 2336 2524 2404 moribus

31 2414 320 2502 elucebat,
372 2437 716 2511 quantum
778 2424 922 2493 fieri
977 2437 1257 2513 poterat,
1310 2426 1791 2514 conjectarite5‚
1828 2423 1912 2493 ad
1962 2446 2118 2495 eum
2172 2438 2520 2511 tamquam

33 2505 90 2601 ad
137 2512 237 2579 Dei
284 2513 624 2603 Angelum
675 2513 942 2582 animos
989 2513 1517 2595 convertebant,
1573 2514 1772 2601 eique
1821 2534 2161 2582 summam
2216 2534 2522 2581 reveren-

33 2603 181 2677 liam,
221 2621 297 2669 ac
338 2602 845 2671 venerationem
885 2602 1298 2672 tribuebant:
1337 2602 1507 2671 adeo
1550 2616 1622 2671 ut
1667 2600 1948 2689 quidam
2000 2602 2203 2670 etiam
2253 2623 2517 2681 eorum,

33 2687 265 2778 remotis
298 2690 605 2770 arbitris,
635 2689 872 2759 eadem
909 2690 992 2759 ad
1032 2713 1307 2759 uxorem
1344 2713 1541 2761 suam
1568 2690 1845 2770 diceret,
1883 2711 2057 2775 quae
2086 2689 2249 2758 olim
2280 2695 2524 2759 Manue

33 2767 134 2866 lile:
170 2801 189 2836 e
229 2781 432 2846 Morte
464 2781 850 2859 moriemur,
877 2781 1145 2860 mulier,
1170 2803 1337 2869 prae
1371 2781 1650 2869 tyranni
1677 2780 1878 2868 hujus
1897 2778 2330 2867 faroreffiud.
2351 2780 2521 2867 1111).

33 2858 220 2959 lirum
270 2867 485 2947 enim,
533 2867 813 2956 perinde
845 2890 922 2936 ac
970 2873 1204 2946 Deum,
1246 2867 1578 2936 hodierna
1612 2867 1722 2935 die
1754 2866 1916 2945 vidi,
1955 2867 2165 2947 hunc,
2205 2868 2516 2953 inquam,

33 2964 79 3011 un
123 2953 380 3022 vincula
435 2957 821 3044 conjectum
878 2956 1319 3032 monachum,
1371 2977 1578 3043 quem
1625 2954 2123 3026 Auxentianum
2163 2969 2425 3024 vocant.
2483 2979 2519 3021 »

33 3033 275 3122 Sapiens
322 3056 554 3112 autem
609 3043 725 3113 illa
783 3044 1030 3113 mulier
1088 3066 1223 3114 non
1283 3043 1533 3134 frigide
1587 3066 1665 3112 ac
1732 3042 2153 3132 negligenter
2210 3043 2294 3112 ad
2356 3044 2523 3113 haec

33 3123 195 3213 yerba
239 3130 504 3213 aflecta,
562 3154 794 3201 verum
851 3155 970 3222 per
1016 3133 1425 3202 concinnam
1474 3145 1680 3219 atque
1713 3131 2115 3221 prudentem
2168 3132 2252 3200 ad
2295 3132 2519 3201 virum

33 3220 592 3306 mterrogationem
648 3223 817 3291 vitae
867 3221 1084 3291 sancti
1136 3221 1349 3290 Patris
1397 3221 1728 3290 rationem
1765 3241 2036 3288 omnem
2075 3232 2516 3308 perscrutata,

33 3293 173 3392 clam
221 3306 285 3372 in
336 3331 680 3378 carcerem
716 3311 1023 3399 ingressa
1060 3321 1183 3388 est,
1222 3309 1650 3396 arreptisque
1700 3307 2104 3377 venerandis
2138 3307 2359 3397 ipsius
2410 3330 2521 3396 pe-

35 3379 224 3470 dibus,
263 3394 347 3464 ab
395 3419 498 3478 eo,
536 3412 612 3467 ut
656 3420 775 3486 pro
805 3423 875 3467 se
910 3409 1321 3486 precaretur,
1360 3397 1646 3487 ipsaque
1681 3397 1980 3467 vicissim
2022 3395 2108 3475 ei,
2142 3418 2317 3483 quae
2344 3419 2522 3485 opus

36 3489 242 3559 essent,
305 3485 901 3564 subministraret,
960 3486 1368 3574 postulabat.
1420 3491 1498 3556 At
1545 3486 1874 3556 divinitus
1944 3484 2318 3572 inspiratus
2379 3489 2522 3554 Ste-

35 3557 269 3641 phanus
320 3593 549 3657 preces
602 3574 878 3659 quidem
928 3575 989 3642 ei
1039 3575 1284 3644 annuit
1322 3587 1386 3644 et
1434 3575 1816 3655 concessit;
1870 3587 2214 3643 caeterum
2267 3573 2522 3643 adduci

35 3664 139 3739 {¹011
171 3669 440 3739 poterat,
482 3674 557 3730 ut
588 3662 960 3747 quicquam
1009 3665 1098 3732 ab
1136 3685 1215 3732 ea
1263 3663 1623 3753 acciperet.
1667 3664 1973 3734 Instabat
2014 3673 2239 3731 tamen
2277 3685 2523 3735 rursus

34 3730 146 3814 illa,
179 3740 428 3818 dicens:
476 3772 511 3816 «
550 3750 890 3831 Quidnam
940 3763 1063 3833 est,
1102 3754 1548 3838 quamobrem
1583 3766 1655 3821 tu
1702 3753 2020 3841 exiguam
2071 3751 2231 3820 fidei
2263 3773 2426 3842 erga
2462 3766 2525 3822 te

35 3838 838 3987 meac-(promptitudinem
899 3851 1032 3909 tam
1096 3841 1433 3911 obstinate
1485 3841 1772 3929 rejicis?
1843 3845 2276 3926 Quamquam
2333 3841 2521 3909 enim

36 3926 154 3993 'Dsa
203 3939 217 3983 ι
314 3946 443 3993 non
501 3949 781 3997 mereor:
822 3940 888 3996 at
937 3942 1121 3998 tuam
1174 3942 1400 3998 tamen
1445 3929 1977 3999 moderationem
2014 3951 2092 3998 ac
2134 3929 2524 4018 benignita-

36 4002 141 4068 tem
187 4007 265 4076 ad
313 4012 633 4104 indignos
679 4038 953 4103 quoque
1002 4017 1440 4108 indulgenter
1490 4040 1636 4088 sese
1684 4017 2038 4087 demittere
2087 4029 2521 4107 compertum

40 4077 241 4163 habeo.
281 4121 313 4163 »
359 4101 481 4172 Ille
534 4127 684 4175 vero
739 4127 1013 4175 rursum
1065 4107 1131 4175 id
1182 4118 1573 4177 constanter
1626 4105 2005 4186 recusabat,
2052 4127 2186 4174 non
2238 4103 2520 4191 quidem

38 4169 105 4239 ob
150 4195 412 4282 naturae
457 4193 989 4274 contumaciam,
1028 4208 1146 4264 aut
1194 4196 1414 4285 ipsius
1448 4193 1928 4284 indignitatem
1983 4193 2054 4262 id
2095 4192 2299 4263 officii
2360 4213 2396 4259 a
2448 4210 2520 4258 se

42 4269 347 4366 repudiari
400 4279 633 4351 dicens
684 4283 840 4372 (ego
889 4283 1097 4362 enim,
1145 4283 1520 4369 inquiebat,
1576 4295 1824 4352 memet
1872 4282 2264 4371 indignum,
2317 4292 2522 4364 atque

41 4363 310 4429 Omnium
339 4370 722 4440 mortalium
757 4383 1177 4460 postremum
1209 4371 1438 4454 duco):
1463 4369 1582 4439 sed
1612 4371 1776 4458 quia
1800 4370 1886 4440 ab
1913 4392 1989 4439 eo
2021 4369 2514 4458 prohiberetur,
