2993 4837
23 332 220 411 agot:
271 334 311 398 4
924 353 1001 399 ΒΕ
1049 352 1104 400 s.
1158 351 1399 401 canoto
1447 353 1778 402 nonnonao
2307 362 2312 371 ·
2413 339 2527 403 ’231

40 448 45 467 ‘i
84 488 87 495 „
175 435 378 506 vibus
431 435 527 505 ad
584 456 756 504 eum
804 435 1042 506 litteris
1090 436 1291 519 datis,
1330 439 1577 507 acriter
1626 438 1891 524 lateque
1940 438 2397 529 reprehendit.
2460 444 2625 510 Cum

55 457 381 601 {bavariae
434 524 809 594 Francisci
870 526 1187 616 Episcopi
1245 527 1569 614 exequias
1630 525 2079 607 celebrasset,
2144 528 2427 616 quidam
2478 530 2629 618 eJus

103 633 164 680 ·--.ι
217 614 296 685 tis
327 636 677 684 caussam
730 612 1058 695 dolentes,
1099 614 1454 685 laboribus
1484 615 1897 697 tribuebant,
1933 616 2191 703 quibus
2225 618 2293 685 in
2327 617 2625 687 lustran-

121 711 171 770 {a
221 725 388 774 suae
453 702 802 772 dioecesis
863 702 1170 772 ecclesiis
1224 726 1303 774 eo
1371 726 1553 773 anno
1615 726 1750 774 non
1812 705 2175 775 mediocris
2234 706 2627 796 vigilantiae

90 792 390 871 mardos
442 791 858 881 perfunctus
904 806 1070 872 erat;
1122 805 1191 860 at
1237 794 1369 862 ista
1401 793 1574 882 ipsa,
1623 794 1845 879 inquit
1878 792 2180 873 Carolus,
2221 793 2305 863 de
2353 817 2622 875 caussa,

103 880 405 950 ·isthuc
458 882 692 970 ipsum
753 893 1062 970 agentem
1092 936 1107 962 ,
1160 881 1290 950 hoc
1337 895 1438 950 est
1492 903 1617 972 pro
1669 881 1958 951 ecclesia
1999 903 2122 951 sua
2174 881 2622 965 laborantem,

68 1024 69 1033 κ
110 969 531 1058 iscopum,
569 969 764 1038 decet
814 982 1094 1038 mortem
1145 981 1487 1060 oppetere.
1542 971 1773 1040 Dicere
1820 969 2100 1051 solebat,
2156 982 2419 1040 tantum
2481 992 2629 1041 esse

64 1082 69 1091 ²
117 1085 150 1118 ·:
175 1059 419 1148 'scopo
455 1058 731 1148 negotii,
772 1070 1106 1144 quantum
1145 1058 1292 1147 ipse
1324 1057 1522 1127 velit:
1569 1058 1697 1128 boc
1744 1071 1845 1127 est
1887 1081 2007 1149 pro
2036 1059 2190 1147 ejus
2229 1060 2480 1140 studio,
2523 1060 2622 1130 vel

60 1142 528 1238 ’.Ιίςροιίε;
566 1148 753 1227 item,
810 1146 1078 1215 nullum
1140 1148 1554 1237 Episcopum
1608 1147 1877 1216 muneri
1929 1169 2055 1216 suo
2109 1169 2308 1237 posse
2356 1148 2625 1218 satisfa—

198 1267 247 1317 ·,
312 1238 374 1305 si
428 1234 805 1304 valetudini
876 1245 1130 1325 parcat,
1190 1247 1254 1304 et
1310 1257 1546 1305 earum
1610 1257 1838 1305 rerum
1888 1235 2482 1306 observationibus
2532 1249 2627 1306 te-

405 1346 582 1409 quae
651 1345 891 1393 nocere
936 1325 1230 1425 corpori,
1307 1324 1710 1414 prodesseve
1789 1325 2074 1413 possint.
2130 1325 2322 1408 Quod
2386 1326 2626 1416 populi

118 1408 133 1423 “
257 1436 326 1482 m
364 1414 454 1482 ad
506 1412 794 1483 salutem
833 1412 1217 1502 proficiant,
1272 1413 1519 1501 majori
1566 1434 1645 1482 ex
1695 1425 1884 1503 parte
1924 1413 2201 1505 culpam
2250 1436 2398 1485 esse
2447 1415 2629 1484 Anti-

202 1524 315 1571 m
369 1500 781 1603 affirmabat,
819 1503 937 1589 qui
993 1524 1125 1571 non
1185 1501 1463 1571 assidue
1502 1514 1768 1582 curant,
1836 1516 2037 1590 atque
2085 1516 2331 1594 urgent
2388 1524 2623 1573 eorum

115 1607 626 1681 ‘·gressioneS.

165 1688 182 1759 ξ
245 1683 417 1751 20.
466 1679 598 1761 Qui
630 1700 882 1768 corpus
932 1689 1065 1747 tam
1118 1679 1291 1750 dure
1329 1680 1670 1764 habuerit,
1710 1680 1981 1751 nullum
2015 1701 2287 1768 quoque
2353 1681 2628 1770 penitus

187 1780 347 1837 tum
401 1767 831 1848 adhibuisse,
872 1768 970 1835 vel
1009 1768 1207 1839 nobis
1238 1768 1646 1849 tacentibus,
1685 1767 1840 1838 licet
1869 1770 2230 1859 conjicere;
2285 1769 2417 1838 nisi
2459 1791 2630 1856 qua-

125 1879 281 1926 us
341 1855 750 1936 munditiae,
811 1854 909 1923 vel
968 1856 1324 1947 dignitatis
1382 1860 1634 1927 caussa
1683 1879 1956 1927 necesse
2014 1870 2306 1948 putaret.
2346 1857 2627 1934 Nullum

50 2012 55 2015 Α
123 1945 384 2015 ‘cum
423 1944 744 2014 adhibuit
784 1944 1311 2017 indumentum:
1346 1946 1462 2015 sed
1495 1947 1647 2035 ejus
1676 1947 1947 2035 generis
1983 1957 2233 2026 tamen,
2275 1966 2451 2035 quae
2480 1967 2630 2035 per-

324 2035 796 2115 convenirent3
832 2035 1271 2122 posteriorem
1309 2035 1580 2104 tunicae
1622 2048 1908 2123 partem,
1945 2056 2153 2121 quam
2193 2034 2412 2104 solent
2451 2034 2630 2103 sacri

115 2179 128 2200 ,.
177 2121 448 2191 ‘·sules
498 2124 720 2212 magis
754 2122 1124 2192 demissam
1177 2124 1373 2193 humi
1415 2123 1704 2205 trahere,
1744 2124 2032 2193 libenter
2079 2122 2431 2209 aequalem
2470 2121 2630 2191 reli-

288 2211 691 2301 recipiebat;
729 2211 1174 2291 vestimentis,
1249 2212 1577 2282 omnibus
1632 2211 2227 2299 quidem-diutius
2278 2211 2624 2290 utebatur,

109 2309 148 2390 Ϊῑ
185 2299 436 2378 tristis;
478 2300 592 2368 sed
631 2321 805 2386 quae
855 2301 925 2368 in
966 2313 1339 2391 conspectu
1388 2323 1520 2370 non
1583 2314 1798 2382 erant,
1873 2301 1941 2368 in
2006 2299 2251 2400 primis
2312 2300 2627 2368 resarciri

131 2409 136 2412 ·
264 2387 481 2458 semel
515 2388 824 2479 jubebat.
888 2392 1106 2479 Opera
1145 2411 1426 2459 suorum
1477 2391 1795 2470 exuendi,
1864 2387 2277 2459 vestiendive
2324 2387 2628 2479 corporis

184 2481 333 2547 ssa
380 2475 521 2546 fere
571 2500 706 2548 non
753 2477 1095 2559 utebatur,
1141 2479 1350 2566 idque
1382 2501 1584 2568 saepe
1632 2480 1719 2549 ob
1753 2478 2084 2560 alienum,
2137 2490 2201 2546 et
2250 2478 2630 2546 incommo-

53 2601 65 2610 ‹
282 2566 372 2636 iis
419 2566 750 2648 cubandi,
796 2568 1205 2657 surgendive
1242 2581 1537 2657 tempus;
1591 2589 1829 2636 eorum
1867 2589 2043 2647 vero,
2098 2566 2218 2653 qui
2253 2565 2468 2637 sacris
2520 2587 2629 2635 es-

50 2725 57 2730 ,
152 2664 238 2740 jnt
285 2655 561 2735 initiati,
619 2654 794 2724 nihil
826 2655 911 2724 ad
951 2677 1202 2747 corpus
1236 2678 1440 2726 suum
1476 2656 1791 2743 obsequii
1841 2655 2048 2746 paulo
2074 2655 2333 2725 vilioris
2382 2653 2631 2725 admit-

56 2777 61 2780 *
123 2755 291 2823 t;
341 2743 721 2845 episcopali
771 2755 949 2813 veste
989 2744 1194 2826 linea,
1250 2745 1837 2832 humerorumque
1883 2745 2141 2815 amictu
2194 2745 2396 2815 etiarn
2441 2743 2630 2812 domi

46 2874 52 2913 ἑ
188 2852 357 2921 per
390 2833 679 2902 indutus
716 2846 882 2913 erat,
935 2834 1020 2902 ad
1060 2854 1389 2924 personae
1437 2834 1504 2902 di
1564 2833 1841 2903 nitatem
1894 2833 2326 2904 servandam:
2369 2856 2530 2903 nam
2567 2845 2633 2902 et

48 2963 49 2966 =
121 2920 516 2991 „micilium
552 2943 786 3000 suum,
829 2921 1055 2991 locum
1092 2923 1449 3012 publicum
1555 2923 1820 3002 ucebat,
1857 2944 2155 3009 suosque
2197 2923 2290 2992 ibi
2335 2921 2622 3005 volebat,

50 3083 57 3087 ,
121 3014 142 3079 ,.”
210 3006 276 3076 in
303 3010 602 3098 publico,
638 3010 913 3080 versari.
946 3015 1182 3098 Itaque
1214 3032 1433 3091 mane,
1467 3025 1833 3098 antequam
1868 3032 1947 3079 ea
1988 3010 2393 3081 indumenta
2437 3033 2627 3081 sum-

137 3093 355 3178 .‹'-·'÷<·t,
409 3120 634 3185 neque
681 3099 749 3167 in
800 3111 1184 3168 exterorum
1241 3114 1684 3189 conspectum
1749 3098 2103 3178 veniebat,
2157 3112 2221 3168 et
2282 3099 2625 3168 neminem

58 3259 69 3264 ,
276 3187 598 3256 intimum
638 3187 1024 3277 patiebatur
1081 3189 1465 3257 intromitti.
1533 3195 1619 3257 Ac
1668 3187 1996 3275 quoniam
2048 3187 2134 3255 ab
2182 3187 2512 3267 oratione,
2565 3199 2630 3255 et

123 3320 157 3345 ,ι
208 3291 322 3344 ‘rae
366 3297 588 3363 aquae
625 3276 1021 3364 aspersione
1068 3276 1203 3344 diei
1252 3276 1759 3356 antecedentiS,
1816 3296 2035 3362 usque
2083 3275 2166 3343 ad
2229 3276 2470 3344 Missae
2520 3295 2630 3342 sa-

50 3405 67 3440 -‚
131 3384 281 3431 mm
320 3378 589 3452 postero
622 3363 731 3434 die
778 3363 1061 3444 factum,
1098 3365 1296 3446 nihil,
1350 3380 1689 3453 quantum
1733 3364 1884 3433 fieri
1938 3377 2182 3454 posset,
2236 3364 2322 3433 ob
2385 3363 2480 3432 rei
2528 3362 2630 3430 di-

126 3451 284 3521 'nae
307 3452 751 3523 reverentiam
791 3452 1219 3540 loquebatur,
1259 3454 1617 3542 publicum
1646 3455 1960 3523 vestitum
1995 3452 2375 3533 differebat,
2413 3452 2627 3520 donec

146 3557 149 3558 ’
216 3563 489 3612 sacrum
595 3541 817 3612 rodire
852 3541 1069 3621 vellet,
1123 3543 1193 3610 in
1244 3542 1564 3612 cubiculo
1624 3564 1782 3612 vero
1832 3543 2147 3633 privatim
2201 3540 2391 3632 pulla
2456 3558 2628 3628 qua—

50 3671 61 3690 s·
139 3650 273 3710 κω,
326 3643 393 3699 et
428 3652 507 3699 ru
566 3631 798 3700 iveste
849 3632 1203 3710 utebatur,
1256 3653 1461 3718 quarn
1525 3653 1718 3701 suam
1771 3629 2199 3722 appellabat,
2264 3650 2425 3699 cum
2479 3649 2627 3715 per-

114 3801 121 3810 Ι
216 3740 295 3787 ae
320 3740 489 3789 suae
516 3718 817 3805 reliquas
838 3742 987 3788 esse
1018 3720 1294 3789 diceret.
1329 3720 1748 3807 Exquisitam
1795 3719 2255 3789 adhibebatin
2304 3716 2630 3787 omnibus

101 3852 132 3879 .-
168 3829 171 3832 ’
205 3806 532 3877 lesiastici
579 3807 806 3877 decori
858 3809 1175 3878 servandi
1205 3831 1465 3888 curam,
1508 3809 1575 3877 in
1609 3810 1779 3899 ipsis
1813 3808 2081 3897 caligis,
2112 3820 2176 3877 et
2208 3805 2629 3876 calceamen-

105 3918 197 3976 ·²·›·2,
245 3919 324 3966 ac
360 3897 427 3965 in
474 3898 668 3965 omni
718 3898 997 3968 vestitus
1032 3911 1244 3987 parte,
1287 3912 1431 3968 tum
1471 3899 1539 3967 in
1577 3899 1767 3967 omni
1800 3896 2024 3967 officio
2073 3919 2151 3965 ac
2200 3908 2420 3987 gestu;
2460 3893 2621 3980 quid

115 4005 354 4055 crum
408 3985 632 4054 virum
685 3984 977 4066 deceret,
1023 3986 1446 4058 attendebat:
1482 4001 1559 4056 ut
1593 3986 1864 4056 nullum
1896 3986 2172 4076 penitus
2221 3982 2624 4073 elegantiae,

153 4076 566 4152 ··ιιεῐ3ῑί5νθ,
625 4074 879 4143 nedum
918 4073 1208 4144 levitatis
1242 4075 1567 4163 profanae
1593 4077 1956 4165 vestigium
1997 4086 2380 4165 appareret,
2422 4070 2630 4139 nibil-

53 4130 60 4201 *
113 4191 130 4243 ,·
191 4194 200 4204 ·
264 4187 302 4233 a
353 4163 717 4254 dignitatis
756 4163 1108 4253 gravitate,
1148 4164 1641 4251 sanctitateque
1674 4164 1978 4232 alienum
2029 4162 2400 4239 videretur,
2453 4180 2631 4249 quae

52 4287 54 4309 ε
125 4253 355 4324 uidem
414 4253 683 4322 minute
734 4273 1180 4342 persequenS,
1219 4265 1489 4341 gratum
1548 4253 1836 4322 facerem
1882 4251 2168 4322 fortasse
2209 4249 2447 4318 multis
2485 4249 2632 4339 ple-

141 4338 307 4415 '·oue
338 4363 582 4412 vereor
629 4365 716 4412 ne
769 4339 1135 4410 molestum
1186 4339 1545 4408 accideret.
1601 4345 1772 4410 Sunt
1818 4341 1939 4427 qui
1986 4339 2204 4408 animi
2261 4337 2630 4408 virtutibus

129 4433 340 4516 tenti,
400 4433 567 4505 haec
620 4445 699 4505 ut
736 4430 995 4499 leviora
1044 4427 1446 4519 negligunt:
1493 4429 1638 4518 ipse
1680 4450 1832 4498 vcro
1860 4428 1960 4518 (id
2004 4428 2185 4517 quod
2237 4427 2624 4518 perfectius,

54 1208 100 1288 Ι...

52 1295 112 1349 Ι

52 1386 55 1455 Ι

48 1476 104 1529 J

2665 4511 2718 4538 As
