2993 4837
25 321 178 386 tov.
236 323 318 386 21
819 340 909 396 ⁸mr
959 340 1013 385 s.
1068 337 1439 387 commemo
1487 339 1727 384 Anum:
2332 322 2457 385 637

25 423 336 493 >laustris
364 434 707 512 negarent,
732 422 907 492 miro
938 422 1136 491 modo
1163 423 1446 503 trabem,
1473 444 1679 509 quam
1713 424 1817 490 vix
1847 422 2085 512 viginti
2116 435 2234 491 aut
2269 422 2546 511 triginta

26 513 318 582 iomines
358 511 561 602 plano
613 523 827 580 terrae
877 509 1019 579 solo
1068 512 1241 581 ferre
1276 511 1597 590 valerent,
1640 511 1739 579 vir
1772 510 1882 579 Dei
1924 534 2084 581 cum
2135 511 2408 580 duobus
2445 510 2545 579 vel

32 601 242 681 ribuS,
290 613 496 690 prout
543 599 745 669 ardui
796 599 1059 669 itineris
1111 612 1373 669 meatus
1423 599 1716 689 patebat,
1755 621 1834 668 eo
1867 599 2220 680 accedens,
2276 599 2423 670 suis
2471 622 2548 668 ac

25 711 285 759 suorum
334 689 644 757 humeris
693 688 996 757 immane
1044 690 1439 780 imponebat
1489 687 1785 778 ponduS,
1841 701 1907 757 et
1952 689 2074 758 ubi
2124 687 2381 774 alioqui
2428 710 2547 777 pro

26 779 140 847 riae
188 778 567 868 asperitate
600 777 813 846 libero
848 778 955 845 vix
996 790 1271 868 possent
1300 776 1520 865 gradu
1557 777 1895 856 incedere,
1938 776 2144 845 simul
2180 789 2381 863 atque
2420 789 2552 846 tra-

25 868 187 936 ›ium
221 880 459 936 essent
492 866 672 935 mole
719 867 972 948 onusti,
1027 866 1253 936 festini
1304 865 1906 956 ingrediebantur:
1960 866 2050 935 ita
2081 878 2158 935 ut
2191 866 2310 952 qui
2344 887 2551 935 onera

25 956 276 1037 errent,
342 955 625 1046 perinde
674 977 751 1024 ac
802 955 859 1024 si
907 955 992 1023 ab
1042 955 1196 1025 aliis
1249 956 1374 1046 ipsi
1433 967 1887 1045 portarentur,
1948 954 2182 1023 firmis
2219 954 2543 1043 vestigiiS,

31 1066 357 1131 amquam
419 1044 664 1123 otiosi,
733 1043 1130 1113 laetabundi
1198 1043 1613 1131 incederent.
1683 1043 1931 1112 Videns
1995 1042 2223 1131 itaque
2287 1042 2384 1110 vir
2434 1045 2547 1112 Dei

26 1133 451 1203 antam'sibi
503 1132 837 1201 divinitus
885 1130 1124 1203 adesse
1169 1154 1366 1222 opem
1401 1187 1417 1213 ‚
1478 1154 1640 1202 suos
1678 1132 2031 1213 hortatur,
2091 1143 2167 1200 ut
2199 1144 2548 1232 arreptum

25 1244 170 1310 qus
215 1221 383 1291 laeti
436 1220 817 1322 perficiant,
870 1221 1238 1308 animoque
1288 1221 1606 1301 roborati,
1663 1243 1738 1289 ea
1791 1221 1860 1289 in
1910 1242 2138 1289 eremo
2179 1231 2550 1289 consistere

25 1309 349 1391 studeant,
390 1309 665 1378 divinae
712 1309 776 1377 id
822 1331 969 1377 esse
1009 1309 1379 1379 voluntatis
1418 1309 1796 1378 affirmans.
1851 1309 2069 1380 Tectis
2118 1309 2354 1398 templi
2403 1308 2552 1377 cul-

26 1398 337 1479 minibus,
398 1420 755 1466 murorum
812 1397 1146 1468 instaurat
1186 1400 1425 1468 ruinas
1457 1454 1472 1479 ‚
1534 1410 1935 1486 caeteraque
1986 1397 2396 1467 monasterio
2437 1419 2555 1466 ne-

25 1488 295 1556 cessaria
335 1486 651 1556 aedificia
683 1498 1077 1556 construere
1129 1487 1369 1578 pergit.
1403 1491 1667 1556 Interea
1709 1487 2043 1556 Clotarius
2081 1492 2241 1567 Rex,
2282 1486 2409 1555 viri
2442 1487 2557 1555 Dei

25 1576 437 1664 prophetiam
473 1576 541 1643 in
579 1597 650 1646 se
683 1575 1091 1664 completam
1134 1589 1445 1656 cernenS‚
1488 1575 1942 1645 venerabilem
1981 1576 2397 1656 Eustasium‚
2435 1575 2554 1662 qui

25 1666 502 1735 monasterium
538 1663 957 1734 Luxoviense
998 1665 1314 1755 regebat,
1373 1663 1456 1733 ad
1509 1686 1581 1734 se
1627 1664 1859 1734 venire
1901 1663 2118 1753 jubet,
2173 1664 2555 1733 venientem

26 1751 253 1822 blande
303 1765 370 1823 et
409 1754 696 1821 comiter
724 1764 896 1832 orat,
933 1766 1005 1822 ut
1043 1753 1391 1842 adjunctis
1425 1752 1584 1833 sibi,
1624 1775 1799 1840 quos
1836 1752 2013 1833 velit,
2053 1752 2317 1841 itineris
2351 1752 2555 1821 sociis

27 1842 359 1912 nobilibus
402 1842 589 1920 viris,
638 1841 1044 1930 legationem
1085 1841 1383 1931 publicis
1416 1842 1748 1930 impensis
1784 1840 2115 1931 suscipiat
2156 1841 2237 1909 ad
2278 1842 2551 1911 beatum

28 1929 539 2009 Columbanum,
576 1942 641 1999 et
673 1952 1110 2018 quocumque
1159 1934 1304 2000 loco
1340 1945 1710 2020 repertum,
1750 1942 2071 1999 accurata
2109 1931 2555 2019 persuasione

29 2038 95 2084 eo
124 2018 441 2108 adducat,
498 2030 575 2087 ut
621 2019 703 2087 ad
758 2040 827 2086 se
861 2020 1090 2089 venire
1125 2042 1257 2089 non
1302 2031 1586 2089 recuset.
1645 2020 1828 2088 Facit
1864 2019 1950 2087 ita
1989 2018 2400 2087 venerabilis
2448 2018 2556 2085 di—

37 2106 344 2195 scipuluS,
398 2107 709 2197 magistri
752 2107 1033 2198 vestigia
1077 2129 1512 2197 persequens.
1570 2112 1931 2193 Postquam
1979 2107 2062 2175 ad
2113 2130 2269 2176 eum
2325 2107 2548 2185 venit,

42 2193 279 2264 clotarii
316 2197 524 2264 verba
557 2196 619 2264 ei
660 2196 1022 2285 depromit.
1078 2198 1231 2267 Viso
1271 2196 1583 2267 Eustasio
1631 2196 1870 2266 beatus
1911 2195 2376 2265 Columbanus
2426 2194 2559 2264 lae-

49 2293 243 2363 tatur,
289 2286 557 2355 aditum
580 2284 698 2387 ed
748 2306 951 2355 suum
1016 2285 1507 2355 monasterium
1570 2288 1795 2373 patere
1849 2284 2281 2385 gratulatur;
2339 2297 2557 2367 reten-

49 2381 292 2460 tumque
334 2372 838 2464 aliquantisper
883 2372 1064 2474 apud
1119 2397 1230 2455 se,
1288 2374 1599 2443 hortatur
1645 2388 1720 2443 ut
1773 2396 1884 2443 sui
1943 2372 2197 2443 laboris
2247 2394 2553 2455 memor,

42 2457 296 2532 fratrum
349 2462 721 2552 collegium
773 2462 1182 2551 disciplinae
1230 2464 1519 2533 habenis
1568 2464 1912 2532 contineat
1949 2476 2015 2532 et
2045 2462 2336 2543 erudiat,
2380 2461 2560 2560 mul-

42 2560 382 2639 torumque
423 2551 814 2621 accessione
864 2549 1035 2621 illud
1093 2575 1180 2622 au
1232 2565 1374 2632 eat,
1435 2573 1687 2639 eosque
1733 2573 1974 2622 omnes
2029 2553 2176 2621 suis
2223 2551 2559 2620 institutis

40 2635 302 2710 imbuat.
364 2640 617 2710 Deinde
655 2640 851 2730 jubet
898 2662 1054 2709 eum
1117 2663 1186 2710 re
1240 2641 1336 2709 ire
1391 2640 1478 2709 ad
1542 2640 1961 2721 Clotarium,
2022 2640 2219 2727 eique
2275 2639 2561 2709 comiter

42 2722 184 2797 haec
219 2729 467 2798 referre
507 2751 856 2819 responsa,
897 2728 1029 2798 sibi
1063 2729 1131 2798 id
1173 2728 1713 2815 haudquaquam
1752 2729 1992 2798 rationi
2023 2741 2558 2799 consentaneum

46 2814 252 2896 videri,
295 2831 373 2888 ut
408 2832 585 2887 retro
613 2830 985 2887 revertatur
1016 2841 1031 2898 ;
1073 2817 1244 2887 illud
1284 2816 1759 2887 tantummodo
1792 2840 2030 2906 rogare
2064 2840 2158 2900 se,
2196 2830 2270 2886 ut
2294 2816 2564 2887 sodales

44 2923 203 2984 SUOS,
242 2907 363 2993 qui
416 2907 691 2976 Luxovii
741 2905 1017 2996 degant,
1073 2907 1258 2996 regio
1306 2906 1532 2976 favore
1566 2928 1644 2976 ac
1690 2906 2030 2994 praesidio
2079 2919 2558 2995 prosequatur.

46 2990 291 3063 Addidit
339 2995 541 3065 etiam
597 2995 854 3066 litteras
893 2995 974 3063 ad
1031 3001 1308 3085 Regem,
1367 2995 1533 3064 casti
1590 2995 1814 3064 atione
1908 2995 2120 3063 lenas.
2173 3001 2377 3063 Porro
2427 2999 2565 3063 Rex

45 3082 491 3165 gratissimum
546 3106 826 3164 munuS‚
878 3106 1004 3153 ceu
1054 3084 1308 3174 pignus
1356 3083 1537 3170 quod
1596 3105 1702 3152 am
1743 3082 1845 3152 foe
1900 3084 2035 3152 eris
2072 3083 2195 3151 viri
2228 3083 2340 3152 Dei
2376 3081 2562 3152 exul-

50 3168 376 3243 tabundus
422 3173 707 3262 accepit,
763 3194 887 3241 nec
940 3193 1219 3262 precum
1270 3171 1424 3260 ejus
1474 3172 1686 3242 voluit
1725 3172 2060 3242 oblivisci.
2117 3173 2318 3241 Omni
2377 3171 2562 3240 enim

49 3260 362 3340 praesidio
419 3262 832 3330 Luxoviense
903 3262 1390 3330 monasterium
1442 3261 1878 3330 communire
1936 3260 2244 3337 studuit,
2309 3261 2564 3328 annuis

47 3349 343 3418 censibus
376 3348 660 3428 ditavit,
717 3349 887 3418 sines
933 3351 1083 3440 ejus
1131 3350 1440 3436 undique
1484 3371 1605 3439 pro
1646 3348 2057 3418 venerabilis
2105 3349 2400 3419 Eustasii
2451 3368 2564 3415 vo-

51 3429 281 3531 luntate
314 3438 503 3507 auxit
534 3451 598 3507 et
635 3437 936 3528 protulit,
989 3439 1316 3524 omnique
1349 3451 1596 3507 conatu
1639 3438 1724 3507 ad
1767 3437 2196 3529 adjuvandos
2241 3440 2392 3525 ejus
2442 3436 2565 3505 ha-

54 3522 393 3606 lutatores,
448 3528 536 3596 ob
586 3549 888 3596 amorem
942 3527 1067 3595 viri
1125 3528 1263 3608 Dei,
1332 3527 1642 3596 animum
1705 3527 2017 3597 intendit.
2074 3532 2278 3595 Porro
2328 3526 2566 3596 beatus

52 3609 491 3707 Columbanus
538 3637 694 3684 cum
746 3637 1006 3684 annum
1047 3637 1260 3684 unum
1314 3615 1566 3704 egisset
1620 3615 1686 3683 in
1751 3614 2163 3685 monasterio
2203 3614 2516 3684 Bobiensi
2548 3669 2562 3694 ,

54 3710 166 3794 vita
202 3701 391 3771 beata
425 3703 729 3785 functus,
784 3704 1086 3774 animam
1138 3725 1420 3793 corpore
1460 3703 1756 3773 solutam
1794 3704 1978 3774 coelo
2021 3703 2319 3773 reddidit
2348 3702 2567 3772 unde-

51 3804 206 3878 cimo
234 3791 559 3862 Calendas
595 3793 983 3862 Decembris
1012 3792 1067 3861 *.
1100 3793 1310 3880 Cuius
1354 3793 1826 3863 strenuitatem
1862 3793 1919 3864 si
1958 3793 2114 3880 quis
2152 3814 2351 3862 nosse
2381 3792 2563 3872 velit,

60 3891 110 3938 tn
144 3878 282 3964 ejus
314 3873 513 3950 dictis
550 3881 837 3969 reperiet
864 3881 955 3946 *ἦ
997 3881 1351 3968 Reliquiae
1391 3882 1543 3970 ejus
1581 3901 1659 3950 eo
1696 3882 1762 3950 in
1792 3882 1941 3951 loco
1970 3883 2283 3952 conditae
2315 3881 2570 3949 haben-

58 3969 167 4042 tur,
206 3968 319 4036 ubi
360 3968 559 4036 etiam
607 3969 963 4038 miraculis
1000 3968 1277 4058 pollent,
1338 3971 1653 4060 praesule
1693 3971 1999 4040 Christo:
2049 3971 2166 4040 Cui
2216 3983 2316 4040 est
2351 3969 2570 4060 gloria

61 4067 162 4131 per
192 4056 415 4125 omnia
452 4057 681 4126 secula
714 4057 1131 4140 seculorum,
1176 4065 1410 4128 Amen.

99 4245 119 4260 *
146 4248 263 4289 Anno
293 4254 385 4291 615.

103 4297 145 4324 ‘⁸
170 4302 209 4339 S.
227 4302 497 4344 columbani
517 4307 678 4352 open.
697 4318 818 4357 quae
839 4310 989 4348 adhuc
1011 4310 1116 4347 exta
1151 4312 1184 4354 t,
1205 4312 1339 4348 sunt:
1372 4312 1405 4347 1.
1432 4312 1492 4348 Dc
1512 4306 1634 4347 vitiis
1651 4310 1996 4360 mancipalibus.-
2025 4311 2063 4349 2.
2087 4307 2415 4352 Poenico-usian:
2439 4308 2474 4344 3.
2501 4306 2572 4344 In·

62 4352 283 4396 &rationu
298 4361 350 4396 de
374 4361 540 4406 Officiis
558 4362 857 4411 Chrwtionta‚·
876 4367 911 4403 4.
936 4364 1123 4410 Quaeda
1192 4364 1427 4411 Epistotae
1455 4368 1502 4401 et
1523 4361 1752 4401 Carmina.
