2993 4837
516 293 643 355 448
1294 311 1369 355 nr„
1416 309 1472 354 s.
1529 305 1757 355 moseo
1806 308 2099 355 consess.
2639 288 2795 356 NOV.
2825 290 2904 360 ⁴³

430 393 690 481 populi,
739 406 942 479 atque
988 412 1065 460 ex
1103 394 1294 460 omni
1345 392 1483 460 fere
1541 393 1873 481 Hispania
1908 392 2144 463 fideles
2183 404 2369 460 tanta
2414 391 2754 462 devotione
2787 422 2859 455 we
2910 464 2913 467 .

430 482 678 561 fluunt,
719 494 854 550 tam
909 479 1104 549 multi
1155 481 1331 549 beati
1389 480 1580 549 illius
1635 481 1761 550 viri
1819 503 2015 570 opem
2075 481 2260 570 apud
2316 486 2527 551 Deum
2567 479 2764 569 implo
2806 513 2881 553 -ι,

431 582 523 638 tot
558 570 652 638 ibi
699 570 974 659 vigiliae
1022 570 1221 646 fiunt,
1262 582 1352 638 tot
1385 569 1721 638 sacrificia
1773 571 1841 639 in
1874 569 2110 639 eodem
2148 570 2299 658 eJus
2333 569 2585 639 sacello
2613 568 2785 640 celeb
2844 622 2849 633 .

431 672 562 738 tur,
603 672 738 728 tam
793 657 1006 727 multa
1055 670 1119 726 et
1167 658 1462 727 illustria
1509 657 1692 727 dona
1727 659 1855 728 voti
1910 658 2242 727 reddendi
2289 659 2510 746 gratia
2556 657 2861 728 offer-nn·
2904 736 2907 739 ,

430 761 503 815 ut
554 748 718 816 liaeo
766 748 850 816 de
896 747 1075 816 beati
1121 746 1348 816 Didaci
1402 747 1758 817 sanctitate
1802 769 1932 816 non
1971 747 2200 836 exigui
2245 748 2573 837 temporis
2617 760 2811 833 tamq
2870 779 2893 817 ε,

431 837 730 905 rumoris
768 859 962 916 aura,
1003 835 1119 905 sed
1172 858 1291 926 per
1323 857 1545 905 annos
1592 849 1868 904 eentum
1909 836 1965 903 vi
2026 837 2146 905 inti
2181 850 2246 905 et
2274 836 2581 924 amplius
2619 847 2903 906 consta

429 938 492 994 et
529 938 851 1015 perpetua
901 924 1083 994 fama
1133 939 1197 993 et
1244 925 1504 1014 opinio,
1543 937 1910 1012 tantusque
1959 926 1977 992 i
2015 925 2236 995 lorum
2282 924 2622 1006 fidelium,
2657 924 2863 994 omni·
2914 958 2917 961 ·

429 1035 807 1104 generum,
864 1015 1177 1083 omnium
1229 1013 1555 1083 ordinum
1604 1035 1986 1084 consensus
2047 1015 2281 1102 magni
2352 1012 2652 1102 profecto
2696 1027 2756 1081 et
2796 1011 2855 1080 ill
2912 1040 2917 1043 ·

431 1103 590 1172 stris
640 1103 1015 1173 testimonii
1074 1102 1221 1171 loco
1271 1101 1632 1173 habendus
1681 1103 1769 1171 sit
1801 1102 1885 1171 ad
1939 1103 2113 1171 beati
2167 1103 2400 1171 Didaci
2436 1101 2829 1171 sanctimon‘
2880 1140 2885 1161 -‚
2955 1147 2956 1150 =

430 1191 1043 1281 comprobandam.
1092 1197 1573 1260 Verumtamen
1628 1191 1865 1261 multis
1919 1213 2194 1278 quoque
2244 1205 2395 1281 post
2442 1191 2708 1261 obitum
2758 1190 2835 1257 tni
2875 1236 2903 1251 .,

430 1279 608 1348 culis
650 1281 752 1349 vir
774 1278 1362 1349 commemorabili
1399 1279 1759 1350 sanctitate
1794 1280 2147 1370 praeditus
2178 1280 2451 1349 claruit.
2499 1281 2667 1348 Nam
2700 1280 2762 1347 in
2794 1300 2856 1347 ar,
2879 1277 2893 1317 '¹

434 1369 860 1437 transmissis
907 1382 1181 1438 centum
1227 1367 1364 1437 fere
1403 1381 1468 1437 et
1521 1368 1801 1457 triginta
1851 1369 2198 1459 leguntur,
2261 1374 2413 1449 De0,
2466 1369 2592 1456 qui
2636 1367 2877 1458 glorifi

435 1472 542 1527 tur
590 1459 656 1526 in
701 1457 993 1527 ooncilio
1044 1462 1495 1536 Sanctorum,
1557 1458 1775 1547 signis
1849 1471 1913 1527 et
1976 1458 2310 1546 prodigiis
2361 1469 2653 1527 testante
2700 1478 2857 1526 serv

435 1568 637 1615 suum
692 1568 826 1615 non
881 1547 1101 1615 solum
1139 1568 1435 1625 morum,
1490 1545 1607 1613 sed
1659 1547 1860 1615 etiam
1915 1547 2272 1636 signorum
2325 1547 2602 1626 virtute,
2660 1568 2776 1614 nec
2808 1567 2887 1615 οι·-

435 1635 630 1704 ribus
678 1635 881 1705 modo
931 1635 1201 1724 pietatis
1248 1635 1316 1702 in
1385 1634 1521 1704 vita
1557 1689 1571 1715 ‚
1627 1634 1741 1704 sed
1800 1635 2003 1705 etiam
2059 1634 2556 1704 miraculorum
2614 1634 2762 1704 luce
2828 1660 2889 1695 ιν

434 1736 767 1805 mortem,
822 1723 1087 1793 clarum
1143 1735 1208 1792 et
1270 1722 1726 1793 venerabilem
1787 1746 1959 1794 esse.
2019 1729 2242 1794 Duron
2315 1724 2658 1814 oppidum
2732 1735 2823 1792 est
2860 1719 2886 1818 J

433 1812 763 1902 Hispania
795 1868 810 1894 ,
872 1814 939 1881 in
992 1812 1284 1882 dioecesi
1336 1813 1764 1902 Saguntina;
1816 1835 1895 1882 ex
1940 1834 2019 1881 eo
2069 1813 2432 1883 Catharina
2481 1813 2756 1882 Martini
2799 1809 2852 1879 fil

435 1901 626 1991 virgo
665 1923 883 1971 annos
926 1900 1285 1971 duodecim
1349 1915 1528 1981 nata,
1568 1924 1724 1970 cum
1781 1915 1937 1971 ante
1995 1900 2256 1988 aliquot
2314 1923 2593 1971 menses
2641 1901 2845 1970 subita

437 1990 659 2060 morbi
721 1990 928 2061 surda
978 2003 1044 2060 et
1094 2003 1281 2060 muta
1327 1990 1675 2071 evasisset,
1725 1990 2036 2059 ‘brachiis
2091 1991 2247 2059 item
2305 1991 2742 2078 pedibusque
2778 2009 2844 2077 pa

435 2076 562 2165 lysi
597 2079 952 2150 dissolutis
987 2079 1299 2148 incedere
1338 2080 1671 2166 nequiret,
1708 2078 1793 2148 ad
1841 2079 2016 2149 beati
2071 2079 2302 2148 Didaci
2353 2079 2692 2149 sacellum
2727 2077 2875 2146 del

434 2189 592 2237 cum
647 2169 742 2239 ibi
840 2169 1251 2259 ervigilaret,
1293 2169 1442 2256 ejus
1492 2181 1666 2236 tacta
1718 2190 1933 2237 manu
1972 2180 2036 2236 et
2084 2169 2150 2236 in
2203 2168 2431 2237 crucis
2482 2167 2776 2238 sormam
2849 2194 2901 2243 ⁸,
2963 2211 2964 2240 ι

434 2257 726 2346 signata.
768 2192 953 2327 illico
1001 2271 1065 2326 et
1113 2257 1387 2326 aurium
1431 2279 1711 2327 sensum
1764 2270 1828 2325 et
1877 2256 2199 2344 loquendi
2237 2257 2635 2326 facultatem
2691 2253 2901 2342 recepi·

436 2348 1043 2433 membrorumque
1091 2368 1222 2414 usu
1275 2346 1605 2427 restituto,
1649 2357 1919 2432 totoque
1967 2367 2252 2436 corpore
2289 2346 2727 2427 confirmatO,
2767 2345 2887 2413 lim

435 2457 573 2521 qua
626 2436 872 2515 libuit,
929 2436 1252 2516 incessit,
1325 2435 1621 2505 laudans
1683 2450 1748 2505 et
1796 2435 2208 2506 benedicens
2257 2440 2494 2505 Deum.
2571 2435 2879 2505 Adolesce·
2961 2494 2962 2497 ,

435 2524 714 2609 quidem
765 2538 911 2593 erat
942 2546 1281 2594 annorum
1334 2523 1471 2592 sere
1523 2523 1787 2624 viginti,
1831 2524 2126 2594 Didacus
2173 2523 2260 2592 de
2310 2529 2514 2593 Lorca
2559 2523 2899 2617 appellaty*

436 2612 624 2682 filius
681 2614 854 2681 Petri
907 2613 1232 2683 Gonzales
1282 2613 1404 2681 viri
1461 2612 1753 2690 nobilis,
1805 2614 1924 2699 qui
1978 2618 2106 2682 Deo
2158 2613 2597 2703 permittente
2632 2669 2648 2694 ,
2699 2614 2780 2681 ab
2829 2630 2879 2677 ιεἰ
2958 2657 2961 2674 ,

438 2700 699 2769 mundo
748 2701 996 2791 spiritu
1044 2724 1263 2771 annos
1319 2701 1714 2791 complures
1765 2702 2134 2772 vexabatur
2192 2701 2671 2771 miserandum
2720 2702 2781 2769 in
2831 2727 2881 2758 ιι·

437 2789 630 2868 dum,
667 2790 756 2858 ita
789 2802 866 2859 ut
905 2792 1180 2879 saepius
1216 2790 1560 2860 interdum
1606 2791 1674 2858 in
1711 2790 1822 2859 die
1855 2805 2172 2880 arreptus
2205 2803 2271 2858 et
2302 2790 2384 2859 ad
2427 2804 2680 2860 terram
2709 2786 2911 2858 allisi&

437 2877 803 2947 horribiles
834 2879 1141 2968 corporis
1190 2892 1422 2969 gestus
1455 2892 1709 2967 ageret,
1745 2892 1809 2948 et
1851 2879 2054 2948 veluti
2096 2891 2410 2948 mortuus
2445 2879 2904 2967 relinqueretur

438 2965 563 3035 Hic
614 2989 683 3036 se
739 2969 933 3038 beato
985 2968 1235 3037 Didaco
1300 2968 1656 3037 humiliter
1703 2967 2235 3049 commendans,
2289 2982 2352 3037 et
2408 2968 2474 3036 in
2525 2969 2685 3058 ejus
2728 2958 2903 3036 sacel-

438 3055 844 3141 aliquandiu
894 3057 1264 3147 invigilans
1320 3080 1359 3125 a
1418 3056 1795 3126 miserabili
1846 3058 2196 3126 vexatione
2244 3057 2528 3125 omnino
2578 3071 2681 3126 est
2726 3054 2894 3123 libera

438 3158 572 3213 tus.
630 3149 795 3214 Cum
847 3146 1207 3215 Catharina
1256 3146 1756 3216 Bartholomaei
1806 3147 2105 3215 Sanchez
2156 3168 2349 3225 uxor,
2403 3145 2675 3236 expleto
2720 3142 2792 3212 ad
2835 3158 2925 3228 pn·

437 3234 757 3303 riendum
812 3248 1133 3324 tempore,
1176 3237 1411 3323 parere
1462 3256 1596 3302 non
1653 3248 1899 3323 posset,
1939 3235 2157 3304 foetus
2189 3236 2372 3303 enim
2424 3235 2492 3302 in
2526 3248 2721 3303 utero
2755 3246 2870 3301 tran

438 3345 676 3391 versus
724 3322 1012 3392 alterum
1070 3324 1545 3393 tantummodo
1599 3324 1835 3413 pedem
1906 3323 2254 3402 eduxerat,
2320 3336 2672 3411 materque
2727 3320 2901 3415 mise

437 3412 523 3480 ab
564 3434 811 3482 aurora
842 3412 924 3481 ad
972 3434 1320 3501 vesperam
1360 3413 1427 3480 in
1462 3435 1540 3481 eo
1573 3412 1887 3481 cruciatu
1939 3434 2350 3513 permanens
2385 3412 2451 3480 in
2496 3431 2766 3481 summo
2791 3415 2918 3473 vlt&

437 3500 840 3570 discrimine
901 3513 1327 3581 versaretur,
1387 3513 1451 3569 et
1502 3501 1705 3591 plane
1756 3514 1954 3570 morti
2007 3501 2395 3591 propinqua
2441 3514 2666 3581 esset,
2729 3506 2916 3567 socrufi

439 3590 590 3678 ejus
668 3590 878 3658 Maria
957 3589 1194 3659 Garzia
1276 3612 1447 3659 uxor
1518 3591 1807 3660 Joannis
1893 3590 2169 3660 Garziae
2252 3589 2519 3659 incolae
2594 3585 2811 3678 oppidi
2860 3577 2914 3646 de

436 3680 741 3759 Amor-oz,
783 3678 958 3748 beati
998 3680 1119 3747 viri
1157 3679 1225 3746 in
1266 3679 1582 3747 maximis
1632 3679 1973 3768 angustiis
2023 3677 2398 3757 recordata,
2437 3678 2520 3747 ad
2574 3678 2722 3765 ejus
2763 3684 2910 3761 opem

442 3767 798 3856 confugit:
877 3768 1106 3854 itaque
1187 3768 1482 3836 frustum
1573 3768 1898 3837 amictum
1976 3768 2152 3837 beati
2233 3765 2468 3837 Didaci
2502 3821 2520 3848 ,
2597 3779 2852 3856 parumq

442 3856 745 3943 pulveris
807 3878 842 3924 e
891 3856 1209 3945 sepulcro
1259 3879 1471 3946 supra
1524 3858 2010 3944 parturientem
2080 3878 2334 3926 nurum
2403 3855 2746 3945 imposuit,
2789 3858 2918 3934 <1⁰³⁸

442 3945 670 4014 subito
722 3958 1067 4014 mortuum
1133 3945 1385 4014 foetum
1439 3946 1698 4026 edidit,
1758 3947 1908 4034 ipsa
1963 3944 2172 4015 salva.
2228 3944 2474 4013 Mansit
2525 3956 2740 4014 autem
2785 3950 2918 4032 mor·

442 4048 555 4103 tua
609 4033 913 4124 puellula
980 4034 1242 4121 aliquot
1290 4034 1615 4103 horarum
1681 4034 1902 4123 spatio
1937 4089 1952 4115 ,
2008 4034 2124 4103 sed
2173 4032 2489 4121 ejusdem
2540 4035 2684 4102 avia
2729 4032 2908 4116 Marta.

432 4123 577 4209 jam
635 4124 843 4193 semel
901 4122 1076 4192 beati
1144 4123 1269 4190 viri
1325 4145 1525 4212 opem
1587 4123 1654 4191 in
1724 4136 1938 4192 matre
1998 4135 2316 4223 experta,
2376 4144 2534 4192 eum
2587 4143 2701 4212 pro
2743 4122 2910 4200 nepus

446 4212 574 4278 vita
655 4224 837 4281 tanto
910 4211 1234 4281 fidentius
1304 4233 1499 4282 orare
1579 4232 1712 4280 non
1790 4211 2175 4291 dubitavit;
2250 4210 2433 4297 quod
2511 4232 2661 4281 cum
2725 4203 2906 4273 devote

447 4298 755 4377 fecisset,
819 4299 1108 4370 alterum
1179 4300 1381 4368 etiam
1444 4300 1858 4370 beneficium
1914 4300 2325 4390 impetravit,
2379 4313 2446 4369 et
2486 4296 2718 4390 puella,
2762 4300 2908 4359 sacro

448 4384 768 4471 baptismi
825 4388 1007 4457 sonte
1055 4388 1311 4469 abluta,
1357 4401 1421 4458 et
1476 4391 1792 4478 geminae
1859 4389 2036 4458 vitae
2100 4410 2385 4459 munere
2439 4412 2476 4456 a
2531 4393 2654 4457 Deo
2691 4381 2898 4450 donam·
