2993 4837
2921 174 2934 233 Ι,

481 314 607 376 180
1239 329 1314 372 nn
1363 329 1418 373 s.
1472 326 1713 374 mitono
1761 325 2093 373 consono
2642 308 2794 373 Not.
2836 311 2864 374 l
2913 258 2932 435 i

389 414 587 484 initio
635 425 1017 493 suaserant,
1069 424 1147 482 ut
1195 412 1563 502 propositis
1598 412 1729 482 sibi
1763 409 2007 480 officiis
2055 412 2447 481 abstineret.
2493 417 2874 492 Attamen,ut
2943 468 2946 469 f

390 503 726 573 auxilium
769 501 1000 589 aliqua
1049 501 1310 570 ratione
1356 499 1826 570 Brixiensibus
1871 498 2097 579 ferret,
2138 513 2406 589 praeter
2433 500 2908 572 cohortationes·

391 592 474 661 ad
529 592 944 681 Episcopum
996 590 1283 670 missaS,
1322 611 1402 658 eo
1451 588 1747 668 Carolus·
1784 588 2050 658 dimisit
2097 588 2389 658 Paulum
2438 588 2661 668 illum,
2708 610 2877 675 quem
2951 632 2952 635 =

391 692 529 750 toto
579 680 842 767 reliquo
891 691 1193 768 ternpore
1223 679 1679 768 Gregorianae
1714 676 2145 757 multitudini
2178 677 2557 767 praefuisse
2601 676 2882 747 diximus,
2916 699 2952 727 ν

392 774 556 839 Cum
611 768 767 837 idus
816 767 1138 837 Octobres
1186 768 1553 847 venissent,
1610 765 1873 856 publici
1908 766 2042 835 voti
2090 764 2261 845 dies,
2316 767 2594 836 Carolus
2631 786 2705 834 ea
2745 765 2888 834 cele·
2950 810 2952 849 3

390 857 634 928 britate
684 857 925 927 litteris
974 855 1274 944 publicis
1321 869 1475 925 ante
1524 855 1939 925 denunciata
1970 909 1985 937 ,
2038 855 2220 924 cives
2279 857 2621 955 proximae
2651 856 2782 944 jam
2824 852 2887 922 li·

391 947 764 1017 berationis
812 967 932 1034 spe
964 944 1335 1034 proposita,
1371 944 1456 1013 ad
1488 966 1718 1013 veram
1750 943 2024 1012 divinae
2065 943 2575 1013 misericordiae
2599 943 2904 1013 fiduciam·

390 1035 751 1116 excitavit,
820 1047 956 1103 tam
1008 1035 1266 1103 incerto
1314 1034 1715 1123 praesertim
1767 1032 2114 1102 humanae
2163 1032 2546 1102 industriae
2595 1031 2894 1123 praesidio
2951 1116 2952 1119 Ἴ

390 1126 710 1212 cognito;
766 1144 975 1192 novas
1023 1122 1564 1212 supplicationes
1610 1121 1906 1190 decrevit
1953 1121 2022 1189 in
2075 1123 2287 1201 urbe,
2344 1144 2424 1189 ac
2475 1122 2544 1188 in
2595 1121 2909 1197 dioecesi;:
2951 1202 2952 1208 ἵ

392 1213 607 1282 sacris
657 1214 724 1280 in
793 1211 957 1280 aede
1007 1215 1073 1280 S.
1129 1211 1509 1281 Sebastiani
1576 1209 1982 1289 celebratis,
2036 1209 2171 1278 diei
2234 1209 2555 1299 religioni
2620 1208 2906 1279 satisfieri⁸

391 1302 678 1382 curavit,
731 1313 795 1368 et
842 1314 1017 1369 voto.
1072 1298 1373 1389 Populus
1417 1321 1538 1387 per
1572 1312 1799 1387 partes
1828 1298 1914 1366 de
1948 1320 2134 1367 more
2172 1297 2544 1368 distinctus
2573 1297 2898 1377 conve-niu:

392 1390 686 1460 civitatis
733 1388 1139 1469 consilium,
1192 1400 1258 1457 et
1307 1388 1425 1474 qui
1473 1389 1541 1455 in
1595 1385 1891 1477 singulis
1955 1387 2289 1476 paroeciis
2344 1410 2385 1456 a
2435 1387 2691 1477 populo
2737 1406 2892 1455 man·

390 1478 627 1547 datum
679 1488 1103 1566 acceperant,
1159 1476 1492 1546 solemnia
1540 1476 1721 1546 dona
1768 1475 2188 1545 obtulerunt.
2243 1476 2648 1565 Respiciens
2693 1472 2911 1544 deind-⁷

394 1569 552 1657 pius
581 1573 775 1635 Pater
799 1586 1035 1634 eorum
1063 1565 1553 1645 conditionem,
1590 1566 1710 1652 qui
1754 1577 1887 1634 toto
1921 1564 2039 1634 illo
2073 1578 2374 1653 tempore
2408 1565 2477 1633 in
2518 1567 2718 1644 urbe,
2753 1564 2898 1632 dioe-

394 1656 671 1742 cesique
697 1710 711 1733 ,
747 1655 958 1723 immo
993 1655 1059 1721 in
1098 1654 1252 1723 aliis
1280 1655 1436 1722 item
1467 1653 1702 1722 Italiae
1732 1654 2122 1723 civitatibus
2159 1654 2407 1722 mortui
2435 1668 2659 1735 crant,
2689 1652 2838 1741 quib
2870 1701 2881 1711 .—

396 1745 520 1833 pro
562 1743 781 1813 morbi
821 1743 971 1833 ejus
1021 1742 1280 1811 ratione
1310 1797 1325 1822 ‚
1378 1764 1517 1829 quo
1564 1743 1838 1831 cognati
1886 1763 2126 1811 omnes
2175 1764 2376 1831 saepe
2423 1743 2865 1812 absumuntur
2951 1793 2952 1799 κ

394 1832 629 1902 deesse
678 1832 814 1899 fere
862 1830 1190 1901 credibile
1227 1843 1392 1913 erat,
1431 1831 1551 1917 qui
1584 1832 1795 1901 sacris
1830 1830 2075 1899 officiis
2122 1852 2320 1919 opem
2356 1831 2650 1912 ferrent,
2688 1843 2758 1899 ut
2791 1853 2818 1901 s
2861 1831 2905 1886 ἶ·-

395 1934 460 1989 et
493 1921 784 1999 alieniS,
820 1920 1053 1989 omnia
1099 1920 1341 2009 optimi
1397 1920 1612 2009 patris
1658 1919 1882 1988 officia
1927 1933 2335 2008 praestaret,
2389 1942 2792 1990 communes
2839 1947 2883 1990 ··.

392 2009 714 2097 exequias
761 2008 1135 2089 constituit,
1184 2009 1402 2078 tribus
1441 2008 1686 2078 diebus
1733 2008 2202 2088 celebrandaS‚
2243 2009 2361 2095 qui
2411 2010 2636 2079 sancti
2680 2007 2897 2077 Mar‘

393 2098 572 2168 diem
625 2098 872 2166 festum
924 2098 1408 2183 sequebantur:
1452 2119 1590 2183 qua
1632 2097 1697 2164 in
1754 2119 1824 2166 re
1873 2097 2041 2165 vivis
2085 2118 2356 2183 quoque
2407 2098 2582 2186 ipsis
2631 2095 2901 2167 consul·-
2951 2166 2952 2181 ἶ

391 2188 529 2266 bat,
588 2188 644 2257 si
693 2185 915 2255 officia
950 2185 1070 2255 illa
1117 2200 1181 2255 et
1229 2185 1563 2255 sacrificia
1615 2186 1988 2255 christiane
2038 2201 2551 2276 prosequentes,
2611 2188 2889 2276 integra
2951 2238 2952 2243 η

330 2324 335 2329 -
393 2276 567 2356 sibi,
622 2288 825 2362 atque
865 2274 1063 2353 aliis,
1125 2274 1423 2364 religiosi
1472 2275 1699 2363 operis
1749 2276 1994 2343 virtute
2042 2274 2333 2345 salutem
2398 2288 2682 2364 possent
2730 2296 2905 2343 mio·-

394 2377 594 2436 trare.
640 2364 867 2433 Primo
897 2364 1109 2452 igitur
1142 2364 1274 2444 die,
1316 2385 1449 2433 una
1484 2385 1643 2433 cum
1677 2364 2004 2433 omnibus
2041 2363 2596 2453 presbyterorum
2639 2362 2907 2453 collegi'

392 2455 461 2523 in
515 2453 803 2523 ecclesia
852 2454 1157 2540 majore,
1212 2452 1529 2522 funebria
1579 2474 1771 2522 sacra
1824 2452 2234 2533 celebravit,
2293 2453 2502 2522 altero
2535 2508 2556 2533 ,
2618 2454 2842 2539 tertioq
2877 2480 2913 2511 =z=

392 2543 503 2612 die
533 2544 600 2610 in
636 2543 830 2610 urbis
863 2540 1171 2612 ecclesiis
1207 2553 1476 2631 peracta
1527 2554 1712 2620 sunt,
1769 2563 1942 2627 quae
1975 2542 2264 2631 collegia
2313 2542 2570 2612 habent
2598 2599 2612 2624 ,
2655 2542 2738 2611 ad
2771 2564 2867 2627 qu
2892 2574 2911 2597 2<
2951 2611 2952 2624 ,

391 2629 667 2720 singula
696 2629 940 2714 reliqui
967 2651 1207 2698 omnes
1235 2630 1533 2719 regionis
1558 2630 1868 2698 e'usdem
1898 2630 2128 2699 clerici
2152 2645 2660 2715 convenerunt3
2698 2653 2833 2700 unu
2912 2680 2917 2685 -
2951 2685 2952 2698 ,

394 2740 740 2805 quemque
789 2719 1265 2807 presbyterum
1323 2741 1442 2808 pro
1492 2719 1575 2786 iis
1627 2740 1733 2786 em
1786 2719 2030 2788 Missae
2077 2742 2349 2789 sacrum
2403 2719 2656 2790 iisdem
2709 2720 2849 2788 dieb
2896 2746 2911 2773 -·-

392 2807 614 2877 facere
639 2807 870 2892 jussit;
903 2806 985 2874 ad
1018 2808 1330 2876 eamdem
1363 2808 1693 2876 rationem
1733 2829 1925 2876 sacra
1961 2810 2028 2876 in
2067 2809 2358 2877 dioecesi
2399 2808 2720 2878 facienda
2759 2826 2886 2875 man
2920 2848 2923 2851 -

391 2896 597 2973 davit,
664 2895 885 2984 primo
934 2908 1162 2964 autem
1220 2896 1546 2985 populum
1601 2894 1684 2964 ad
1738 2896 1802 2963 id
1859 2896 2157 2985 publicis
2209 2897 2450 2965 litteris
2497 2898 2908 2972 cohortatus»,

395 2984 480 3054 ad
531 2984 668 3053 alia
714 3005 988 3070 quoque
1021 3006 1224 3073 opera
1268 2985 1595 3063 incitavit,
1650 3006 1826 3071 quae
1866 2986 2217 3075 suffragio,
2265 2984 2613 3071 salutique
2667 2983 2901 3055 mortu'

391 3094 542 3143 esse
617 3073 924 3141 ossent*.
959 3078 1112 3142 Post
1146 3074 1312 3141 haec
1345 3074 1415 3141 in
1454 3073 1969 3162 longinquiores
2001 3074 2330 3143 dioecesis
2367 3088 2597 3162 partes
2625 3073 2913 3145 excurri.

390 3175 456 3232 et
503 3186 538 3231 a
624 3163 768 3230 loca
817 3162 997 3231 venit
1037 3162 1417 3231 Helveticae
1466 3161 1790 3240 ditionis,
1821 3176 1991 3231 ,tum
2032 3162 2455 3251 pestilentiae
2485 3167 2765 3238 caussa,
2802 3174 2924 3230 tunm

390 3264 466 3320 ut
516 3249 893 3320 nonnullas
927 3251 996 3319 in
1048 3250 1409 3320 ecclesiam
1462 3249 1854 3339 prohiberet
1904 3251 2247 3340 injurias;
2293 3252 2552 3337 quibus
2606 3254 2677 3320 in
2731 3252 2910 3324 locis,

390 3341 718 3428 quoniam
776 3339 1085 3429 permisti
1134 3352 1365 3418 erant,
1426 3338 1762 3409 morbidis
1809 3361 2064 3426 aeque,
2126 3352 2328 3426 atque
2387 3341 2680 3430 integris
2730 3354 2935 3409 sacra·

393 3443 624 3498 menta
695 3428 1033 3517 praebuit.
1104 3427 1294 3509 Quod
1359 3427 1503 3514 jam
1572 3441 1796 3495 mente
1860 3428 2142 3498 Carolus
2202 3428 2286 3497 de
2342 3429 2616 3498 civitate
2670 3429 2915 3498 liberata

394 3529 853 3607 conceperat,
919 3516 987 3584 id
1053 3516 1428 3585 enunciare
1478 3515 1742 3585 volebat
1791 3516 2070 3606 palam,
2124 3517 2584 3608 religiosoque
2636 3519 2774 3587 ritu
2817 3536 2914 3603 pu·

391 3607 644 3678 blicam
695 3628 775 3676 ea
808 3604 893 3674 de
926 3626 999 3673 re
1031 3604 1376 3674 celebrare
1409 3605 1790 3693 gratiarum
1834 3606 2199 3687 actionem,
2254 3606 2371 3675 sed
2422 3618 2692 3688 contra,
2741 3600 2916 3693 magi·

390 3708 645 3765 stratus
692 3694 1056 3764 dicebant:
1111 3693 1534 3764 debilitatam
1588 3692 1806 3772 valde,
1866 3694 1982 3763 sed
2037 3717 2169 3763 non
2214 3694 2580 3764 extinctam
2634 3716 2782 3764 esse
2825 3713 2920 3782 pe-

390 3785 812 3863 stilentiam;
867 3783 1109 3852 docere
1140 3783 1233 3862 id,
1289 3783 1347 3851 si
1397 3804 1531 3852 non
1575 3782 2012 3870 quotidianos
2061 3806 2140 3853 ac
2188 3783 2578 3870 frequentes
2609 3839 2624 3863 ,
2682 3783 2917 3868 aliquos

392 3886 618 3942 tamen
669 3872 898 3942 adhuc
931 3894 1008 3942 ex
1049 3894 1127 3942 eo
1178 3874 1415 3942 morbo
1469 3871 1909 3940 morientium
1960 3895 2204 3952 casus;
2257 3873 2360 3941 vel
2395 3872 2568 3942 illud
2607 3872 2801 3941 valde
2832 3889 2916 3933 ve-

393 3963 548 4046 reri,
603 3984 690 4031 ne
737 3974 1066 4051 potestate
1113 3962 1333 4040 facta,
1387 3982 1548 4030 cum
1598 3983 1700 4042 ea,
1755 3982 1931 4047 quae
1980 3961 2280 4051 publicis
2325 3962 2540 4051 jussis
2589 3957 2914 4031 recondita

392 4051 932 4140 consignataque
964 4050 1255 4131 fuerant,
1295 4050 1908 4139 depromerentur3
1965 4050 2183 4120 multa
2233 4050 2576 4140 pestilenti
2627 4059 2914 4141 contactu

394 4139 655 4218 affecta,
692 4140 895 4208 rebus
928 4139 1158 4210 adhuc
1188 4138 1605 4218 recentibuS,
1650 4139 2159 4228 reperirentur;
2213 4161 2388 4226 quae
2427 4145 2512 4208 de
2554 4140 2811 4228 integro
2837 4154 2914 4199 cl·

392 4227 666 4295 vitatem
708 4229 779 4295 in
813 4228 1087 4298 easdem
1122 4228 1436 4299 miserias
1476 4228 1914 4317 conjicerent,
1950 4228 2008 4296 si
2044 4227 2448 4298 liberatione
2481 4226 2910 4319 promulgata,

445 4336 469 4360 ¹⁸²
500 4334 640 4374 Hisce
672 4335 825 4374 trtbus
854 4333 1022 4376 diebus
1042 4337 1100 4376 ad
1119 4337 1415 4385 precationes
1434 4334 1900 4386 supplicationesque
1919 4338 2057 4382 datis,
2077 4338 2240 4388 ingens
2263 4336 2494 4386 pecuniae
2515 4345 2707 4380 acervus
2727 4332 2809 4374 ruit
2827 4335 2914 4388 cou'

394 4389 567 4446 gestus.
600 4389 925 4447 Proposuerat,
949 4390 1073 4429 enim
1106 4392 1149 4430 Β.
1188 4391 1398 4448 Carolus,
1432 4388 1605 4430 litteris
1639 4389 1860 4440 publicis,
1891 4392 1985 4430 tria
2018 4393 2127 4440 post
2161 4389 2485 4440 pestilentiam
2515 4389 2803 4443 perficienda»,
2821 4392 2912 4432 ‘1¹1¹’

392 4450 588 4491 pecunia
606 4451 725 4490 opus
746 4444 892 4482 esset:
915 4446 1038 4483 mter
1057 4451 1191 4490 quae.
1211 4443 1495 4493 hospitalem
1517 4454 1602 4492 pro
1624 4442 1853 4484 mendicis
1875 4445 2079 4485 domum.
