2993 4837
51 312 216 378 NOV.
274 314 361 377 23
730 333 806 377 na:
855 332 910 378 s.
957 329 1243 377 cascina
1293 332 1583 377 marvan
1635 332 1707 377 ετ
1755 332 1918 377 Auis
2223 349 2238 386 ,ι
2386 316 2511 380 649

51 415 478 484 ‚limachiust
513 436 546 480 «
577 415 753 498 Quid
798 416 865 484 in
903 415 1129 484 verbis
1179 414 1532 484 volvendis
1573 416 2070 484 immoramur?
2104 421 2226 484 Aut
2256 414 2391 486 diis
2441 418 2601 486 thus

50 504 264 571 offerte
298 516 365 573 et
400 503 628 572 illaesi
665 505 989 574 recedite:
1029 518 1147 572 aut
1181 503 1357 573 male
1388 505 1555 572 estis
1581 518 1646 572 et
1672 507 1913 575 acerbe
1949 505 2288 574 morituri.
2318 528 2352 572 »
2390 507 2601 576 Ambo

51 592 551 682 responderunt
585 604 651 662 et
697 593 1056 662 dixerunt:
1113 615 1147 658 «
1179 597 1309 662 Nos
1341 615 1477 662 non
1521 592 1679 672 diis,
1735 595 1849 662 sed
1906 599 2035 662 Deo
2083 593 2391 680 quotidie
2439 595 2600 663 offe-

48 682 253 750 rimus
316 682 765 751 sacrificia.»
812 683 985 751 Dixit
1041 680 1466 750 Praefectus:
1525 705 1559 747 «
1591 684 1756 764 Quis
1804 695 1904 751 est
1940 688 2138 763 Deus,
2206 684 2318 750 cui
2370 683 2600 752 dicitis

48 792 149 837 vos
182 785 494 839 vestrum
529 770 771 840 offerre
806 757 1220 840 saci-fficium
1246 774 1276 839 ⁴?
1305 773 1583 840 »Sancti
1616 772 2120 860 responderunt
2145 783 2209 839 et
2235 771 2594 841 dixerunt:

48 881 72 922 ε
102 864 175 926 Et
205 860 369 944 quis
404 872 513 928 est
551 860 733 928 alius
759 865 934 929 Deus
972 874 1235 948 praeter
1269 860 1531 950 ipsum?
1578 865 1710 929 Cur
1743 859 1827 929 de
1867 864 2000 929 Deo
2029 881 2154 928 nos
2181 860 2599 950 interrogas?

47 950 146 1015 Est
189 948 380 1016 enim
421 947 605 1017 alius
642 954 836 1024 Deus,
880 961 1146 1038 praeter
1179 953 1444 1017 unum?
1480 971 1517 1014 »
1573 949 1743 1018 Dixit
1793 949 2181 1018 Praefectus
2222 972 2236 1014 :
2294 972 2329 1014 «
2385 955 2596 1032 Quem

48 1057 249 1105 unum
289 1058 447 1105 esse
481 1037 731 1119 dicitis,
770 1039 918 1124 ejus
955 1059 1199 1106 nomen
1231 1039 1528 1125 requiro,
1552 1061 1586 1103 »
1619 1039 1790 1106 Dixit
1817 1037 2241 1106 Valerianus:
2276 1060 2312 1103 «
2347 1040 2457 1106 Dei
2488 1060 2605 1106 no-

50 1145 187 1192 men
218 1147 356 1194 non
391 1126 761 1207 inveneris,
791 1127 1057 1195 etiamsi
1094 1128 1316 1216 possis
1345 1127 1569 1195 volare
1601 1128 1866 1215 pennis.
1903 1150 1938 1192 »
1982 1128 2154 1195 Dixit
2181 1126 2591 1195 Praefectus:

52 1215 279 1282 «lovis
311 1235 485 1315 ergo
521 1236 767 1284 nomen
809 1238 941 1284 non
976 1228 1085 1284 est
1114 1217 1340 1285 Deus?
1372 1239 1407 1282 »
1436 1216 1610 1284 Dixit
1644 1216 2046 1284 Valerianus
2075 1239 2088 1282 :
2127 1238 2162 1280 «
2201 1220 2313 1285 Est
2351 1237 2595 1284 nomen

54 1316 460 1392 corruptoris
521 1316 586 1373 et
642 1303 961 1384 adulteri,
1023 1326 1226 1391 quem
1297 1305 1508 1373 fuisse
1572 1306 1945 1373 occisorem
2023 1305 2222 1373 vestri
2284 1320 2598 1373 auctores

57 1406 445 1474 memorant,
502 1405 565 1461 et
614 1405 1081 1462 accusatorem
1112 1393 1147 1426 ²*
1182 1406 1452 1461 nostrae
1507 1393 1876 1462 ostendunt
1927 1395 2340 1483 scripturae.
2399 1398 2598 1462 Hunc

54 1489 113 1547 tu
164 1484 374 1550 Deum
437 1482 653 1582 miror
704 1503 1008 1569 quanam
1076 1482 1508 1570 impudentia
1566 1483 1961 1563 nominasti,
2015 1504 2173 1551 cum
2230 1487 2407 1551 Deus
2456 1482 2594 1551 dici

56 1587 167 1635 non
210 1571 454 1660 possit,
525 1572 657 1650 nisi
707 1572 825 1658 qui
876 1584 978 1640 est
1024 1569 1112 1638 ab
1169 1571 1358 1638 omni
1410 1581 1689 1658 peccato
1738 1571 2032 1650 alienus,
2078 1572 2198 1657 qui
2240 1585 2341 1640 est
2391 1572 2594 1641 etiam
2700 1628 2722 1655 >

56 1655 276 1742 plenus
340 1660 872 1749 omnipotentia.
932 1683 967 1747 ξ)
1038 1660 1213 1727 Dixit
1285 1658 1724 1728 Praefectus:
1787 1684 1813 1722 «
1870 1665 2045 1749 Ergo
2115 1671 2297 1729 errat
2361 1661 2592 1728 omnis

59 1747 362 1830 munduS,
419 1762 490 1817 et
552 1761 626 1818 tu
679 1771 838 1818 cum
884 1762 1000 1818 tuo
1057 1748 1262 1817 fratre
1318 1754 1527 1817 Deum
1590 1770 1825 1817 verum
1867 1750 2296 1837 cognovisti?
2336 1775 2360 1811 ι
2421 1750 2598 1816 Dixit

56 1834 478 1906 Valerianus:
537 1861 571 1903 «
604 1838 1141 1907 Innumerabilis
1185 1837 1556 1906 multitudo
1591 1838 2097 1906 Christianismi
2137 1838 2405 1927 accepit
2435 1860 2598 1906 san-

61 1923 352 1994 ctitatem.
412 1931 641 1995 lmmo
697 1948 854 1995 vero
902 1950 1018 1995 vos
1071 1928 1271 2016 pauci
1336 1927 1524 2006 estis,
1569 1927 1690 2013 qui
1755 1927 2182 1994 remansistis
2236 1941 2590 2013 tamquam

62 2011 284 2106 scissae
322 2037 358 2082 e
394 2014 762 2102 naufragio
797 2015 1090 2094 tabulae,
1131 2016 1211 2082 ad
1253 2015 1419 2083 nibil
1460 2015 1650 2084 aliud
1693 2014 2149 2104 proficientes,
2206 2015 2358 2113 nisit
2393 2030 2468 2084 ut
2524 2016 2594 2083 in

70 2119 263 2186 ignem
289 2103 688 2192 jaciamini.
726 2127 762 2169 »
795 2100 901 2125 ‘³⁶'

140 2190 355 2273 Mo.
413 2199 609 2260 Tunc
677 2194 892 2261 iratus
950 2191 1381 2270 PraefectuS,
1437 2192 1649 2279 jussit
1706 2213 1861 2260 eum
1928 2191 2116 2260 caedi
2187 2194 2420 2280 virgis.
2477 2192 2601 2260 Ille

80 2289 259 2346 autem
296 2280 693 2362 confestim,
730 2281 896 2349 dum
944 2282 1435 2358 verberaretur,
1496 2282 1714 2349 laetus
1761 2282 1982 2370 coepit
2035 2271 2302 2348 dicere:
2361 2304 2394 2345 «
2429 2285 2602 2349 Ecce

80 2361 208 2433 hora
246 2391 458 2457 quam
502 2370 693 2439 valde
727 2370 1229 2449 desiderabant,
1292 2381 1357 2438 et
1403 2391 1558 2439 ecce
1608 2370 1754 2439 dies
1810 2370 1999 2439 omni
2049 2369 2217 2440 festo
2272 2369 2437 2437 mihi
2482 2368 2599 2456 ju-

72 2456 350 2528 cundior.
387 2484 426 2526 »
464 2464 632 2529 Dum
664 2460 905 2529 beatus
941 2460 1434 2537 verberaretur,
1472 2481 1717 2548 praeco
1754 2481 2005 2548 magna
2043 2480 2201 2527 voce
2222 2458 2594 2526 clamabat:

68 2562 96 2603 «
122 2545 268 2615 Deos
297 2562 361 2617 et
396 2549 566 2617 deas
602 2549 737 2616 noli
785 2548 1168 2617 maledictis
1204 2549 1566 2616 incessere.
1604 2572 1638 2613 »
1691 2548 1812 2632 Ille
1846 2561 2073 2617 autem
2127 2547 2212 2616 ad
2255 2547 2588 2637 populum

67 2626 379 2705 clamabat
414 2637 696 2705 dicens:
752 2659 786 2701 «
818 2637 955 2704 Viri
1005 2637 1187 2705 cives
1228 2640 1722 2716 Romanorum,
1774 2637 2014 2711 videte,
2065 2659 2146 2705 ne
2198 2637 2364 2704 haec
2399 2636 2598 2725 plaga

68 2736 162 2786 vos
193 2743 227 2789 a
258 2727 540 2795 veritate
575 2737 852 2806 avertat,
894 2725 1009 2793 sed
1055 2738 1223 2794 state
1254 2725 1539 2803 fortiter,
1580 2738 1644 2793 et
1677 2726 1840 2794 deos
1876 2725 2186 2815 lapideos
2213 2739 2277 2794 et
2307 2726 2594 2815 ligneos,

66 2824 212 2906 quos
249 2814 410 2883 colit
450 2814 845 2883 Almachius
879 2813 1284 2892 PraefectuS,
1322 2814 1392 2881 in
1427 2814 1686 2883 calcem
1732 2815 2121 2882 convertite.
2163 2820 2326 2883 Nam
2363 2835 2602 2882 omnes

66 2912 162 2994 qui
193 2920 301 2969 eos
347 2903 610 2983 colunt,
676 2916 878 2972 erunt
926 2904 993 2970 in
1054 2902 1419 2970 afflictione
1472 2917 1536 2971 et
1576 2903 1921 2992 supplicio
1981 2916 2349 2972 aeterno.»
2401 2908 2594 2970 Tunc

66 3000 353 3065 quicum
428 2991 764 3061 Praefecto
829 2991 1229 3060 considebat
1278 2992 1720 3078 TarquiniuS,
1774 2992 1892 3077 qui
1954 2992 2156 3059 etiam
2212 2993 2442 3060 dictus
2493 3005 2598 3060 est

70 3072 309 3170 Laccas,
352 3079 692 3150 Praefecto
725 3080 892 3149 dicit
926 3081 995 3148 in
1040 3091 1332 3150 secreto:
1390 3104 1424 3146 «
1456 3069 1782 3149 lni'r'enisti
1819 3081 2274 3160 occasionem,
2312 3080 2594 3148 domine

70 3176 183 3253 tm:
228 3167 381 3237 tolle
431 3191 546 3238 eos
579 3168 1098 3259 quamprimum
1136 3192 1174 3238 a
1209 3182 1407 3238 terra.
1457 3175 1622 3239 Nam
1678 3170 1735 3240 si
1797 3169 2190 3247 tardaveriS,
2243 3182 2307 3237 et
2356 3169 2440 3236 de
2490 3168 2604 3236 die

71 3265 127 3314 ln
159 3251 329 3323 diem
369 3260 680 3338 traxeriS‚
749 3279 988 3327 omnes
1042 3280 1205 3326 suas
1261 3258 1620 3327 facultates
1680 3258 2097 3328 distribuent
2146 3257 2595 3347 pauperibu8,

70 3346 122 3434 et
147 3342 238 3408 eis
270 3348 616 3436 supplicio
658 3348 942 3427 affectiS,
979 3359 1050 3415 tu
1087 3346 1259 3416 nihil
1300 3348 1630 3416 invenieS.
1675 3370 1709 3412 »
1761 3353 1949 3415 Tunc
1999 3346 2390 3415 Praefectus
2438 3367 2597 3414 cum

68 3441 117 3489 el
151 3428 506 3526 placuisset
536 3436 728 3505 illius
778 3436 1178 3516 consilium,
1227 3436 1435 3523 jussit
1472 3435 1854 3514 lictoribus,
1896 3448 1970 3504 ut
1999 3457 2114 3504 eos
2149 3434 2596 3511 abducerent,

70 3511 170 3582 ubi
201 3536 338 3591 erat
367 3525 556 3594 Jovis
605 3536 854 3605 statua,
895 3537 959 3593 et
992 3523 1227 3611 jussit,
1271 3539 1344 3593 ut
1389 3525 1520 3593 nisi
1549 3526 1753 3593 ambo
1804 3523 2051 3593 vellent
2092 3524 2382 3614 imagini
2413 3523 2602 3592 Jovis

70 3608 474 3694 sacrificare,
532 3613 740 3683 simul
795 3613 1107 3682 subirent
1157 3637 1237 3681 su
1295 3613 1582 3703 plicium
1648 3613 1917 3700 capitis
1974 3619 2161 3680 Tunc
2227 3611 2598 3681 venerandi

72 3699 124 3754 et
156 3694 420 3777 gloriosi
457 3702 706 3771 Christi
742 3708 1094 3786 Martyres,
1150 3707 1241 3770 Va
1274 3702 1553 3771 erianus
1584 3714 1647 3770 et
1689 3702 2065 3780 Tiburtius
2121 3701 2401 3770 abducti
2440 3714 2602 3770 sunt

69 3792 97 3838 ἃ
136 3782 407 3879 Maximo
448 3791 769 3861 Praefecti
801 3791 1240 3860 cubiculario
1290 3791 1360 3858 in
1406 3790 1660 3870 locum,
1709 3791 1827 3876 qui
1864 3791 2123 3860 dicitur
2169 3796 2416 3880 PaguS.
2473 3792 2602 3872 Qui

71 3870 318 3945 qssldem
384 3881 716 3950 Maximus
776 3880 1001 3970 coepit
1058 3901 1173 3950 eos
1223 3879 1474 3948 deflere
1510 3932 1528 3958 ‚
1587 3891 1650 3947 et
1699 3879 1924 3948 dicere
1970 3902 1982 3946 :
2040 3904 2074 3945 «
2109 3883 2160 3947 Ο
2198 3881 2487 3968 pretiosa
2539 3892 2604 3946 et

73 3948 295 4032 florens
353 3969 727 4057 juventusl
782 3972 833 4036 Ο
884 3968 1241 4037 vinculum
1289 3989 1583 4057 magnae
1646 3968 2133 4036 fraternitatis!
2189 3972 2240 4037 Ο
2293 3990 2414 4057 par
2445 3966 2602 4054 pul-

74 4039 458 4124 cherrimum
510 4070 574 4126 et
636 4061 1078 4147 generosuml
1136 4062 1268 4126 Cur
1317 4078 1433 4125 vos
1499 4057 1571 4124 in
1613 4056 1873 4125 malum
1938 4070 2002 4125 et
2052 4058 2344 4145 impium
2393 4056 2599 4122 finem

74 4129 337 4233 volentes
385 4168 497 4215 vos
532 4147 720 4236 ipsos
762 4145 1120 4236 projicere,
1170 4157 1234 4214 et
1268 4145 1351 4213 ad
1392 4145 1771 4215 maximum
1817 4146 2095 4213 tendere
2144 4145 2457 4220 exitium,
2510 4141 2602 4209 ita

78 4213 376 4301 festinatis
434 4245 785 4322 tamquam
842 4237 962 4320 qui
1034 4233 1115 4302 ad
1185 4234 1539 4312 laetitiam,
1611 4246 1675 4301 et
1737 4234 2178 4322 magnificam
2229 4245 2293 4301 et
2343 4230 2600 4299 lautam

82 4323 326 4385 cOenam
380 4323 761 4393 vocemini?
816 4346 850 4386 »
907 4328 1096 4390 Tunc
1159 4322 1329 4392 dixit
1387 4322 1783 4390 Tiburtius:
1858 4345 1891 4387 «
1953 4328 2081 4391 Nos
2141 4322 2194 4391 si
2258 4340 2390 4386 non
2452 4339 2601 4386 vere

130 4432 151 4456 ¹'
178 4439 462 4495 seminarum,
481 4450 657 4489 habeut
680 4449 809 4487 Latir,
821 4448 848 4487 ί.
