2993 4837
40 222 204 315 'toll
254 250 276 312 l
770 272 851 316 1)ss
895 275 951 315 s.
1008 273 1203 316 naam
1252 271 1414 316 vitto.
1469 272 1545 315 ffl·
1596 272 1785 315 ustus.
2381 254 2464 316 33

40 353 266 420 laria:
301 352 720 441 «Supplicia
781 375 957 439 quae
1001 353 1305 433 minaris,
1353 376 1473 421 nec
1526 353 1714 442 longi
1754 354 2104 441 temporiS,
2155 376 2277 421 nec
2323 356 2554 442 gravis

70 440 270 509 doloris
307 456 487 508 sunt.
543 445 815 522 Quaeso
882 463 1088 531 erg0‚
1152 465 1233 511 ne
1292 442 1571 512 differas
1629 463 1806 529 quae
1864 441 2150 511 moliris.
2208 443 2550 512 Christum

72 529 273 597 habeo:
309 528 455 597 ideo
508 529 685 597 nillil
735 534 1024 599 timeo.»
2599 596 2608 605 .

133 622 280 699 58.
326 623 511 686 Tunc
551 619 764 707 jussu
815 618 1150 689 Praesidis
1200 619 1543 708 applicata
1601 619 1983 697 tormentis,
2045 619 2550 688 miserationem

70 709 253 794 populi
288 720 534 776 tantam
573 709 823 797 adepta
858 720 981 787 est,
1036 721 1111 777 ut
1154 706 1492 797 lacrymae
1541 729 1817 794 quoque
1851 730 1887 775 a
1945 708 2558 777 circumstantibus

68 795 477 864 funderentur.
532 801 671 864 Nec
705 819 916 877 mora,
951 795 1251 866 clamore
1284 817 1559 865 summo
1597 799 1786 865 venia
1842 795 2087 883 virgini
2131 797 2552 884 postulatur:

70 885 155 951 sed
184 884 827 971 crudelitasjudicis
867 885 1246 955 accelerare
1297 898 1630 954 tormenta
1686 885 2056 953 mandavit.
2117 890 2191 953 Et
2242 909 2397 955 ecce
2459 908 2560 954 se-

68 972 247 1039 cunda
294 995 404 1041 vox
449 975 715 1061 populi,
761 975 1109 1062 judicium
1162 974 1502 1043 Praesidis
1548 975 1972 1063 castigantis,
2012 975 2321 1063 emergit.
2364 975 2556 1044 Voci-

70 1058 258 1129 feratio
286 1084 576 1147 namque
630 1086 769 1132 una
809 1086 977 1151 pene
1008 1075 1150 1131 erat
1186 1063 1392 1132 totius
1437 1085 1752 1143 coronae,
1809 1063 2063 1151 injuste
2107 1063 2385 1131 lacerari
2425 1064 2556 1131 vir-

70 1150 249 1237 ginem
294 1152 694 1220 crudelitate
732 1152 1020 1240 judicis,
1065 1174 1191 1222 non
1246 1152 1449 1240 culpa
1510 1152 1889 1240 peccantis:
1930 1153 2039 1239 agi
2101 1152 2558 1241 contra0leges

73 1240 274 1315 omnia,
324 1260 441 1307 nec
487 1242 861 1327 aequitatis
902 1243 1057 1329 jura
1096 1242 1376 1309 servari.
1417 1245 1710 1328 Stupens
1748 1262 1901 1307 vero
1957 1246 2250 1317 l'raeses,
2291 1255 2354 1309 et
2389 1262 2556 1310 sono

78 1328 204 1393 tanti
241 1328 551 1398 clamoris
584 1330 878 1398 adactus
902 1331 1193 1418 (quippe
1240 1331 1355 1415 qui
1393 1342 1657 1417 praeter
1699 1330 2074 1397 humanam
2118 1352 2370 1408 vocem,
2410 1330 2551 1419 ipsa

75 1417 231 1483 etiarn
278 1433 569 1505 putasset
623 1432 797 1487 tecta
842 1419 1213 1505 corruere),
1274 1440 1421 1487 mox
1481 1418 1762 1487 Mariam
1840 1416 2120 1486 relaxari
2192 1419 2552 1507 praecepit.

75 1508 223 1572 Tunc
248 1509 483 1575 servari
533 1530 686 1574 eam
726 1509 861 1577 sub
895 1508 1204 1575 custodia
1261 1507 1467 1574 libera
1530 1511 1806 1575 Praeses
1852 1508 2075 1594 jubet;
2118 1508 2319 1576 Maria
2375 1508 2560 1575 virro

77 1592 235 1681 signo
270 1595 513 1663 Domini
568 1619 642 1663 se
684 1596 1001 1673 munivit,
1054 1610 1117 1664 et
1170 1594 1404 1663 levatis
1450 1595 1534 1663 ad
1589 1594 1852 1664 coelum
1907 1597 2147 1676 oculis,
2209 1610 2355 1685 post
2405 1619 2472 1664 re
2510 1597 2562 1663 i—

78 1694 224 1749 ctum
261 1683 538 1752 tribunal
583 1685 806 1753 oravit
854 1684 935 1752 ad
996 1686 1397 1763 Dominum,
1459 1684 1762 1770 viditque
1818 1686 2032 1753 aciem
2099 1686 2554 1775 Angelorum,

79 1781 130 1835 et
167 1769 640 1841 multitudinem
687 1787 1114 1847 sanctorum,
1169 1789 1370 1861 atque
1411 1773 1654 1842 Filium
1711 1773 1815 1841 Dei
1869 1774 2213 1842 sedentem
2266 1774 2347 1841 ad
2402 1775 2563 1842 dex-

85 1868 247 1927 teram
296 1863 512 1929 Patris.
559 1863 743 1931 Hinc
795 1875 980 1930 tanta
1015 1862 1241 1930 subito
1298 1862 1756 1952 gratulatione
1800 1862 2067 1950 perfusa
2118 1876 2240 1943 est,
2297 1876 2371 1931 ut
2415 1863 2559 1951 jam

40 1950 512 2035 ;separadisuin
571 1952 960 2040 ingressam
1016 1965 1301 2040 putaret.

40 2062 43 2081 *
153 2036 285 2125 ξεί.
331 2040 404 2107 Hi
446 2062 635 2115 vero,
688 2041 807 2125 qui
857 2062 1003 2107 eam
1060 2038 1427 2129 fugientem
1470 2038 2080 2127 persequebantur,
2135 2041 2363 2109 subito
2423 2054 2566 2108 stu-

40 2148 43 2159 '
100 2140 251 2221 littere
287 2127 535 2197 virtute.
606 2130 729 2197 Sed
773 2129 889 2197 ubi
951 2126 1063 2195 illa
1116 2153 1186 2197 se
1221 2128 1717 2196 circumdatam
1772 2151 1806 2195 a
1856 2130 2424 2216 persequentibus
2473 2128 2565 2195 vi-

40 2256 43 2285 t
110 2204 201 2307 disp?
232 2211 603 2313 lacrymans
643 2218 965 2286 clamavit
1011 2217 1092 2285 ad
1161 2218 1569 2286 Dominum:
1624 2240 1658 2283 «
1692 2221 1780 2286 Ne
1848 2219 2240 2306 permittas,
2299 2218 2560 2303 inquit,

114 2298 513 2384 &mastradi
575 2305 900 2374 ancillam
944 2321 1149 2387 tuam,
1187 2321 1251 2373 et
1288 2306 1569 2373 lacerari
1625 2306 1949 2374 manibus
2004 2307 2400 2393 impiorum:
2447 2306 2561 2373 sed

40 2423 43 2432 ·
120 2390 884 2490 osletidetnisericordiam
926 2408 1148 2463 tuam:
1203 2396 1335 2464 cito
1368 2394 1614 2464 exaudi
1670 2394 1993 2464 ancillam
2042 2408 2254 2475 tuam,
2286 2394 2560 2475 exaudi,

118 2476 325 2579 Dymae
360 2489 479 2555 Rex
514 2486 908 2554 coelestis.»
949 2490 1017 2552 Et
1044 2482 1209 2553 dum
1250 2486 1335 2552 ita
1372 2486 1612 2564 oravit,
1672 2499 1880 2573 petra,
1920 2506 2098 2571 quae
2138 2500 2294 2553 ante
2332 2483 2569 2554 oculos

112 2585 237 2666 ‘2¹¹⁸
260 2574 519 2652 Jfloebat.
590 2576 876 2642 Domino
915 2575 1248 2660 jubente,
1308 2574 1635 2660 patefacta
1669 2627 1683 2651 ,
1740 2574 1982 2642 rimam
2059 2573 2378 2663 perfugii,
2432 2596 2564 2660 qua

54 2719 65 2732 .
110 2669 260 2743 711·Ηο
294 2664 753 2748 susciperetur,
791 2662 1109 2740 ostendit,
1142 2677 1206 2731 et
1239 2663 1321 2729 ad
1364 2664 1580 2731 instar
1613 2661 2060 2744 dulcissimae
2113 2665 2425 2743 nutricis,
2468 2661 2565 2731 vel

110 2757 261 2818 ‘ime
298 2755 501 2822 matris
539 2807 558 2830 ,
619 2770 806 2819 motu
868 2751 1166 2835 quodam
1243 2751 1512 2819 anxiam
1573 2749 2014 2839 amplexatiS,
2068 2775 2140 2820 se
2213 2753 2564 2842 praebuit:

114 2847 328 2936 mque
363 2858 682 2927 suscepta
730 2840 1013 2930 virgine,
1066 2839 1275 2908 latera
1311 2855 1467 2909 ante
1511 2856 1740 2927 aperta
1792 2839 2152 2909 conclusit.
2221 2845 2362 2911 Hoc
2410 2863 2566 2909 cum

116 2924 380 3023 qni-fines
428 2929 887 3016 perviderent,
939 2931 1170 2997 omnia
1227 2928 1365 2997 loca
1425 2943 1651 3016 petrae
1703 2927 1890 2997 illius
1931 2933 2325 3017 perscrutati
2381 2941 2566 3008 suut,

108 3010 272 3082 muln
306 3034 521 3107 erepta
578 3018 808 3086 subito
878 3017 1125 3106 praeda
1176 3039 1250 3086 ex
1307 3017 1529 3086 oculis
1581 3017 1895 3087 latitaret.
1951 3017 2049 3087 Ibi
2125 3019 2573 3087 adhaerentes

44 3115 47 3196 2
102 3101 419 3174 exuviarum
475 3105 832 3191 reliquias,
865 3118 931 3174 et
977 3106 1172 3174 affixa
1227 3127 1385 3173 saxo
1439 3107 1723 3174 vestium
1772 3106 1978 3184 frusta
2018 3106 2566 3197 deprehendunt,

44 3201 47 3318 Ι
101 3196 255 3270 alque
284 3193 657 3265 incredibili
709 3209 985 3282 stupore
1038 3193 1333 3270 confusi,
1403 3196 1700 3263 Praesidi
1767 3214 1952 3286 gesta
2004 3213 2567 3265 commemorant.

100 3271 192 3342 ttte
218 3300 345 3351 vero
383 3287 627 3367 partim
686 3285 807 3362 ira,
848 3283 1092 3370 partim
1130 3284 1586 3352 admiratione
1633 3302 2041 3360 commotus,
2088 3286 2298 3373 jussit
2353 3284 2576 3352 l'liilo-

100 3382 250 3465 eonio
280 3372 628 3462 principali
689 3374 1177 3443 veronensium
1231 3374 1546 3450 civitatis,
1594 3387 1669 3442 ut
1716 3373 1798 3440 ad
1858 3373 2276 3461 praedictum
2347 3371 2571 3439 locum

98 3444 326 3548 festinus
351 3464 648 3532 accedat.
684 3475 748 3528 et
786 3461 868 3529 od
904 3462 1288 3531 eruendum
1322 3461 1617 3549 lapidem
1659 3463 2094 3531 innumeram
2129 3485 2360 3531 secum
2404 3459 2574 3528 mul-

100 3541 392 3618 titudinem
426 3551 658 3619 ducat.
701 3551 936 3619 Statim
980 3551 1185 3640 igitur
1239 3551 1594 3639 praeconis
1644 3572 1799 3620 voce
1852 3551 2151 3640 populus
2200 3571 2577 3639 congrega-

100 3636 200 3730 lut:
231 3637 341 3716 Qui
380 3641 490 3707 ubi
548 3640 846 3726 primum
886 3638 968 3706 ad
1028 3640 1449 3728 praedictum
1509 3639 1730 3708 locum
1776 3663 1932 3709 cum
1987 3663 2090 3718 eo,
2143 3638 2256 3707 cui
2307 3661 2578 3707 summa

101 3710 263 3819 httjtts
287 3729 501 3813 operis
553 3728 769 3797 suerat
803 3732 1177 3815 assignata,
1239 3729 1562 3816 pervenit,
1609 3751 1755 3795 mox
1813 3731 2088 3812 injicere
2144 3751 2423 3796 manum
2485 3727 2582 3797 la·

104 3806 210 3888 ptd1
253 3823 682 3896 tentaverunt.
737 3817 869 3886 sed*
903 3819 1128 3884 statim
1201 3821 1287 3884 ab
1346 3819 1616 3885 Oriente
1668 3815 1892 3905 fulgor
1938 3817 2132 3884 riiuiii
2195 3816 2584 3904 splendoris

101 3911 315 3968 exortus
340 3920 457 3972 est.
499 3910 631 3974 Nec
682 3928 891 3983 mora,
932 3907 1306 3975 tonitruum
1345 3923 1408 3973 et
1451 3905 1680 3994 fragor
1712 3906 2022 3990 quidam,
2064 3921 2138 3974 ut
2173 3919 2586 3991 putarentur

104 3999 292 4057 cuncta
334 3999 671 4062 corruere.
727 3996 961 4062 Statim
1020 4012 1191 4062 terra
1242 4017 1576 4062 concussa
1615 4008 1739 4075 est,
1792 4007 1854 4061 et
1910 3996 2214 4061 nutantia
2265 3996 2577 4063 omnium

104 4088 356 4147 corruere
390 4084 693 4168 vestigia.
740 4086 904 4150 Ecce.
944 4099 1169 4152 autem
1204 4083 1345 4152 duo
1375 4084 1661 4166 equites,
1714 4101 1962 4169 magno
2015 4080 2275 4170 fulgore
2314 4086 2587 4152 radian-

110 4164 252 4238 lesa
280 4171 534 4239 coelesti
574 4170 732 4238 suile
772 4171 1134 4248 venientes,
1176 4188 1387 4240 terras
1440 4169 1661 4236 volatu
1717 4171 1929 4237 nimio
1968 4183 2237 4255 petunt:
2285 4194 2581 4257 quorum

112 4247 302 4411 &3¹:3le
331 4258 509 4329 frena
539 4276 603 4327 et
633 4259 855 4328 omnis
905 4277 1188 4329 ornatus
1223 4260 1306 4329 ad
1349 4260 1568 4327 instar
1602 4258 2078 4348 lampadarum
2116 4259 2392 4329 coelesti
2432 4263 2591 4348 igne

116 4352 260 4408 tuta
306 4361 438 4416 ant.

231 4463 445 4524 Sul-ius
474 4495 497 4510 ·
540 4464 711 4526 Vitae
738 4464 837 4527 SS.
877 4497 902 4510 ·
936 4464 1065 4527 Vol.
1097 4463 1196 4525 xl.
2401 4461 2438 4520 3
