2993 4837
547 286 673 351 630
1286 304 1364 352 m:
1411 303 1467 352 s.
1522 301 1895 352 comitante
1943 302 2183 350 Annus
2608 276 2753 340 NOV.
2787 275 2836 337 3⁴

457 388 797 465 traheret,
860 388 1055 476 ajunt
1102 386 1242 455 illi:
1304 410 1339 454 «
1394 388 1459 458 Si
1512 387 1758 457 Christi
1806 386 2067 457 famulo
2129 385 2492 456 columbano
2545 388 2849 475 praesen-uf

459 488 666 556 retur,
703 475 891 545 illius
943 475 1262 564 precibus
1313 496 1510 566 posse
1558 498 1717 546 eum
1769 475 2003 546 lumen
2057 476 2371 565 recipere.
2401 498 2428 539 »
2461 468 2568 540 llle
2610 486 2852 565 promissi

456 565 768 635 muneris
816 562 950 633 fide
1001 565 1334 645 munitus,
1391 587 1710 655 surgens,
1746 585 1983 635 eorum
2042 587 2200 635 cum
2253 563 2412 634 duce
2434 578 2606 629 uxore
2650 567 2850 653 vestiga

455 675 527 722 se
577 654 787 722 uitur.
845 651 966 722 Ubi
1018 652 1100 720 ad
1163 666 1477 723 sanctum
1534 653 2037 723 columbanum
2091 664 2366 722 ventum
2415 661 2506 728 est,
2546 651 2852 715 Potenttnus

456 743 524 810 in
583 743 779 811 icavit
827 742 887 810 ei
935 742 1306 811 exhibitam
1361 743 1533 831 ipsis
1583 741 2113 842 hospitalitatem
2167 764 2203 811 a
2258 736 2604 831 peregrinis.
2637 731 2848 802 Necdum

456 830 657 899 verba
690 830 981 911 finierat,
1016 851 1174 899 cum
1210 851 1456 900 caecus
1489 845 1638 900 orat
1668 853 1892 902 virum
1938 831 2070 911 Dei,
2103 843 2180 900 ut
2213 831 2360 900 suis
2394 825 2660 919 precibus
2700 822 2854 889 lumen

454 918 586 988 sibi
629 920 963 989 restituat.
1025 919 1267 988 videns
1317 918 1432 987 ille
1474 920 1778 989 hominis
1830 919 2060 1001 fidem,
2115 941 2357 989 omnes
2395 928 2568 1006 rogat,
2615 922 2687 980 ut
2733 922 2859 978 orem

455 1029 578 1097 pro
610 1028 834 1085 caeco,
878 1007 1280 1097 primusque
1311 1008 1433 1076 diu
1485 1008 1684 1077 humi
1733 1020 2113 1099 prostratus
2156 1009 2399 1098 jacuit.
2448 1003 2578 1075 Inde
2621 1017 2856 1095 surgetis.
2913 1066 2914 1073 ,

456 1117 668 1164 manu
714 1096 950 1166 oculos
1001 1096 1266 1186 attigit,
1324 1097 1802 1185 impressoque
1866 1098 2065 1183 signo
2115 1098 2396 1177 Crucis,
2449 1095 2644 1164 lumen
2708 1085 2858 1185 red-ut.
2913 1116 2914 1125 κ

454 1189 694 1254 Laetus
727 1184 837 1253 ille
887 1186 1169 1254 domum
1225 1198 1502 1265 remeat,
1545 1198 1617 1254 ut
1656 1186 1771 1273 qui
1812 1187 1881 1254 in
1920 1185 2225 1277 hospites
2261 1185 2522 1256 interius
2560 1180 2757 1248 lumen
2793 1194 2856 1242 tn·

455 1274 783 1351 tenderat,
834 1273 1147 1342 exteriori
1197 1295 1332 1341 non
1383 1286 1666 1344 careret.
1726 1274 1979 1343 Deinde
2045 1274 2247 1343 turba
2307 1274 2712 1347 obsessorum,
2752 1283 2859 1365 911ᾳὲ

453 1360 824 1431 daemones
873 1361 1214 1431 horrendo
1272 1363 1498 1431 furore
1548 1363 1978 1449 torquebant,
2033 1363 2116 1432 ad
2171 1364 2392 1433 virum
2447 1360 2540 1430 Dei
2581 1366 2854 1427 curationis

454 1450 673 1537 gratia
706 1464 1095 1541 properant,
1133 1462 1197 1519 et
1248 1451 1538 1520 Domino
1588 1452 1876 1521 salutem
1931 1450 2286 1542 largiente,
2330 1471 2547 1521 omnes
2580 1470 2611 1516 a
2654 1445 2856 1512 vitoni

452 1551 806 1609 curantur.
843 1540 963 1609 His
1017 1539 1382 1609 virtutibus
1430 1541 1628 1610 urbis
1679 1540 1978 1631 populus
2027 1554 2404 1631 permotus,
2454 1539 2580 1606 viro
2621 1535 2717 1603 Dei
2753 1529 2854 1600 clam

454 1627 773 1697 meritum
818 1626 1258 1718 impendebat
1296 1628 1648 1698 honorem.
1688 1634 1827 1698 Non
1872 1629 2053 1698 enim
2096 1628 2320 1719 palam
2366 1640 2616 1720 propter
2643 1619 2859 1693 custodes

448 1716 818 1803 quicquam
852 1717 913 1784 ei
952 1716 1275 1805 praebere
1302 1716 1671 1800 audebant,
1708 1740 1792 1787 ne
1829 1718 2030 1807 Regis
2070 1718 2242 1786 iram
2276 1719 2693 1788 incurrerent.
2715 1716 2859 1779 Postea

450 1804 551 1873 illi
594 1818 864 1895 arrepto
908 1817 1201 1895 pergunt
1239 1806 1503 1875 itinere.

540 1896 576 1980 ἓ
625 1899 766 1967 15.
822 1894 1228 1985 Navigantes
1278 1907 1503 1964 autem
1566 1915 1688 1984 per
1742 1896 1809 1964 Li
1864 1895 2059 1973 erim,
2110 1895 2192 1964 ad
2247 1901 2686 1964 'turonensem
2727 1903 2864 1983 pert*

450 1982 653 2052 niunt
700 1983 965 2059 urbem,
1003 1982 1122 2052 ubi
1167 1983 1270 2050 vir
1299 1997 1581 2052 sanctus
1610 1995 1806 2053 custo
1859 2005 1932 2052 es
1972 1984 2408 2072 precabatur,
2461 1997 2556 2061 ut,
2605 1978 2858 2071 scapham

449 2084 719 2159 portum
771 2071 1088 2161 appulsa,
1128 2071 1429 2142 sinerent
1478 2072 1708 2160 ipsum
1752 2073 1850 2140 ire
1896 2072 1979 2141 ad
2029 2072 2205 2141 beati
2262 2073 2530 2142 Martini
2573 2067 2860 2139 confessoris

448 2159 871 2249 sepulcrum.
935 2159 1257 2229 Abnuunt
1315 2159 1659 2239 custodes,
1713 2173 1964 2250 urgent
2012 2162 2331 2250 remiges,
2387 2173 2461 2229 ut
2505 2158 2695 2229 celeri
2741 2170 2856 2247 eursu

449 2262 721 2336 portum
761 2249 1180 2336 praeternavi
1236 2261 1371 2317 ent:
1411 2249 1502 2316 im
1560 2262 1752 2317 erant
1785 2249 2253 2337 gubernatori,
2296 2260 2370 2319 ut
2405 2250 2711 2339 scapham
2733 2242 2858 2312 medtt

448 2337 735 2406 flumine
784 2336 1055 2428 dirigat.
1096 2338 1165 2406 vi
1221 2359 1343 2405 ens
1394 2337 1458 2405 id
1561 2350 1753 2406 eatus
1802 2338 2296 2418 columbanus,
2345 2351 2671 2408 moestum
2703 2332 2856 2402 vultum

446 2426 528 2494 ad
573 2426 837 2496 coelum
875 2427 1098 2517 erigit,
1137 2429 1449 2526 queritur
1501 2440 1685 2495 tanto
1721 2449 1792 2495 se
1844 2449 2148 2498 moerore
2183 2427 2387 2506 affici,
2426 2442 2500 2496 ut
2548 2449 2663 2497 nec
2706 2433 2858 2493 sanctii·

452 2537 601 2583 rum
670 2513 984 2604 sepulcra
1036 2516 1330 2584 invisere
1385 2517 1842 2605 permittatur.
1898 2521 1972 2586 At
2018 2517 2287 2586 cunctis
2352 2516 2491 2585 illis
2551 2511 2853 2605 urgentibus,

447 2624 602 2672 mox
652 2618 725 2672 ut
774 2617 1007 2673 contra
1046 2616 1317 2693 portum
1372 2615 1649 2673 ventum
1700 2617 1824 2685 est,
1867 2605 2049 2674 velut
2096 2605 2516 2692 quibusdam
2568 2604 2768 2673 defixis
2801 2617 2858 2664 an·

447 2693 650 2771 coriS,
699 2692 954 2781 scapha
987 2704 1164 2762 stare
1197 2695 1443 2782 coepit,
1484 2707 1548 2761 et
1588 2693 1673 2762 ad
1713 2705 1979 2782 portum
2018 2715 2290 2783 proram
2336 2694 2646 2785 dirigere.
2675 2697 2858 2771 Cumque

443 2779 763 2850 custodes
810 2780 1080 2850 obstare
1129 2803 1262 2850 non
1325 2782 1667 2858 valerent,
1733 2783 1924 2850 inviti
1991 2782 2364 2872 scapham,
2428 2804 2564 2870 quo
2631 2780 2761 2850 velit
2802 2777 2854 2841 irt-

448 2869 708 2937 sinunt.
780 2869 945 2939 Miro
1009 2870 1222 2959 igitur
1282 2870 1484 2941 modo
1532 2892 1568 2939 e
1621 2870 1844 2939 medio
1898 2871 2212 2940 fluminis
2263 2883 2481 2940 tractu
2556 2871 2631 2940 ad
2735 2880 2856 2936 ortum

447 2955 675 3025 volatu
711 2959 1084 3048 pennigero
1124 2958 1446 3038 defertur,
1492 2973 1906 3047 portumque
1938 2971 2230 3048 recepta,
2273 2960 2376 3029 vir
2421 2961 2530 3028 Dei
2570 2982 2682 3049 pan
2732 2957 2854 3024 ititer.

448 3044 568 3115 Ille
614 3046 869 3134 gratias
916 3048 1060 3135 agit
1105 3060 1380 3117 aeterno
1425 3049 1635 3137 Regi,
1690 3048 1812 3134 qui
1869 3049 2084 3119 servis
2132 3048 2278 3116 suis
2326 3049 2764 3138 obtemperare
2793 3058 2856 3107 Ποῦ

444 3134 875 3292 dedignetur.
917 3141 1247 3226 Egressus
1281 3148 1510 3205 autem
1546 3157 1582 3204 e
1616 3136 1898 3226 scapha,
1935 3137 2018 3205 ad
2070 3136 2468 3225 sepulcrum
2509 3136 2669 3206 beati
2698 3131 2856 3203 Marum

446 3245 605 3293 acce
659 3224 730 3303 it,
773 3235 1045 3311 totaque
1094 3238 1290 3294 nocte
1339 3224 1478 3293 illic
1531 3225 1596 3292 in
1641 3226 1947 3295 oratione
1994 3225 2307 3294 excubat.
2355 3225 2760 3295 illucescente
2785 3237 2858 3285 vem

447 3312 580 3394 die,
634 3335 673 3382 a
722 3314 1048 3403 Leopario
1102 3314 1300 3383 urbis
1356 3313 1692 3403 Episcopo
1742 3314 2068 3383 invitatus
2115 3312 2199 3382 ad
2252 3313 2641 3403 prandium,
2687 3315 2758 3381 ire
2795 3325 2856 3375 non

445 3403 710 3482 abnuit,
758 3402 1155 3491 praesertim
1207 3403 1295 3472 ob
1336 3401 1620 3471 fratrum
1674 3424 1957 3472 suorum
2017 3402 2373 3489 requiem:
2421 3412 2858 3488 moratusque&

444 3489 555 3560 die
586 3504 685 3562 est
731 3512 887 3559 cum
941 3490 1059 3560 illo
1102 3491 1445 3580 pontifice.
1502 3491 1626 3573 Qui
1678 3512 1837 3559 cum
1884 3490 2050 3561 hora
2101 3491 2492 3560 resectionis
2538 3491 2617 3561 ad
2661 3503 2854 3558 mensam

444 3600 600 3646 cum
651 3600 730 3648 eo
768 3579 1111 3659 resideret,
1152 3579 1656 3658 sciscitabatur,
1694 3601 1819 3648 cur
1856 3579 1939 3647 ad
1996 3580 2287 3669 patriam
2326 3579 2678 3669 repedaret.
2703 3585 2756 3648 At
2783 3574 2852 3642 ine:

442 3689 476 3730 «
530 3669 752 3747 Canis,
811 3668 1056 3754 inquit,
1112 3667 1574 3737 'theodoricus
1610 3689 1718 3736 me
1757 3690 1798 3736 a
1845 3668 2175 3737 fratribus
2226 3669 2398 3737 meis
2447 3669 2674 3760 abegit.
2707 3670 2853 3733 »Tum

440 3776 626 3823 unus
674 3777 709 3824 e
757 3757 1107 3836 convivis,
1170 3755 1644 3826 chrodoaldus
1696 3757 2010 3837 nomine,
2068 3757 2271 3846 cujus
2337 3758 2460 3825 etsi
2531 3759 2736 3846 conjux
2779 3759 2852 3820 erat

436 3844 647 3913 amita
696 3845 1086 3915 Teodeberti
1151 3846 1353 3935 Regis
1384 3900 1399 3926 ,
1462 3857 1530 3913 at
1569 3844 1803 3913 ‘tamen
1859 3845 2278 3915 Theodorico
2338 3847 2507 3936 Regi
2555 3847 2674 3936 ipse
2720 3838 2851 3912 fidelis
2901 3929 2902 3932 Ἴ

436 3946 602 4014 erat,
650 3933 792 4002 viro
844 3935 951 4003 Dei
1005 3934 1250 4003 humili
1305 3954 1465 4003 voce
1515 3932 1906 4021 respondit,
1953 3934 2172 4004 satius
2219 3932 2320 4002 illi
2369 3955 2520 4003 esse
2568 3934 2652 4004 lac
2690 3944 2845 4021 potare,
2901 3941 2902 3950 ’

436 4042 643 4108 quam
696 4022 1168 4111 absynthium.
1213 4027 1288 4090 Et
1339 4023 1439 4088 vir
1481 4022 1631 4090 Dei:
1673 4045 1709 4087 «
1762 4023 2015 4101 Sentio,
2070 4023 2321 4108 inquit,
2365 4037 2427 4091 te
2466 4025 2618 4113 Regi
2659 4016 2848 4112 Thetide·

442 4111 581 4180 rico
638 4110 928 4180 foederis
975 4110 1179 4180 fidem
1253 4131 1524 4181 servare
1583 4110 1773 4180 velle.
1822 4133 1858 4177 »
1911 4110 2290 4201 Respondit
2339 4110 2477 4190 ille,
2517 4133 2604 4192 se,
2647 4104 2844 4197 quandiu

440 4200 679 4297 possit,
729 4199 956 4269 datam
1018 4199 1223 4269 fidem
1290 4199 1838 4269 observaturum.
1908 4204 2174 4270 Rursus
2226 4196 2327 4268 irir
2377 4200 2536 4268 Dei:
2586 4223 2614 4266 α
2651 4199 2698 4268 Si
2730 4212 2839 4281 ergo.

440 4288 685 4372 inquit,
726 4289 889 4378 Regi
941 4288 1359 4359 Theodorico
1407 4287 1769 4357 devinctus
1832 4309 1903 4357 es
1968 4287 2259 4368 foedere,
2322 4290 2546 4358 amico
2588 4283 2840 4358 etdtimino
2899 4291 2900 4294 ’

441 4385 554 4441 tuo
605 4372 854 4443 laetum
908 4398 987 4444 ex
1038 4399 1145 4446 me
1198 4376 1530 4446 nuncium
1581 4377 2005 4465 apportabis,
2060 4376 2388 4464 dicesque
2436 4377 2522 4456 ei,
2569 4389 2620 4446 et
2655 4375 2775 4443 illum
2799 4381 2836 4429 θ(
