2993 4837
25 318 182 393 ΠΝ.
235 320 310 383 13
865 337 941 381 nr:
991 337 1042 383 s.
1100 334 1327 382 musteo
1375 335 1668 383 conr-ass.
2317 318 2444 382 443

140 421 646 490 viobedientiae
683 421 877 510 jugo,
945 425 1075 490 Deo
1128 421 1441 489 securius
1488 433 1553 488 et
1592 418 2014 488 fructuosius
2071 419 2394 499 serviret,
2462 421 2532 489 in

107 523 268 579 rtum
317 509 719 600 seraphicae
746 515 811 578 S.
847 509 1189 578 Francisci
1234 509 1612 599 Religionis
1637 506 1969 598 confugit,
2008 529 2298 594 eamque
2325 530 2536 597 prope

105 600 369 669 rdubam
410 600 476 668 in
512 612 857 669 conventu
906 598 990 666 de
1036 598 1363 681 Arrixafa,
1400 609 1475 667 ut
1523 610 1789 677 vocant,
1841 617 2045 683 quem
2098 602 2365 666 Fratres
2414 598 2537 666 Mi-

107 711 219 769 reS,
270 690 384 775 qui
438 711 631 757 nunc
700 688 784 756 de
845 688 1290 756 Observantia
1355 687 1839 767 nominantur,
1894 685 2229 767 incolunt,
2314 687 2537 756 verbis

99 778 327 864 pressis
359 789 459 847 est
497 777 873 866 professus.
925 777 1049 845 Hic
1089 777 1233 865 jam
1277 776 1530 845 athleta
1579 775 1825 844 Christi
1861 774 2373 862 amplissimum
2406 776 2535 843 vir·

35 942 36 949 ¹
97 880 220 934 tum
255 866 553 936 stadium
600 867 977 955 ingressus,
1036 876 1389 952 tamquam
1439 864 1854 934 obliviscens
1876 884 2054 949 quae
2089 876 2266 934 retro
2314 876 2533 945 erant,

33 954 178 1023 etad
211 976 279 1023 ea
326 977 502 1041 quae
537 970 705 1024 sunt
753 954 978 1043 priora
1029 974 1100 1023 se
1147 953 1539 1033 extendenS,
1597 953 1820 1042 coepit
1868 953 2057 1021 omni
2105 954 2540 1021 contentione

35 1043 296 1132 ‚eorporis
329 1055 394 1112 et
434 1045 728 1133 spiritus
771 1044 1109 1132 persequi,
1164 1042 1398 1113 divina
1444 1044 1667 1132 gratia
1716 1042 2167 1141 suffragante,
2219 1042 2538 1111 bravlum

37 1150 328 1218 supernae
373 1133 779 1202 vocationis
846 1136 1131 1200 Summa
1179 1136 1346 1201 cura
1403 1147 1467 1201 et
1517 1130 1875 1220 diligentia
1942 1153 2009 1198 in
2063 1130 2364 1220 Regulae
2413 1131 2539 1199 ob-

35 1222 369 1291 ‘servatione
400 1224 830 1302 versabatur,
861 1242 1068 1307 quam
1107 1221 1175 1288 in
1210 1222 1398 1289 omni
1449 1220 1583 1288 vita
1616 1232 1849 1290 sancte
1877 1218 2048 1287 adeo
2079 1220 2540 1305 inviolateque

39 1311 305 1390 servavit,
353 1324 429 1380 ut
464 1313 618 1401 ipse
657 1310 726 1378 in
753 1310 1022 1379 cunctis
1063 1309 1403 1398 religiosis
1429 1308 1900 1379 functionibus
1930 1321 1995 1377 et
2024 1308 2269 1379 officiis
2304 1309 2540 1377 vivens

37 1398 327 1484 quaedam
378 1412 445 1468 et
491 1420 816 1489 expressa
859 1398 1094 1488 regula
1125 1420 1272 1467 esse
1323 1398 1685 1468 videretur.

39 1514 48 1545 ι
106 1489 248 1573 §4
300 1493 374 1557 In
425 1490 680 1578 primis
729 1510 904 1567 vem,
961 1488 1124 1573 quia
1165 1487 1723 1575 sapientissimus
1776 1489 2190 1556 architectus
2246 1485 2542 1574 Spiritus

39 1574 289 1647 sanctus
327 1578 632 1646 sublime
669 1576 1002 1667 regularis
1034 1575 1469 1666 perfectionis
1499 1576 1892 1645 aedificium
1934 1576 1999 1642 in
2043 1596 2122 1644 eo
2159 1575 2535 1653 extruebat,

41 1661 408 1737 altissimum
485 1666 902 1736 humilitatis
965 1665 1492 1734 fundamentum
1537 1666 1749 1752 jecit,
1801 1677 1866 1733 et
1912 1677 1990 1733 ut
2055 1663 2363 1754 prudens
2425 1662 2543 1731 ille

40 1753 387 1823 oedificator
447 1757 517 1823 in
574 1755 938 1843 Evangelio
990 1754 1342 1832 laudatus,
1417 1753 1587 1822 fodit
1647 1755 1716 1823 in
1766 1752 1982 1823 altum
2047 1766 2113 1821 et
2159 1752 2545 1821 aedificavit

41 1836 277 1919 flomum
328 1866 541 1934 super
580 1857 863 1931 petram:
929 1842 1098 1911 nihil
1158 1843 1291 1911 sibi
1341 1843 1675 1922 tribuenS,
1736 1842 1910 1910 nulli
1958 1863 2030 1910 se
2077 1853 2539 1931 anteponens,

41 1932 150 2014 Quo
190 1932 375 2021 plura
427 1957 465 2001 a
497 1939 633 2002 Deo
671 1932 1073 2021 accipiebat,
1113 1954 1192 2000 eo
1231 1931 1605 2000 demissius
1641 1953 1711 2000 sc
1744 1952 2011 2019 gerens.
2054 1935 2288 2015 Itaque
2315 1930 2546 1999 nullae

41 2012 441 2090 bntationum
497 2022 878 2111 procellae,
943 2021 1116 2089 nulli
1175 2020 1541 2109 superbiae
1594 2032 1659 2088 et
1723 2018 1948 2087 inanis
2011 2018 2268 2106 gloriae
2317 2019 2539 2097 venti,

43 2107 234 2176 sullae
269 2111 529 2181 diaboli
585 2111 1126 2179 machinationes
1167 2109 1450 2178 domum
1489 2108 1680 2177 illam
1713 2120 1846 2175 tam.
1882 2106 2154 2196 egregie
2182 2106 2540 2175 fundatam

40 2194 268 2265 *novere
319 2214 438 2269 aut
507 2199 914 2268 labefactare
987 2211 1377 2286 potuerunt.
1447 2197 1895 2286 Superiorum
1957 2208 2023 2265 et
2085 2195 2542 2284 praelatorum

51 2286 320 2356 mandata
357 2302 422 2357 et
471 2290 676 2377 Jussa
730 2290 911 2357 tanta
966 2286 1353 2356 obedientia
1404 2299 1728 2372 tantaque
1775 2284 2125 2354 alacritate
2170 2284 2547 2370 exequeba-

37 2376 252 2452 »tunae
289 2379 342 2448 si
395 2383 610 2447 Deum
663 2378 730 2445 in
785 2378 884 2446 eis
927 2375 1312 2462 loquentem
1365 2374 1762 2447 audivisset.
1818 2378 2134 2444 Sanctam
2189 2384 2551 2464 pauperta-

41 2467 152 2558 ¹⁰!ss
185 2469 441 2535 Domini
480 2467 592 2536 sui
631 2489 953 2555 sponsam
1008 2466 1464 2547 carissimam,
1503 2487 1709 2552 quam
1758 2464 2285 2553 diligentissime
2325 2473 2551 2531 custo·

35 2499 257 2633 hiebat,
320 2557 554 2624 omnia
606 2557 975 2625 arbitratus
1025 2568 1099 2624 ut
1148 2567 1483 2634 stercora,
1539 2569 1616 2623 ut
1682 2553 2023 2623 Christum
2093 2550 2545 2620 lucrifaceret.

36 2637 309 2734 ¹illumque
359 2651 651 2714 Satanae
682 2645 969 2714 astutias
1036 2665 1166 2712 non
1227 2645 1595 2732 ignoraret,
1650 2641 1764 2712 sed
1818 2642 2073 2731 optime
2144 2640 2554 2729 intelligeret

35 2726 556 2802 *infensissimum
618 2734 901 2802 humani
963 2732 1232 2822 generis
1295 2732 1765 2802 adversarium
1802 2786 1816 2809 ‚
1884 2743 2233 2816 tamquam
2289 2729 2549 2797 leonem

33 2813 316 2910 'rabidum
349 2835 413 2890 et
464 2823 847 2911 rugientem
885 2822 1032 2889 dies
1082 2834 1447 2904 noctesque
1479 2820 1798 2899 circuire,
1851 2833 1925 2888 ut
1959 2818 2200 2887 Christi
2246 2817 2554 2886 oviculas

53 2901 325 2977 dilaceret
362 2934 442 2979 ac
493 2911 789 2991 devoret,
828 2931 1184 2996 nunquam
1248 2911 1382 2979 otio
1431 2920 1552 2978 aut
1582 2909 1834 2996 torpori
1873 2931 1943 2976 se
1991 2907 2221 2987 dabat,
2262 2907 2377 2976 sed
2418 2920 2554 2975 sta-

51 2986 139 3058 bat
177 3001 564 3068 succinctus
600 2998 873 3068 lumbos
909 3020 1070 3068 suos
1104 2999 1171 3065 in
1212 2999 1511 3079 veritate,
1569 2997 1854 3065 indutus
1904 2997 2183 3065 loricam
2216 2996 2549 3083 justitiae,

53 3080 206 3165 galea
239 3087 479 3157 salutis
518 3092 895 3176 assumpta,
933 3102 998 3156 et
1038 3098 1230 3156 scuto
1279 3088 1439 3156 fidei
1489 3098 1760 3172 arrepto
1813 3088 1877 3152 in
1929 3106 2066 3169 quo
2114 3087 2346 3152 omnia
2400 3107 2556 3172 pos-

29 3180 127 3236 -set
167 3173 366 3262 ignita
416 3177 825 3263 nequissimi
877 3176 1092 3245 hostis
1124 3176 1251 3245 tela
1302 3176 1723 3266 extinguere.
1762 3179 2023 3260 Corpus
2072 3173 2284 3261 igitur
2313 3185 2376 3239 et
2406 3195 2557 3241 car-

25 3275 177 3327 *nem
224 3285 409 3333 suam
485 3266 873 3334 illecebram
930 3266 1189 3355 peccati
1249 3264 1509 3344 labore,
1556 3263 1843 3351 jejuniis
1899 3260 2036 3329 sere
2083 3261 2434 3329 continuis
2495 3271 2560 3329 et

54 3344 301 3436 flagellis
346 3355 727 3444 castigabat
760 3367 825 3424 et
873 3355 940 3422 in
994 3355 1384 3423 servitutem
1436 3352 1808 3442 redigebat,
1860 3349 2228 3438 praecipue
2264 3371 2421 3416 vero
2471 3348 2555 3416 ad

23 3437 342 3534 excelsam
396 3444 588 3512 illam
631 3465 853 3512 arcem
907 3442 1368 3531 confugiebat,
1422 3464 1560 3528 qua
1610 3440 1803 3509 nulla
1854 3439 2115 3517 fortior,
2162 3438 2349 3506 nulla
2405 3459 2560 3505 mu-

23 3536 257 3606 1ῐιιῑιοῐ·,
315 3532 440 3600 boc
494 3545 597 3600 est
644 3532 727 3600 ad
779 3545 1053 3601 sanctae
1110 3531 1442 3600 orationis
1519 3529 1991 3618 praesidium;
2055 3528 2256 3614 cujus
2306 3526 2436 3594 alis
2489 3527 2559 3594 in

55 3611 279 3683 coelum
335 3619 724 3706 frequenter
773 3620 1109 3700 sublatuS,
1167 3634 1591 3688 terrenorum
1647 3618 1928 3696 oblituS,
1982 3615 2395 3684 suavissimo
2450 3617 2561 3685 Dei

56 3699 351 3790 colloquio
382 3709 761 3778 fruebatur.

127 3792 278 3890 §.⁸5-
329 3802 401 3866 In
454 3821 532 3866 ea
569 3800 779 3887 igitur
812 3798 1044 3866 schola
1090 3797 1422 3866 divinitus
1470 3794 1785 3865 eruditus
1828 3796 1951 3874 vir,
1992 3792 2299 3880 alioquin
2362 3790 2563 3878 plane

64 3878 224 3948 rudis
266 3897 326 3953 et
373 3887 749 3956 litterarum
803 3888 1090 3955 minime
1143 3886 1390 3965 sciens,
1454 3882 1947 3952 admirandum
2001 3883 2069 3950 in
2136 3880 2413 3949 modum
2480 3881 2565 3950 de

64 3965 231 4065 rebus
273 3974 521 4044 divinis
573 3975 999 4061 loquebatur,
1057 3995 1441 4060 sensusque
1491 3974 1823 4042 mirificos
1936 3972 2292 4044 roferebat,
2352 3969 2441 4036 ita
2492 3981 2567 4039 ut

65 4070 160 4150 Vtri
203 4063 683 4142 eruditissimi,
736 4065 856 4150 qui
905 4065 972 4131 in
1027 4086 1259 4132 sacrae
1323 4062 1703 4151 theologiae
1752 4073 1862 4128 stu
1919 4061 2001 4128 iis
2065 4072 2349 4127 aetatem
2403 4079 2568 4125 con-

66 4148 364 4228 tttverant,
397 4174 832 4242 summopere
861 4153 1443 4242 obstupescerent;
1482 4150 1797 4235 illudque
1835 4148 2203 4216 memoriae
2240 4144 2563 4213 traditum

69 4242 239 4302 estet
283 4244 462 4329 gravi
503 4242 887 4311 testimonio
935 4242 1484 4330 comprobatum,
1526 4239 1762 4307 doctos
1812 4250 1876 4304 et
1926 4236 2074 4323 pios
2124 4235 2330 4311 νίτοε,
2404 4255 2566 4301 cum

70 4316 373 4398 abstrusas
406 4343 469 4400 et
505 4330 941 4417 perdifficiles
975 4329 1429 4415 quaestiones,
1471 4327 1554 4395 ad
1596 4349 1702 4395 res
1733 4324 2005 4393 divinas
2034 4324 2573 4406 animarumque

75 4406 312 4484 salutem
367 4420 801 4507 pertinenteS,
848 4441 1005 4488 cum
1058 4439 1137 4486 eo
1185 4415 1614 4485 familiariter
1679 4412 2298 4487 communicarent,
2366 4407 2431 4474 id
2483 4409 2573 4476 ab

2770 4417 2847 4472 f.
