2993 4837
16 331 167 405 lov.
216 330 241 393 1
694 313 800 392 'aa
845 346 900 392 s.
951 343 1271 391 [tacuero
1319 345 1417 390 ar.
1473 343 1794 391 marsim.
2356 326 2443 391 29

36 435 141 503 loco
179 432 500 502 beneficia
549 429 789 500 divina
834 428 1178 510 concludi,
1231 429 1401 497 dum
1442 428 1624 516 quod
1669 429 2040 519 praecessit
2091 428 2427 498 Dominus
2459 428 2555 514 in

32 521 292 601 Galilaea,
330 519 445 589 ille
475 519 814 589 successit
850 520 919 587 in
957 517 1199 588 Gallia.
1237 518 1339 587 lbi
1388 518 1473 586 ad
1532 517 1912 608 nuptialem
1971 539 2281 587 mensam
2337 517 2535 585 Chri-

16 626 138 681 stus
164 632 363 697 aquas
411 609 616 678 vertit
651 610 717 677 in
769 609 965 677 vina:
1023 607 1167 688 hic,
1219 628 1398 693 quae
1445 606 1532 675 ad
1587 629 1894 676 mensam
1954 607 2204 677 Christi
2256 605 2533 676 suffice-

22 715 162 779 rent,
210 720 369 767 nova
414 698 581 766 vina
615 698 911 786 sumpsit
940 695 1178 765 altare.
1217 695 1397 765 lllud
1444 697 1818 785 praecessit
1861 697 2368 785 tempore,‚hoc
2421 695 2535 765 ho·

26 811 174 857 nore.
220 793 373 857 Nam
416 800 587 856 tunc
632 786 815 874 quod
868 785 1209 855 dederunt
1256 807 1371 854 sex
1420 785 1735 874 hydriae,
1780 785 1891 854 bic
1941 807 2159 855 unum
2204 798 2270 854 et
2319 783 2534 853 modi·

24 899 153 945 cum
188 898 294 945 vas
336 875 657 966 explevit.
696 875 822 944 Sed
869 890 1029 945 tunc
1055 875 1299 956 effecit,
1339 888 1417 944 ut
1443 898 1515 945 se
1558 875 1889 944 Dominus
1939 874 2278 964 proderet:
2318 893 2528 957 nunc,

28 981 85 1034 ut
120 965 428 1035 famulum
484 986 624 1033 non
672 964 944 1033 celaret.

95 1056 236 1140 ξεί.
285 1054 655 1122 Veniamus
707 1054 792 1122 ad
845 1051 1017 1121 illud
1082 1051 1502 1131 miraculum
1537 1107 1552 1132 ,
1619 1052 2004 1122 secundum
2058 1053 2338 1134 ordine,
2395 1076 2533 1124 non

30 1144 260 1212 honore.
302 1147 538 1229 Itaque
586 1164 743 1212 cum
800 1143 902 1210 vir
956 1142 1441 1211 sanctissimus
1488 1140 1789 1227 quadam
1843 1142 1987 1209 vice
2026 1162 2105 1209 ex
2160 1142 2270 1211 sui
2319 1145 2533 1213 officii

30 1231 321 1310 servitute,
371 1253 624 1318 aquam
681 1231 1005 1301 manibus
1054 1230 1427 1299 venerabili
1481 1235 1529 1298 E
1585 1231 1818 1320 iscopo
1916 1231 2318 1313 orrexisset,
2378 1254 2533 1303 mox

35 1320 165 1389 inde
214 1321 510 1390 balsama
579 1332 954 1411 coeperunt
1001 1318 1346 1409 fragrare:
1401 1330 1465 1387 et
1566 1341 1681 1389 um
1746 1342 1837 1389 un
1895 1341 1933 1388 a
2004 1334 2333 1403 curreret,
2388 1322 2535 1391 visa

35 1423 165 1477 sunt
198 1410 563 1479 chrismata
615 1409 977 1499 respirare,
1015 1421 1089 1478 ut
1140 1430 1310 1498 pene
1362 1408 1662 1497 pontifex
1715 1407 2022 1478 crederet
2070 1430 2234 1478 suas
2286 1433 2537 1480 manus

36 1519 121 1565 ma
168 1496 214 1567 's
254 1519 530 1589 ungere,
561 1520 771 1585 quam
816 1498 1065 1579 lavare,
1119 1511 1182 1568 et
1208 1496 1458 1566 alteras
1482 1518 1701 1586 aquas
1737 1513 2127 1583 quaereret,
2167 1510 2243 1567 ut
2278 1500 2537 1588 priores

34 1608 107 1653 un
150 1608 217 1656 as
257 1588 582 1657 ablueret.
638 1592 785 1669 Quo
832 1587 1016 1667 vi50‚
1083 1586 1403 1656 sacerdos
1452 1586 1934 1656 venerabiliter
1988 1588 2529 1677 obstupescenS,

34 1678 140 1743 Deo
180 1677 412 1765 gratias
458 1676 547 1744 de
586 1690 937 1765 comperto
990 1698 1274 1745 munere
1324 1675 1578 1757 retulit,
1632 1687 1699 1744 et
1749 1676 1943 1746 beato
1992 1676 2308 1746 Marcello
2347 1700 2537 1747 reve-

38 1764 277 1832 rentiam
309 1766 371 1832 in
425 1764 760 1855 religione
809 1766 1122 1844 servavit,
1177 1765 1344 1834 dum
1397 1786 1557 1834 eum
1614 1786 1748 1832 non
1786 1765 2015 1845 talem,
2062 1765 2180 1852 qui
2221 1767 2529 1846 serviret,

16 1850 129 1935 ,sed
162 1852 365 1941 potius
408 1854 523 1923 cui
584 1854 974 1932 serviretur,
1027 1854 1328 1943 agnovit.
1388 1853 1580 1923 Unde
1627 1854 1785 1940 quis
1836 1867 2101 1923 tantum
2167 1854 2536 1924 subdiaco-

16 1952 172 2019 {num
212 1942 664 2011 admiraretur
693 1942 1053 2030 condigne,
1095 1944 1163 2010 in
1215 1943 1417 2031 cujus
1454 1942 1731 2011 dextera
1755 1964 1834 2010 ex
1874 1965 2052 2028 aqua
2087 1943 2345 2013 [iebant
2377 1945 2534 2013 vina

16 2027 408 2113 jahatsama,
458 2044 527 2100 et
590 2030 934 2099 undarum
1035 2030 1208 2098 allor
1254 2044 1371 2099 aut
1429 2031 1498 2098 in
1570 2026 1888 2100 ruborem
1940 2053 2315 2100 conversus
2376 2046 2524 2113 est,

16 2120 19 2211 ξ
50 2132 141 2187 ant
169 2119 415 2189 odorem
444 2123 476 2188 τ
504 2125 668 2188 Jam
722 2132 882 2187 tunc
935 2117 975 2187 il
1018 2119 1071 2188 is
1120 2119 1720 2209 praefigurabatur
1743 2119 2019 2187 indiciis
2053 2118 2330 2189 futurus
2362 2143 2533 2208 pon-

16 2252 19 2255 1
61 2202 626 2300 Qquidignus
655 2220 831 2277 esset
877 2207 1179 2276 chrisma
1229 2220 1541 2277 tractare.
1597 2207 1723 2277 Sed
1770 2231 1929 2277 curn
1983 2208 2214 2277 adhuc
2249 2208 2539 2278 subdia-

62 2297 591 2367 mhausisset
636 2296 942 2365 chrisma
995 2296 1079 2364 de
1120 2297 1430 2377 flumine,
1489 2298 1732 2366 merito
1779 2296 2038 2387 dignus
2084 2310 2252 2378 erat,
2309 2312 2387 2367 ut
2435 2298 2538 2367 fa-

68 2386 507 2467 ctuumerdos,
564 2386 693 2456 hoc
744 2385 1159 2457 sacrificaret
1205 2386 1273 2455 in
1327 2383 1530 2454 sonte.

136 2476 181 2552 ἓ
204 2477 275 2545 Β,
311 2474 469 2546 lllud
524 2496 804 2562 quoque
843 2475 1243 2562 mysterium
1283 2475 1546 2543 reticeri
1592 2496 1724 2543 non
1761 2474 1985 2555 debet,
2027 2475 2208 2562 quod
2266 2475 2538 2564 proficit

16 2593 19 2652 3
62 2557 337 2631 auditori:
384 2566 552 2652 quia
599 2564 685 2632 de
736 2565 973 2654 paucis
1004 2618 1018 2643 ,
1085 2585 1262 2650 quae
1311 2564 1642 2632 memoria
1709 2564 2151 2645 recoluntur,
2204 2564 2537 2652 quicquid

16 2671 19 2716 ε
58 2645 281 2749 dictum
322 2672 432 2723 non
478 2653 720 2731 fuerit,
791 2665 910 2722 aut
958 2652 1251 2721 invideri
1305 2651 1653 2731 creditur,
1718 2666 1838 2721 aut
1884 2655 2255 2722 contemni.
2323 2655 2542 2744 Igitur

16 2737 293 2821 :quidam
335 2742 655 2824 ἀρτίους,
710 2741 1084 2811 Mintucius
1140 2741 1457 2818 nomine,
1515 2762 1856 2809 annorum
1923 2743 2195 2812 circiter
2253 2743 2485 2810 decem
2522 2798 2537 2821 ‚

16 2841 19 2856 ²
58 2837 283 2984 Ψ
318 2832 764 2901 suavissimae
802 2832 988 2900 vocis
1027 2829 1596 2909 tintinnabulum,
1649 2843 1714 2898 et
1761 2830 2155 2900 dulcedinis
2199 2853 2540 2932 organum

61 2911 131 2980 de
204 2935 311 2987 nce
339 2921 709 3009 prolatum,
741 2921 904 3006 quia
935 2919 1379 3008 contingebat
1408 2918 1679 2986 animos
1720 2919 1956 3008 populi
1992 2919 2343 3001 delectari,
2379 2941 2538 2988 cum

16 3005 19 3048 ³
59 3020 385 3091 repoecussa
416 3011 488 3078 in
546 3009 861 3087 auribus,
907 3008 1104 3077 solita
1164 3021 1229 3076 et
1268 3007 1558 3076 auribus
1621 3005 1971 3076 blandiri:
2022 3010 2267 3097 jussus
2316 3028 2417 3077 est
2457 3010 2545 3076 ab

49 3091 478 3187 archidiacono
530 3098 884 3166 teneritate
934 3095 1267 3165 melliflua
1322 3095 1712 3164 decantare.
1769 3101 1917 3177 Quo
1959 3097 2157 3179 sactO,
2198 3097 2545 3188 praecepit

16 3199 231 3278 ttpsum
269 3207 557 3271 puerum
610 3185 990 3275 Episcopus
1028 3184 1363 3273 flagellari
1406 3185 1493 3253 ob
1545 3184 1695 3264 hoc,
1733 3186 1896 3272 quia
1925 3186 2218 3255 alterum
2242 3188 2545 3276 jusserat

16 3290 157 3356 {lpse
176 3287 459 3344 cantare.
494 3280 736 3360 Itaque
760 3274 928 3342 dum
971 3273 1261 3342 clericus
1285 3272 1619 3354 caeditur,
1653 3276 2032 3364 Episcopus
2072 3276 2312 3365 lingua
2341 3275 2537 3342 dam-

16 3371 227 3454 [natur.
272 3367 412 3433 Mox
440 3364 632 3433 enim
682 3384 759 3431 ut
803 3362 1064 3431 clamor
1112 3361 1503 3451 vapulantis
1535 3362 1602 3431 in
1653 3384 1890 3432 aurem
1923 3364 2177 3441 sonuit,
2234 3385 2359 3432 vox
2387 3364 2539 3449 ejus

16 3445 104 3542 *ab
127 3469 231 3519 ore
262 3451 619 3521 discessit:
663 3465 731 3520 et
758 3472 927 3519 novo
966 3448 1306 3540 praedone
1339 3473 1588 3520 sonum
1619 3452 1987 3540 captivavit
2039 3453 2386 3553 pontificis
2422 3473 2545 3520 vox

42 3535 303 3608 infantis.
355 3541 486 3610 Sed
534 3540 594 3610 si
644 3561 854 3610 causa
902 3539 1061 3609 facti
1113 3540 1509 3627 requiritur,
1554 3562 1681 3609 cur
1723 3541 2110 3630 contigerit,
2166 3541 2540 3610 invenitur.

40 3623 300 3715 Denique
342 3631 465 3716 qui
516 3650 809 3718 puerum
858 3640 1136 3698 cantare
1178 3629 1553 3717 probibuit,
1600 3628 1879 3719 pertulit
1915 3631 2098 3701 vocis
2148 3629 2542 3719 dispendia,

38 3713 169 3796 quia
207 3718 486 3787 vocibus
536 3717 901 3787 invidebat.
958 3718 1080 3787 Cui
1111 3739 1273 3807 ergo
1315 3739 1449 3787 non
1495 3730 1689 3787 nocet
1751 3718 2037 3799 invidia,
2103 3720 2159 3787 si
2207 3720 2546 3807 Episcopo

42 3817 149 3871 non
178 3808 475 3962 {epercit
498 3805 797 3875 vindicta
815 3818 841 3873 'l
874 3805 1065 3876 Unde
1103 3806 1286 3893 quod
1322 3807 1482 3893 quis
1521 3807 1585 3874 in
1623 3806 1837 3876 altero
1872 3808 2101 3877 videre
2134 3830 2268 3876 nou
2320 3808 2539 3897 cupit,

42 3908 148 3959 non
234 3895 502 3965 abebit:
538 3898 755 3964 immo
806 3894 931 3964 hoc
970 3896 1104 3964 sibi
1139 3895 1380 3985 perdit,
1413 3895 1596 3983 quod
1633 3895 1808 3965 alios
1857 3895 2108 3966 habere
2161 3918 2292 3965 non
2326 3909 2540 3985 optat.

42 3979 239 4072 timuis
279 3984 467 4053 enim
513 3984 636 4071 qui
683 3983 880 4053 alteri
921 3984 1193 4074 lapsum
1248 3998 1465 4074 parat,
1520 3984 1663 4070 jam
1718 3985 1989 4064 cecidit,
2051 3998 2116 4053 et
2176 3999 2547 4073 antequam

44 4065 283 4170 mducat
314 4073 385 4140 in
430 4073 776 4160 laqueum,
810 4086 1075 4142 tenetur
1106 4074 1254 4162 ipse
1292 4074 1680 4163 captivante
1718 4085 1993 4162 peccato
2044 4072 2321 4162 ligatus.
2377 4080 2551 4144 Tum

50 4169 227 4247 magis
255 4160 313 4228 si
368 4162 694 4249 proficere
742 4162 1079 4242 volumus,
1136 4162 1433 4231 aliorum
1485 4160 1856 4249 profectus,
1905 4174 2174 4230 nostros
2207 4183 2357 4232 esse
2403 4185 2552 4232 cre-

48 4238 275 4317 damus.
328 4254 566 4337 Itaque
614 4250 791 4319 idem
843 4251 1161 4320 sacerdos
1219 4272 1340 4340 per
1387 4249 1697 4319 triduum
1727 4305 1742 4331 ‚
1801 4250 1927 4319 etsi
1976 4250 2380 4319 ambulabat
2430 4273 2555 4339 per

54 4337 326 4422 compita,
388 4351 610 4408 tamen
652 4339 924 4428 jacebat
975 4339 1212 4428 lingua
1262 4337 1557 4427 sepulta.
1596 4344 1738 4408 Non
1773 4339 1957 4408 enim
2012 4360 2227 4407 sonus
2289 4352 2554 4427 poterat

60 4435 411 4507 repercussa
445 4427 649 4517 palati
690 4451 962 4498 camera
997 4427 1352 4507 resultare,
1398 4448 1520 4495 nec
1571 4428 1748 4498 intra
1796 4450 2030 4518 sepem
2070 4427 2381 4497 dentium
2431 4447 2557 4495 vox
