2993 4837
68 317 238 384 NOV.
294 319 339 381 8
744 335 823 379 ns
872 334 926 380 s.
981 333 1332 382 eonarmno
1380 334 1477 380 er.
1534 333 1917 381 mmmmm
2385 318 2510 382 343

68 422 186 488 sibi
226 422 402 508 facit
444 419 666 508 (Prov.
706 418 827 507 Jx):
883 419 1230 488 submisso
1261 418 1507 507 capite,
1549 418 2032 509 depressisque
2070 418 2481 498 luminibus,
2514 420 2594 488 ad

73 507 399 598 templum
452 529 602 576 mox
652 506 878 585 rediit,
919 529 1076 576 cum
1132 508 1374 577 timore
1421 522 1484 576 et
1516 508 1770 597 gaudio
1806 507 2100 597 spiritali
2135 508 2381 578 festum
2418 509 2596 577 diem

72 618 419 687 peragens.
457 597 681 684 Hujus
722 596 823 664 rei
873 597 940 664 in
973 618 1053 665 eo
1088 598 1506 666 monasterio
1543 596 1878 684 hodieque
1911 597 1989 665 fit
2029 597 2285 666 mentio
2317 610 2382 667 et
2418 620 2602 666 com-

70 687 498 755 memoratio:
552 688 623 753 in
666 707 805 772 quo
840 707 1027 753 nunc
1062 686 1280 775 gratia
1320 686 1455 765 Dei,
1496 698 2033 772 sanctorumque
2072 686 2213 755 illic
2244 687 2602 773 quiescen—

71 776 227 843 tium
290 775 808 853 intercessione,
868 787 932 842 et
980 773 1267 843 fratrum
1320 774 1574 856 labore,
1643 774 2022 844 monastica
2084 775 2454 866 disciplina
2502 775 2600 844 vel

70 863 359 932 maxime
407 863 608 953 viget.
880 928 884 933 .

147 955 182 1039 ξ
228 958 364 1025 11.
404 957 766 1038 Postquam
812 964 1039 1019 autem
1079 950 1488 1020 Godefridus
1520 951 1845 1038 quintum
1885 964 1948 1020 et
1983 952 2383 1022 vicesimum
2424 966 2604 1023 aeta-

73 1043 149 1109 tis
192 1042 484 1109 excessit
529 1062 821 1121 annum,
880 1038 1104 1108 Abbas
1150 1040 1301 1130 ejus
1350 1041 1726 1110 sanctitate.
1764 1041 2396 1130 permotustvoluit
2443 1064 2602 1111 eum

74 1129 442 1199 sacerdotio
489 1129 774 1198 initiari.
811 1133 887 1196 At
938 1127 1054 1197 ille
1102 1151 1173 1197 se
1212 1127 1294 1197 ad
1353 1128 1504 1213 ejus
1565 1129 1771 1218 pedes
1825 1128 2086 1215 abjicit,
2133 1130 2247 1198 flet
2298 1129 2398 1198 lar
2450 1131 2596 1211 iter,

74 1240 185 1287 nee
232 1231 307 1287 ut
348 1219 659 1307 plerique
709 1218 950 1297 solent,
1006 1217 1230 1286 verbis
1266 1216 1467 1297 fictis,
1506 1219 1622 1288 sed
1674 1218 1760 1287 ab
1810 1218 2052 1286 intimo
2100 1219 2317 1287 animi
2357 1242 2392 1286 a
2449 1232 2606 1288 ectu

76 1309 426 1395 expressi5‚
457 1309 662 1377 etiam
706 1305 999 1384 lectoris,
1031 1306 1284 1374 nedum
1340 1307 1735 1387 sacerdotiS‚
1781 1328 2066 1376 munere
2116 1329 2186 1377 se
2236 1307 2604 1397 indignum

80 1396 462 1484 proclamat.
505 1397 629 1465 Sed
684 1407 911 1464 tamen
954 1395 1175 1486 pergit
1222 1395 1467 1475 Abbas‚
1495 1396 1693 1483 jubet
1742 1394 2185 1465 Godefridum
2236 1396 2317 1464 ad
2368 1398 2606 1466 Novio—

80 1506 367 1553 mensem
405 1486 439 1521 ²*
469 1484 725 1554 adduci
774 1483 1172 1564 Ecclesiam,
1208 1485 1319 1552 cui
1365 1495 1508 1553 tum
1561 1485 1942 1574 Episcopus
1993 1484 2360 1554 Racbodus
2411 1508 2604 1575 prae-

77 1573 358 1654 sidebat,
425 1575 525 1643 vir
572 1595 737 1642 sane
785 1572 1251 1643 doctissimus.
1319 1573 1440 1640 Cui
1487 1573 1613 1641 etsi
1666 1572 2069 1643 Godefridus
2117 1586 2182 1642 et
2237 1585 2440 1645 notus
2489 1575 2606 1644 ad-

80 1661 372 1743 modum,
411 1676 475 1731 et
520 1684 725 1732 carus
772 1673 971 1742 esset,
1010 1674 1078 1730 at
1128 1660 1584 1729 nihilominus
1634 1661 1908 1749 perfecti
1962 1663 2282 1732 monaehi
2335 1668 2605 1750 Deoque

79 1750 252 1841 digni
302 1752 443 1821 vita
487 1764 552 1820 et
602 1772 825 1819 mores
880 1750 940 1818 ei
993 1750 1409 1818 indicantur.
1448 1754 1684 1836 Itaque
1727 1749 1923 1818 illum
1967 1751 2051 1819 ad
2092 1774 2161 1820 se
2194 1754 2602 1822 accersitum

80 1841 443 1938 Episcopus
490 1840 931 1927 amplectitur
984 1851 1048 1908 et
1101 1836 1584 1919 deosculatur,
1642 1839 2119 1926 loculentoque
2182 1862 2498 1910 sermone
2568 1863 2604 1911 e

84 1927 312 1997 divinis
360 1929 732 2017 scripturis
778 1929 972 1997 docet
1016 1939 1081 1997 et
1139 1926 1457 2005 ostendit,
1513 1927 1824 1997 subditos
1882 1928 2026 1997 suis
2078 1929 2435 2017 praefectis
2533 1952 2607 2000 er

84 2018 290 2087 omnia
340 2017 626 2087 obedire
672 2017 941 2086 debere.
999 2016 1246 2085 Deinde
1298 2016 1488 2085 nulla
1540 2016 1891 2103 interjecta
1938 2038 2150 2096 mora,
2194 2018 2465 2087 Godefri
2523 2041 2606 2088 us

88 2105 383 2177 sacerdos
432 2106 816 2185 ordinatur,
850 2107 998 2194 ipso
1033 2104 1346 2194 praesule
1393 2104 1769 2174 admodum
1828 2104 2194 2187 exultante,
2251 2107 2427 2193 quod
2483 2131 2607 2177 suo

92 2194 452 2264 ministerio
482 2195 549 2263 id
603 2196 671 2262 in
724 2206 908 2263 tanto
948 2195 1092 2262 viro
1125 2207 1302 2263 esset
1347 2194 1689 2263 effectum.
1731 2192 1854 2263 Ille
1903 2216 2057 2263 vero
2106 2210 2446 2280 quantum
2487 2218 2606 2264 au-

200 2296 351 2354 atur
390 2284 648 2374 gradus
681 2283 1036 2373 dignitate,
1068 2296 1330 2352 tanturn
1367 2295 1432 2351 et
1466 2283 1712 2352 virtute
1745 2296 1810 2352 et
1840 2284 2196 2352 sanctitate
2230 2285 2598 2354 crescebat.

163 2374 502 2444 stissimae
549 2372 723 2442 vitae
769 2371 922 2459 ejus
970 2371 1200 2451 fama,
1261 2393 1392 2440 non
1462 2370 1684 2441 solum
1749 2372 1814 2441 in
1871 2373 2138 2454 vicina,
2211 2372 2326 2442 sed
2401 2375 2604 2444 etiam

88 2476 318 2532 remota
361 2462 516 2532 loca
565 2485 635 2531 se
684 2461 1137 2531 diffundebat.
1187 2462 1528 2550 Optabant
1565 2484 1805 2530 omnes
1852 2483 2008 2531 eum
2075 2463 2324 2532 habere
2374 2476 2607 2551 pasto-

88 2567 233 2619 rem.
271 2553 442 2635 Quis
491 2551 677 2620 enim
730 2573 863 2619 non
902 2571 1338 2639 summopere
1369 2563 1716 2651 appeteret
1758 2549 1946 2619 illius
1984 2551 2242 2620 erudiri
2281 2552 2608 2642 magiste-

36 2647 39 2656 Γ
90 2637 197 2716 ri0,
228 2641 448 2709 imbui
503 2639 862 2720 institutiS,
900 2639 1084 2707 felici
1119 2640 1617 2728 gubernatione
1651 2640 1905 2728 dirigi?

162 2731 385 2813 §12
445 2729 929 2798 Monasterium
1004 2728 1439 2798 beatissimae
1503 2729 1733 2797 Matris
1794 2730 1938 2808 Dei,
2009 2729 2190 2816 quod
2256 2730 2608 2819 Novigenti

94 2817 416 2902 praeclare
465 2830 851 2887 extructum
888 2829 1011 2898 est,
1052 2839 1173 2906 per
1221 2816 1287 2884 id
1340 2829 1614 2906 tempus
1653 2818 1739 2886 ab
1776 2817 2066 2887 Henrico
2105 2819 2358 2889 Abbate
2389 2819 2609 2888 sancti

94 2906 259 2973 Remi
318 2908 365 2976 ii
415 2906 847 2984 RhemensiS‚
902 2905 1544 2975 administrabatur.
1597 2911 1801 2975 Porro
1838 2908 2340 3007 Ingelrammus
2376 2913 2611 2977 Comes

95 2930 325 3063 casteffi
391 2995 667 3072 Cociati,
717 3008 906 3084 pater
953 2995 1250 3064 Tliomae
1300 2995 1647 3084 imprimis
1687 3010 1948 3064 strenui
2022 2997 2282 3076 militis,
2324 3009 2388 3066 et
2429 2997 2612 3065 Heli-

99 3082 341 3154 naudus
378 3083 653 3174 praesul
694 3084 1172 3153 Laudunensis
1200 3083 1309 3164 *Ἴ
1334 3105 1491 3151 cum
1533 3083 1858 3163 viderent,
1901 3104 2120 3169 neque
2153 3084 2605 3173 spiritalibus,

100 3187 290 3256 neque
358 3173 657 3243 externis
733 3173 973 3250 boniS,
1040 3185 1373 3258 quantum
1450 3172 1584 3261 ipsi
1636 3171 1926 3251 vellent,
1983 3170 2154 3239 illud
2207 3174 2469 3262 augeri,
2526 3174 2611 3242 ab

96 3258 365 3330 Henrico
414 3262 667 3331 Abbate
720 3261 989 3350 magnis
1033 3261 1353 3349 precibus
1386 3260 1909 3340 contenderunt,
1950 3271 2024 3327 ut
2062 3270 2181 3328 aut
2219 3262 2612 3330 accuratius

96 3344 178 3424 id,
208 3345 413 3434 quam
467 3351 800 3419 hactenus
864 3348 1176 3429 fecisset,
1233 3349 1667 3427 instauraret,
1714 3360 1832 3417 aut
1879 3347 1965 3415 ab
2017 3347 2135 3416 illo
2205 3370 2274 3416 se
2333 3371 2614 3437 prorsus

96 3453 468 3508 removeret.
509 3444 591 3508 Se
624 3439 805 3506 enim
860 3437 1041 3506 nolle
1090 3436 1392 3527 amplius
1438 3438 1590 3526 ejus
1638 3436 1810 3506 ferre
1858 3436 2286 3517 detrimenta,
2317 3459 2612 3524 quorum

95 3525 303 3595 studio
349 3541 413 3598 et
460 3527 814 3597 beneficiis
863 3527 1225 3595 fundatum
1277 3538 1473 3594 esset.
1529 3524 1651 3593 Ille
1701 3541 2049 3614 vero‘tum
2103 3524 2386 3594 adversa
2437 3526 2615 3593 vale-

95 3613 336 3696 tudine,
391 3630 534 3685 tum
586 3617 1123 3708 ingravescente
1149 3627 1365 3683 aetate
1410 3615 1503 3681 im
1560 3614 1732 3682 ediri
1783 3636 1854 3684 se
1903 3615 2245 3695 sentienS‚
2300 3636 2436 3701 quo
2489 3614 2617 3681 mi-

98 3720 217 3771 nus
284 3718 625 3792 praestare
667 3717 893 3792 posset
941 3705 1036 3782 id,
1092 3703 1272 3791 quod
1326 3703 1426 3771 exi
1483 3637 1749 3784 ellatur,
1807 3703 2090 3771 liberam
2142 3704 2241 3773 eis
2307 3703 2617 3791 permisit

98 3793 372 3872 pastoris
407 3793 704 3884 eligendi
748 3793 1167 3862 facultatem.
1215 3797 1363 3861 Mox
1402 3725 1505 3860 illi
1546 3794 2054 3861 communicato
2086 3814 2243 3861 cum
2283 3789 2618 3861 Rainaldo

100 3878 495 3951 Rliemorum
549 3883 1098 3973 ArchiepiscopO,
1153 3881 1576 3967 caeterisque
1632 3882 1988 3982 Episcopis
2027 3880 2350 3961 consilio,
2405 3879 2617 3950 Gode-

101 3962 257 4036 frido
289 3970 417 4040 hoc
449 3992 629 4040 onus
669 3970 1166 4061 imponendum
1209 3969 1562 4038 communi
1610 3981 1947 4040 sententia
1980 3970 2382 4039 decernunt.
2423 3974 2618 4037 Com-

103 4069 267 4139 perta
317 4059 498 4128 enim
549 4061 648 4129 eis
695 4072 839 4130 erat
886 4060 1267 4148 integritas,
1322 4059 1541 4128 virtus
1586 4068 1651 4126 et
1705 4058 2038 4127 modestia
2078 4059 2252 4148 ejus.
2310 4057 2621 4127 Refertur

103 4156 304 4214 autem
341 4148 565 4217 isthuc
613 4149 814 4218 etiam
868 4149 951 4217 ad
1005 4148 1401 4237 Philippum
1438 4152 1856 4215 Francorum
1894 4152 2171 4237 Regem:
2222 4147 2416 4233 isque
2451 4146 2618 4215 tanti

108 4230 215 4328 viri
247 4234 573 4304 electione
622 4238 788 4306 mire
844 4236 1226 4328 gratulanS,
1271 4257 1408 4304 rem
1447 4235 1647 4324 jubet
1695 4235 2083 4315 accelerari,
2126 4236 2359 4304 missis
2414 4233 2618 4302 etiam

109 4314 327 4392 litteris
374 4324 525 4391 suis
562 4325 641 4393 ad
685 4325 1125 4396 Godefridum
1166 4325 1485 4394 Abbatem
1539 4324 1790 4393 montis
1841 4330 1906 4395 S.
1955 4324 2312 4407 Quintini,
2367 4322 2622 4409 quibus

154 4444 179 4468 '
203 4445 390 4488 Sotaeaons
419 4445 617 4489 scilieet.
1410 4451 1460 4476 ⁸¹⁸
1491 4448 1607 4491 Gall.
1641 4451 1776 4490 Leon.

2649 4491 2720 4534 „t
