2993 4837
547 352 672 416 6⁴2
1138 368 1214 412 nn
1264 368 1317 412 s.
1378 367 1724 414 unewanno
1773 370 1869 412 m).
1928 365 2324 413 attonsa-:nst
2663 347 2812 412 NOV.
2847 348 2944 427 ΞΟ1

548 459 583 537 3·
636 458 724 522 2.
766 450 1188 520 Venerabilis
1238 450 1449 541 igitur
1482 450 1807 520 dominus
1856 451 2170 540 Osdagus
2221 452 2618 540 EpiscopuS,
2655 460 2944 536 magnum

460 538 624 628 quid
668 538 978 609 futurum
1014 539 1080 607 in
1129 538 1246 608 illo
1297 539 1724 629 praevidens,
1766 540 2179 609 Exorcistam
2229 562 2386 608 eum
2438 539 2774 617 ordinavit,
2808 536 2918 606 dili·

462 630 735 717 gentius
786 649 894 696 me
939 628 1329 708 exhortans,
1368 628 1572 697 etiam
1609 642 1812 715 atque
1844 628 2050 697 etiam
2090 650 2330 698 curam
2368 628 2558 697 illius
2586 638 2658 696 ut
2687 647 2915 716 agerem.

462 718 916 799 Quamobrem
970 717 1195 797 illum,
1245 717 1589 786 interdum
1644 718 1713 786 in
1749 717 2100 787 servitium
2153 716 2419 785 domini
2469 716 2772 806 Episcopi
2793 729 2920 783 extra

464 807 956 876 monasterium
1019 804 1398 886 excedens,
1467 828 1733 875 mecum
1803 806 2141 875 ducebam
2180 861 2195 886 ,
2250 819 2326 874 ut
2376 804 2566 874 illius
2614 804 2921 894 ingenium.

462 894 642 982 quod
674 894 743 962 in
780 893 1221 964 multitudine
1247 895 1670 995 epheborum
1705 894 2118 973 discernere,
2153 907 2358 981 atquc
2390 894 2473 963 ad
2508 907 2728 962 votum
2759 913 2926 959 meum

462 984 805 1053 discutere
840 1005 971 1053 non
1027 983 1242 1072 potui,
1286 983 1424 1051 illis
1476 984 1776 1064 remotiS,
1813 982 2149 1084 singulari
2185 982 2415 1052 studio
2462 982 2778 1051 subtilius
2820 979 2928 1047 dili·

463 1073 875 1163 gentiusque
927 1071 1414 1140 eventilarem:
1488 1071 1881 1159 mirumque
1944 1093 2012 1139 in
2070 1071 2347 1140 modum
2405 1072 2613 1140 variis
2673 1071 2927 1137 virtutum

464 1161 838 1261 pigmentis
892 1173 1129 1230 ornata
1174 1182 1270 1247 ,ex
1328 1159 1446 1229 illo
1499 1181 1823 1250 responsa
1884 1159 2036 1229 tuli.
2092 1165 2254 1229 Nam
2307 1181 2423 1229 sae
2476 1183 2512 1228 e
2564 1172 2764 1228 totum
2802 1157 2928 1225 diem

464 1266 642 1319 inter
675 1247 1123 1335 equitandum
1169 1248 1420 1318 studiis
1467 1248 1917 1317 detrivimus:
1972 1270 2160 1318 nunc
2209 1247 2401 1338 legen
2460 1270 2525 1327 ο,
2567 1248 2679 1317 sed
2728 1246 2928 1315 brevius

464 1361 671 1427 quam
724 1334 905 1405 soliti
958 1359 1267 1407 essemus
1315 1338 1382 1406 in
1436 1336 1738 1406 scholis:
1786 1358 1970 1406 nunc
2021 1337 2207 1427 poesi
2264 1358 2389 1406 nos
2429 1335 2818 1415 exercend0‚
2859 1354 2928 1423 pet

466 1428 645 1496 viam
681 1437 896 1495 metro
945 1426 1286 1495 lusimus:
1351 1425 1511 1494 inde
1562 1425 1646 1494 ad
1693 1427 2081 1527 prosaicam
2138 1425 2552 1516 palaestram
2605 1424 2923 1493 exercitium

466 1516 928 1594 alternanteS‚
993 1514 1339 1583 interdum
1408 1514 1710 1604 simplici
1768 1527 2086 1584 contextu
2159 1516 2495 1584 rationem
2557 1512 2860 1584 contulim

467 1624 669 1693 saepe
719 1600 1163 1693 syllogisticis
1211 1602 1659 1691 sophismatis
1707 1603 2215 1672 insudavimus.
2270 1602 2394 1672 Ille
2441 1625 2716 1690 quoque
2765 1599 2888 1669 ereb

468 1714 601 1772 me,
638 1692 764 1760 etsi
813 1690 1218 1769 verecunde,
1257 1691 1477 1761 acutis
1518 1704 1744 1760 tamen
1787 1703 1851 1760 et
1882 1714 1960 1760 ex
2002 1692 2248 1760 intimo
2297 1692 2490 1762 aditu
2579 1689 2928 1779 hilosophiae

468 1780 753 1872 prolatis
814 1778 1361 1867 quaestionibus,
1421 1779 1856 1851 sollicitabat.
1910 1785 2085 1849 Pene
2141 1793 2368 1850 autem
2436 1802 2530 1850 nu
2566 1780 2637 1861 la
2685 1780 2849 1858 hora,
2885 1794 2926 1843 m

467 1868 855 1939 refectionis
902 1869 1207 1957 quidem,
1262 1867 1567 1937 desidiae
1617 1868 1810 1937 illum
1863 1869 2217 1958 arguebat.
2258 1874 2336 1938 Et
2367 1891 2789 1956 quamquam
2820 1866 2924 1932 vivi

468 1958 749 2029 cissimo
777 1959 935 2049 igne
962 1957 1176 2026 animi
1218 1956 1286 2024 in
1316 1957 1507 2025 omni
1544 1957 1811 2027 liberali
1840 1957 2125 2027 scientia
2153 1958 2494 2045 flagraret,
2529 1958 2747 2027 nihilo
2776 1955 2928 2024 mine

469 2060 694 2117 tamen
745 2058 810 2116 et
861 2045 1230 2116 levioribus
1285 2046 1584 2126 artibus,
1639 2068 1814 2133 quas
1863 2046 2301 2115 mechanicas
2348 2060 2640 2127 vocant,
2703 2043 2924 2115 studium

469 2136 866 2226 impertivit.
922 2139 997 2203 In
1053 2133 1414 2205 scribendo
1472 2156 1629 2204 vero
1676 2136 1992 2234 apprime
2046 2135 2334 2215 enituit,
2401 2137 2744 2225 picturam
2794 2131 2922 2201 etiam

468 2224 703 2295 limate
749 2224 1074 2293 exercuit:
1117 2222 1343 2292 fabrili
1380 2244 1652 2310 quoque
1687 2224 1972 2292 scientia
2026 2236 2089 2292 et
2136 2237 2279 2292 arte
2320 2223 2650 2301 clusoria,
2689 2222 2920 2304 omniqua

470 2325 815 2384 structura
865 2311 1154 2381 mirifice
1193 2310 1534 2393 excelluit,
1575 2324 1649 2380 ut
1700 2313 1765 2380 in
1805 2311 2149 2401 plerisque
2193 2312 2550 2391 aedificiis,
2591 2332 2766 2399 quae
2809 2326 2922 2399 pour

469 2404 694 2493 patico
750 2401 992 2472 decore
1039 2401 1448 2491 composuit,
1517 2413 1667 2491 post
1726 2423 1999 2488 quoque
2057 2401 2328 2471 claruit.
2382 2406 2458 2470 In
2513 2400 2795 2492 negotiis
2832 2416 2922 2464 reri}

469 2491 888 2566 domesticis,
928 2503 989 2560 et
1037 2490 1120 2558 ad
1165 2512 1369 2560 usum
1424 2489 1786 2559 familiaris
1837 2491 1928 2559 rei
1967 2490 2490 2579 pertinentibuS,
2530 2488 2922 2560 vivacissima<

468 2593 806 2656 executor,
843 2579 983 2648 acsi
1034 2579 1142 2647 his
1191 2601 1225 2646 a
1263 2600 1471 2668 puero
1508 2578 1909 2656 innutritus,
1944 2578 2205 2647 calluit.

560 2670 595 2755 ξ
643 2672 731 2739 8.
778 2671 954 2736 Avus
994 2681 1218 2735 autem
1262 2667 1414 2754 ejus
1471 2666 1798 2735 Adelbem
1857 2667 2207 2736 Palatinus
2257 2670 2516 2748 ComeS,
2576 2667 2762 2736 bunc
2801 2679 2920 2765 prae

471 2756 734 2826 clarum
786 2756 1282 2825 adolescentem
1338 2756 1405 2823 in
1458 2755 1774 2824 affectum
1831 2755 1953 2823 filii
2013 2755 2144 2825 sibi
2182 2754 2554 2845 adoptavit,
2602 2757 2758 2843 quia
2801 2765 2920 2820 met

472 2844 796 2914 salutaris
842 2844 1114 2914 consilii
1150 2844 1506 2913 stationem
1544 2843 2071 2913 saluberrimam
2110 2845 2381 2934 reperit.
2421 2844 2720 2935 Adeptus
2764 2853 2916 2930 vero!

469 2932 667 3003 Wille
720 2932 820 3004 iso
855 2932 1225 3002 venerabili
1268 2932 1795 3022 Archiepiscopo
1841 2933 1876 2964 ⁸
1915 2927 2462 3002 Subdiacona‘tus
2510 2933 2815 3023 gradum,
2854 2921 2918 2993 ah-

472 3043 656 3109 quan
713 3023 786 3091 iu
832 3044 989 3091 cum
1025 3021 1143 3091 illo
1182 3035 1626 3091 conversatus
1657 3032 1803 3100 est;
1856 3034 2107 3090 etcum
2163 3035 2440 3110 propter
2481 3043 2744 3090 morum
2790 3020 2918 3086 bont·

473 3123 711 3182 statem
763 3134 842 3180 ac
876 3111 1051 3179 vitae
1087 3111 1517 3199 probitatem,
1574 3109 1926 3199 religionis
1976 3109 2042 3177 in
2097 3109 2215 3178 illo
2272 3108 2646 3198 profectum
2701 3105 2918 3177 semita.

471 3199 1046 3290 Arcbiepiscopus
1077 3199 1450 3269 Diaconum
1489 3197 1689 3267 illum
1725 3197 2088 3277 ordinavit,
2115 3198 2603 3286 interjectoque
2636 3221 2759 3267 non
2795 3195 2872 3263 lou

474 3290 740 3379 spatiO,
800 3289 1203 3380 presbyterii
1263 3309 1421 3357 eum
1489 3287 1748 3356 honore
1812 3286 2233 3355 sublimavit.
2290 3292 2627 3358 Reversus
2694 3284 2830 3354 inde

474 3378 855 3479 praefatum
895 3376 1245 3455 Comitem,
1291 3375 1768 3448 amantissime
1797 3376 1883 3445 ab
1919 3374 2036 3444 illo
2084 3386 2448 3466 susceptus
2495 3390 2629 3445 est:
2672 3375 2768 3444 cui
2804 3384 2918 3460 tan⁰

472 3466 588 3535 ille
647 3466 1031 3535 humilitate
1085 3487 1164 3534 ac
1222 3465 1549 3533 instantia
1602 3464 2055 3544 inserviebat,
2102 3476 2176 3532 ut
2223 3465 2507 3533 caeteris
2561 3464 2711 3533 refri
2794 3450 2918 3526 rand!

473 3558 682 3624 causa
723 3554 1069 3624 interdum
1120 3554 1421 3635 remotiS,
1461 3553 1609 3642 ipse
1643 3553 1788 3621 dies
1823 3566 2190 3639 noctesque
2219 3554 2586 3622 continuas
2626 3555 2692 3622 in
2739 3549 2920 3620 esessus

471 3643 533 3713 ei
566 3643 985 3724 adhaereret,
1018 3655 1083 3711 et
1114 3642 1301 3732 aegri
1336 3641 1520 3711 senis
1563 3641 2098 3710 imbecillitatem
2141 3642 2636 3732 patientissime
2668 3637 2916 3730 tolerare}¹

474 3732 652 3802 inter
699 3732 925 3821 ipsum
983 3745 1048 3801 et
1102 3730 1435 3799 familiam
1489 3729 1759 3798 medius
1812 3729 2188 3809 incederet,
2255 3728 2676 3800 salutaribus
2725 3735 2918 3813 monitis

472 3820 630 3890 illos
676 3820 1084 3899 informans,
1130 3832 1194 3889 et
1233 3841 1468 3900 curam
1524 3818 1800 3887 illorum
1852 3817 2038 3906 apud
2075 3818 2398 3888 Comitem
2453 3820 2513 3885 vi
2571 3817 2748 3886 ilanti
2790 3814 2916 3906 benf-

474 3911 731 4000 gnitate
780 3908 1244 3995 frequentans.
1281 3912 1406 3976 Pro
1451 3918 1730 3997 paterno
1778 3929 2054 3994 quoque
2100 3907 2350 3976 affectu
2388 3907 2471 3975 ad
2569 3906 2688 3975 lios
2722 3907 2914 3973 Comms

475 4010 688 4068 totum
747 4020 818 4069 se
867 3996 1216 4099 profudit,
1271 4017 1734 4086 magnamque
1800 3998 1977 4064 inter
2026 3994 2180 4064 illos
2227 3997 2516 4151 gratiam
2572 3986 2909 4064 conciliabat·

474 4092 552 4156 Et
605 4109 923 4175 quamvis
980 4086 1051 4155 in
1104 4085 1506 4174 hujusmodi
1565 4083 2028 4154 familiaritate
2081 4084 2220 4153 invi
2280 4086 2340 4153 ia
2401 4083 2597 4153 facile
2647 4077 2906 4162 subrepat·

475 4177 654 4246 hanc
689 4176 803 4245 ille
837 4189 1059 4245 tamen
1107 4174 1402 4249 maxima
1442 4173 1709 4242 cautela
1754 4173 1820 4241 in
1859 4173 2203 4263 plerisque
2234 4172 2633 4242 declinabat.
2669 4175 2906 4248 [meria

477 4278 643 4332 trem
695 4286 968 4352 quoque
1014 4275 1078 4333 et
1125 4263 1346 4332 filium
1384 4318 1398 4341 ,
1466 4262 1826 4331 dominum
1894 4261 2207 4330 videlicet
2271 4263 2708 4362 Episcopum,
2765 4256 2904 4351 iplfls‘

475 4351 776 4422 nuncius
820 4374 1024 4442 saepe
1075 4351 1526 4432 discurrebat,
1575 4372 2035 4441 magnamque
2087 4351 2268 4419 inter
2324 4349 2479 4419 illos
2523 4345 2902 4417 familiaritati<

528 4475 551 4497 ⁶
581 4477 838 4527 Kouni-ibe.
