2993 4837
508 244 631 305 534-
1156 260 1231 303 ni:
1282 260 1336 304 s.
1390 255 1703 304 onnoomo
1754 258 2224 305 Tnauuuuaoo
2639 238 2794 303 Nor.
2827 238 2888 303 tr

422 344 724 423 animm,
787 342 1123 428 illumque
1154 342 1465 431 adspexit
1502 364 1658 410 cum
1711 343 2009 428 quadam
2074 342 2328 411 laetitia
2361 355 2426 410 et
2477 341 2894 410 admiratione.

421 432 675 501 Deinde
709 453 868 499 cum
908 430 1019 498 ille
1053 453 1333 499 manum
1371 431 1629 499 directo
1663 432 2091 520 porrexisset,
2130 443 2194 500 et
2227 434 2286 500 ei
2326 431 2521 500 tectis
2553 430 2773 517 digitis
2796 429 2900 499 wel-

421 522 518 591 uti
562 520 946 589 ostenderet
992 520 1058 587 id
1119 520 1299 606 quod
1358 542 1434 588 ex
1480 519 1762 607 obliquo
1818 520 2234 609 apparebat,
2292 520 2442 610 ipse
2495 540 2762 605 quoque
2803 540 2924 589 una.

421 633 576 679 cum
618 622 926 698 porrecta
965 609 1154 678 illius
1198 630 1412 677 manu
1471 630 1672 676 suum
1716 631 1990 695 quoque
2049 609 2314 677 vultum
2359 610 2712 685 convertit,
2758 618 2810 674 et
2839 628 2916 675 ex.

424 699 712 766 adverso
761 699 910 786 ejus
965 698 1146 783 quod
1194 697 1473 776 viderat,
1528 696 1714 766 aliud
1769 698 1936 765 vidit
1984 697 2456 787 spectaculum
2508 697 2580 764 in
2641 693 2900 765 muliebri

423 790 672 875 figura,
716 808 893 873 quae
924 786 1211 854 sormam
1274 786 1642 874 superabat
1694 786 2018 855 hominis.
2080 792 2348 855 Rursus
2383 799 2615 855 autem
2660 784 2908 874 stupea-

424 890 597 955 ctuS‚
662 875 729 942 in
785 876 1090 963 seipsum
1154 874 1529 954 inclinavit,
1585 874 1934 962 dubioque
1981 898 2058 943 ac
2110 875 2393 943 omnino
2451 874 2768 964 perplexo
2819 872 2908 941 tuit

424 964 679 1043 anime,
732 976 1005 1052 propter
1061 962 1556 1051 spectaculum,
1606 976 1683 1032 ut
1729 964 1845 1051 qui
1896 963 2114 1032 oculis
2152 985 2282 1031 non
2337 964 2543 1032 ferret
2598 964 2924 1047 visionem

424 1053 684 1121 Etenim
716 1053 784 1119 in
817 1052 942 1120 hoc
970 1053 1265 1121 maxime
1298 1052 1710 1122 consistebat
1739 1052 2239 1121 admirabilitas
2262 1052 2576 1131 visionis,
2602 1050 2908 1139 quodcum

423 1152 599 1211 esset
638 1163 766 1209 nox
800 1140 1159 1230 profunda,
1201 1142 1405 1208 simul
1443 1163 1602 1211 cum
1640 1142 1748 1221 iis,
1793 1163 1969 1227 quae
2002 1143 2145 1209 visa
2173 1141 2468 1222 fuerant,
2513 1141 2630 1210 lux
2667 1140 2924 1228 resplen«

425 1231 649 1311 debat,
696 1242 1046 1316 tamquam
1080 1229 1446 1316 cujusdam
1483 1230 1692 1297 lucidi
1724 1230 2213 1318 conflagrantis
2257 1230 2572 1298 thalami.
2628 1230 2831 1311 Quon'

424 1342 584 1407 ergo
613 1341 744 1387 non
774 1330 1033 1406 poterat
1058 1319 1278 1388 oculis
1308 1318 1479 1387 ferre
1514 1319 1868 1398 visionem,
1908 1320 2172 1387 audivit
2202 1319 2577 1406 quemdam
2609 1320 2894 1406 dialogm

425 1431 688 1485 eorum,
734 1408 851 1494 qui
883 1430 921 1475 a
963 1428 1033 1475 se
1075 1408 1200 1475 visi
1234 1406 1525 1485 fuerant,
1564 1407 2056 1496 explicantium
2112 1409 2289 1476 inter
2314 1430 2386 1475 se
2436 1408 2732 1475 invicem
2771 1406 2904 1475 rat}

428 1519 577 1564 nem
630 1496 804 1583 ejus,
857 1496 1035 1581 quod
1073 1498 1573 1581 quaerebatur:
1622 1519 1740 1584 per
1777 1518 1950 1582 quos
2001 1518 2135 1564 non
2180 1496 2400 1564 solum
2444 1497 2687 1564 didicit
2737 1510 2912 1562 vera}

427 1586 582 1654 fidei
626 1585 1111 1673 cognitionem,
1159 1585 1272 1655 sed
1325 1586 1528 1653 etiam
1584 1586 1986 1653 nominatim
2050 1586 2368 1673 cognovit
2415 1607 2533 1654 eos
2583 1586 2702 1671 qui
2755 1602 2910 1671 appt-

426 1688 725 1753 ruerant‚
762 1696 920 1742 cum
956 1687 1242 1760 uterque
1274 1696 1349 1741 ex
1390 1674 1495 1741 liis
1529 1687 1797 1742 vocaret
1842 1673 2134 1742 alterum
2173 1696 2296 1743 suo
2345 1674 2650 1742 nomine.
2713 1674 2912 1740 Dicitur

423 1764 603 1831 enim
662 1763 938 1830 audisse
976 1764 1062 1830 ab
1096 1785 1196 1841 ea,
1237 1784 1411 1849 quae
1445 1763 1512 1829 in
1553 1762 1770 1849 figura
1812 1762 2129 1831 muliebri
2184 1775 2624 1851 apparuerat,
2681 1770 2906 1849 rogante

424 1857 758 1919 Joannem
786 1850 1308 1937 Evangelistam,
1347 1863 1421 1919 ut
1446 1850 1907 1920 manifestaret
1933 1851 2170 1933 juveni
2199 1851 2603 1939 mysterium
2633 1848 2924 1917 veritatis:

429 1940 622 2008 illum
662 1953 885 2008 autem
925 1939 1200 2019 dixisse,
1242 1962 1311 2009 se
1347 1954 1659 2027 paratum
1704 1962 1852 2008 esse
1888 1940 2076 2008 Matri
2119 1940 2385 2008 Domini
2420 1942 2488 2008 in
2538 1940 2665 2008 hoc
2695 1955 2908 2026 quoque

428 2027 824 2118 gratificari,
863 2030 1188 2114 quoniam
1233 2029 1291 2095 ei
1337 2029 1423 2096 ita
1470 2029 1752 2114 placeat.
1795 2034 1871 2096 Et
1908 2031 1995 2096 ita
2030 2050 2188 2097 cum
2227 2028 2510 2096 dixisset
2547 2029 2830 2103 brevem,
2869 2040 2906 2089 et

425 2140 599 2203 quae
634 2117 830 2185 facile
863 2117 1157 2185 describi
1194 2129 1474 2205 poterat,
1521 2118 1924 2197 orationem,
1963 2140 2032 2185 se
2054 2118 2140 2185 ab
2167 2118 2316 2205 ejus
2350 2117 2767 2187 subduxisse
2796 2134 2908 2182 ocu·

430 2206 552 2275 lis:
598 2229 753 2274 eum
793 2220 1016 2273 autem
1058 2206 1359 2274 divinam
1402 2205 1588 2273 illam
1651 2207 2179 2295 mystagogiam,
2236 2206 2552 2294 protinus
2603 2203 2910 2299 mandasse

429 2295 691 2375 litteris,
737 2308 801 2361 et
844 2293 957 2362 illo
993 2307 1295 2383 tempore
1331 2294 1764 2382 praedicasse
1806 2295 2085 2362 verbum
2124 2294 2191 2361 in
2232 2294 2555 2374 Ecclesia,
2588 2307 2651 2362 et
2676 2306 2908 2382 posteris

431 2384 634 2453 veluti
683 2383 1030 2471 quandam
1088 2382 1599 2463 haereditatem,
1666 2384 1850 2454 illam
1911 2383 2241 2453 divinitus
2292 2383 2521 2452 datam
2576 2383 2906 2474 doctrinam

428 2474 807 2559 reliquisse,
850 2495 966 2562 per
997 2494 1202 2559 quam
1247 2474 1314 2540 in
1355 2472 1762 2542 hodiernum
1800 2495 2018 2559 usque
2051 2472 2230 2540 diem
2286 2473 2352 2540 in
2394 2475 2713 2560 mysterio
2767 2473 2906 2562 instij

430 2563 665 2642 tuitur,
704 2565 820 2646 qui
853 2575 952 2630 est
985 2561 1164 2647 apud
1208 2561 1382 2640 illos,
1424 2561 1744 2650 populus,
1782 2563 1900 2648 qui
1930 2561 2305 2651 permansit
2340 2562 2641 2631 intactus
2663 2561 2744 2630 ab
2767 2575 2905 2629 onim

430 2652 586 2719 vitio
618 2651 978 2718 haeretico.
1026 2655 1201 2717 Haec
1236 2665 1397 2719 sunt
1431 2663 1654 2718 autem
1697 2652 1897 2718 verba
1935 2652 2440 2739 mystagogiae:
2484 2674 2518 2714 <‹
2555 2657 2738 2719 Unus
2781 2653 2905 2716 Deus

432 2754 620 2828 pater
654 2740 847 2807 Verbi
887 2740 1193 2819 viventiS,
1255 2740 1692 2808 consistentis
1741 2740 2137 2827 sapientiae,
2191 2752 2256 2807 et
2290 2739 2584 2820 virtutiS,
2625 2752 2688 2808 et
2719 2738 2905 2806 chara·

430 2828 632 2896 cteris
666 2828 943 2904 aeterni.
990 2827 1327 2915 perfectus
1363 2828 1640 2916 perfecti
1663 2829 1951 2917 genitor,
1987 2841 2180 2917 pater
2212 2827 2336 2895 filiiw
2375 2828 2734 2917 unigeniti.
2772 2830 2908 2894 [nus

428 2916 781 2996 DominuS,
826 2917 1013 2985 solus
1044 2939 1123 2984 ex
1156 2916 1322 2997 sole,
1376 2922 1547 2984 Deus
1577 2938 1654 2985 ex
1699 2923 1850 2996 Deo,
1886 2917 2240 2985 character
2270 2929 2334 2985 et
2375 2916 2607 3006 imago
2641 2915 2907 2984 divinita·

431 3007 538 3084 tis,
581 3005 873 3073 Verbum
910 3005 1169 3086 efficax,
1230 3006 1588 3094 sapientia,
1652 3028 1829 3092 quae
1890 3027 2154 3083 eorum,
2216 3027 2391 3092 quae
2425 3019 2611 3084 sunt,
2665 3004 2906 3074 continet

430 3093 1008 3172 constitutionem,
1048 3109 1112 3163 et
1144 3094 1356 3162 virtus
1381 3094 1678 3162 effectrix
1707 3095 2068 3162 universae
2093 3108 2465 3162 creaturae.
2511 3099 2721 3162 Verus
2747 3090 2906 3159 Filius

429 3183 563 3251 veri
601 3183 855 3272 patris,·
899 3182 1267 3252 invisibilis
1320 3184 1532 3272 patris
1581 3183 1768 3251 filius
1816 3183 2208 3262 invisibilis,
2246 3182 2458 3269 etqui
2498 3183 2768 3251 interire
2807 3195 2900 3246 non

432 3285 667 3360 potest,
707 3274 874 3354 eius
920 3271 985 3339 in
1018 3293 1220 3358 quem
1260 3293 1391 3340 non
1435 3270 1618 3341 cadit
1653 3272 1991 3352 interituS‚
2046 3285 2111 3340 et
2142 3271 2260 3359 qui
2313 3272 2486 3339 mori
2525 3294 2659 3341 non
2712 3277 2897 3359 potest.

429 3361 836 3429 immortalis
868 3373 931 3428 et
966 3377 1283 3429 aeternus
1324 3361 1604 3428 aeterni.
1639 3365 1829 3429 Unus
1865 3361 2159 3449 Spiritus
2203 3365 2516 3439 Sanctus,
2569 3361 2790 3447 quiex
2817 3361 2904 3422 Dru

425 3450 605 3534 quod
661 3450 746 3518 sit
804 3449 1026 3528 habet,
1063 3461 1127 3517 et
1161 3471 1279 3537 per
1329 3449 1548 3517 filium
1596 3449 1857 3518 seilicet
1896 3449 2221 3539 apparuit
2272 3449 2694 3526 hominibus,
2732 3449 2902 3529 imago

427 3539 549 3607 filii
587 3538 861 3627 perfecti
897 3539 1214 3627 perfecta.
1255 3539 1422 3618 Vita,
1455 3560 1660 3606 causa
1692 3537 2087 3616 viventium,
2121 3538 2273 3607 fons
2302 3552 2608 3616 sanctus,
2642 3534 2902 3624 sanctita}

428 3627 925 3717 suppeditatrix
960 3626 1548 3705 sanctificationis,
1585 3627 1653 3693 in
1688 3649 1824 3713 quo
1858 3627 2334 3696 manifestatur
2370 3631 2543 3696 Deus
2582 3639 2780 3715 pater,
2816 3638 2892 3714 qul

425 3729 755 3805 estsuper
793 3717 1048 3797 omnia,
1075 3729 1139 3784 et
1171 3717 1236 3783 in
1259 3717 1607 3785 omnibus:
1646 3729 1710 3784 et
1747 3721 1922 3785 Deus
1950 3716 2159 3796 filius,
2192 3715 2308 3803 qui
2354 3736 2474 3804 per
2521 3715 2767 3784 omnia.
2800 3716 2899 3777 Τιί·

430 3806 607 3874 nitas
647 3805 959 3893 perfecta,
1020 3827 1195 3891 quae
1236 3805 1448 3894 gloria
1504 3817 1568 3873 et
1597 3804 1993 3873 aeternitate
2047 3818 2110 3873 et
2146 3825 2355 3894 regno
2394 3826 2527 3874 non
2579 3801 2894 3894 dividitur,

428 3915 647 3980 neque
679 3893 1132 3963 abalienatur.
1172 3898 1397 3980 Neque
1428 3915 1590 3982 ergo
1621 3906 1926 3962 creatum
1959 3905 2060 3962 est
2093 3892 2351 3980 aliquid
2409 3906 2528 3962 aut
2569 3910 2813 3961 servum
2853 3904 2893 3950 111

427 3983 772 4064 Trinitate,
836 4004 1055 4069 neque
1114 3983 1589 4061 adventitium,
1639 3995 1990 4069 tamquam
2040 3981 2220 4068 quod
2266 3981 2459 4071 prius
2501 3981 2758 4068 quidem
2803 3991 2891 4042 non

427 4084 626 4151 esset,
680 4084 908 4160 postea
970 4084 1197 4142 autem
1244 4071 1330 4140 sit
1388 4072 1809 4159 ingressum.
1873 4076 2099 4157 Neque
2149 4071 2335 4139 enim
2382 4070 2599 4139 Filius
2653 4078 2890 4163 unquam

428 4159 671 4229 defecit
705 4162 908 4240 Patri,
948 4181 1168 4247 neque
1203 4161 1372 4228 Filio
1408 4160 1729 4248 SpirituS,
1770 4159 1884 4229 sed
1913 4158 2371 4227 immutabilis
2396 4174 2461 4229 et
2492 4150 2885 4227 inalterabilis,

429 4270 698 4336 semper
729 4263 831 4318 est
859 4249 1094 4317 eadem
1130 4250 1446 4317 TrinitaS.
1478 4271 1515 4315 »
1552 4248 1740 4330 Quod
1773 4250 1827 4315 si
1852 4248 2009 4334 quis
2037 4248 2193 4316 velit
2223 4248 2308 4316 de
2336 4249 2464 4317 hac
2497 4270 2566 4316 re
2598 4245 2712 4314 sibi
2739 4239 2882 4334 fidejffl

428 4333 600 4414 fieri,
633 4336 867 4404 audiat
898 4337 1293 4417 Ecclesiam,
1330 4339 1396 4406 in
1433 4359 1570 4424 qua
1606 4340 1885 4406 verbum
1927 4337 2388 4426 praedicabat.
2420 4335 2605 4427 Apud
2637 4343 2880 4402 eoseum]
