2993 4837
35 288 197 352 NOV.
258 288 292 350 7
584 305 662 350 nr.
709 304 764 350 s.
823 303 1223 350 mamaeam
1272 304 1566 351 Ancum».
1619 300 1987 351 cotomansi
2347 287 2459 350 3:31

32 403 157 458 tum
217 402 491 477 propter
541 388 1015 457 imminentem
1073 400 1332 456 noctem
1383 387 1578 475 plene
1608 388 1769 456 sciri
1806 410 1937 456 non
1980 388 2219 477 potuit.
2249 388 2372 456 Sed
2410 410 2565 455 ecce

30 493 187 547 nutu
240 478 350 545 Dei
391 492 621 545 actum
659 489 781 555 est,
830 490 905 544 ut
954 480 1190 547 Comes
1232 476 1617 545 Fridericus
1666 477 1751 544 ab
1800 478 1971 545 urbe
2022 476 2314 556 rediens,
2370 476 2560 544 Colo-

30 569 193 635 niam
248 568 564 655 captivus
594 565 1075 644 adduceretur,
1111 588 1191 634 ex
1222 588 1360 651 quo
1412 566 1722 653 martyrii
1771 566 1919 650 ejus
1953 565 2120 634 ordo
2172 565 2557 650 modusque

28 655 332 745 cognitus
379 668 504 723 est.
561 658 628 723 Is
680 655 864 722 enim
916 653 1186 722 facinus
1237 677 1439 723 suum
1514 654 1739 742 palam
1783 653 2160 734 confessuS,
2244 653 2561 742 paricidii

26 766 161 813 reos
209 743 622 812 nominatim
673 744 1029 832 expressit,
1069 742 1271 811 etiam
1323 741 1566 811 fratres
1616 765 1779 812 suos
1812 742 1896 812 de
1958 755 2150 812 reatu
2197 764 2559 811 accusans.

26 838 260 923 Captus
318 846 422 901 est
470 854 626 900 cum
665 852 766 910 en,
814 843 879 900 et
930 830 1144 899 milite
1175 832 1502 918 quodam,
1558 831 1802 900 Tobias
1855 832 2162 900 notarius
2201 832 2387 920 ejus:
2441 832 2557 916 qui

26 924 83 988 in
136 922 430 989 vinculis
482 919 770 1008 posituS,
827 920 911 988 ad
968 942 1201 1008 preces
1247 919 1682 1005 quorundam
1721 920 2243 999 Canonicorum,
2284 920 2402 1007 qui
2455 940 2560 987 me

24 1010 94 1077 ad
144 1009 592 1079 scribendum
658 1008 963 1097 amplius
1012 1008 1518 1089 sollicitarunt,
1574 1022 1648 1077 ut
1699 1010 1923 1077 verius
1996 1008 2203 1078 scribi
2282 1021 2553 1098 posset,

26 1097 599 1184 quemadmodum
651 1111 716 1166 et
761 1120 799 1165 a
847 1097 1104 1182 quibus
1152 1098 1423 1166 occisus
1470 1111 1646 1166 esset
1695 1098 2096 1186 Episcopus,
2139 1118 2259 1185 spe
2319 1119 2560 1165 conse-

28 1188 323 1273 quendae
374 1187 613 1255 veniae
660 1185 1138 1267 manifestavit,
1181 1191 1389 1254 Deum
1435 1199 1670 1256 testem
1724 1186 2085 1264 adhibens,
2133 1208 2204 1255 se
2254 1207 2406 1253 vera
2456 1184 2560 1254 di-

30 1277 212 1357 xisse,
254 1289 461 1365 prout
486 1273 710 1364 ipsius
736 1275 1016 1343 Comitis
1041 1274 1107 1342 in
1135 1296 1376 1362 agone,
1406 1288 1472 1342 et
1495 1274 1787 1344 aliorum
1828 1274 2277 1344 nefandorum
2309 1279 2561 1343 Romae

31 1363 345 1433 confessio
413 1362 750 1454 patefecit.
823 1367 901 1431 Ut
949 1385 1111 1454 ergo
1158 1364 1404 1433 Tobias
1457 1363 1568 1431 ille
1631 1364 1952 1452 scripsit,
2020 1385 2180 1433 cum
2232 1363 2558 1434 dominus

30 1453 389 1543 Episcopus
440 1453 506 1520 in
555 1453 660 1519 via
700 1474 994 1520 concava
1051 1452 1312 1542 positus
1359 1451 1590 1521 adhuc
1651 1467 1859 1532 esset,
1922 1452 2246 1521 satellites
2297 1452 2560 1541 praeire

20 1542 203 1629 jussi,
260 1554 449 1610 tanta
500 1540 562 1608 vi
613 1554 882 1630 arrepto
932 1541 1124 1610 freno
1185 1541 1608 1610 dextrarium
1657 1542 1807 1629 ejus
1857 1553 2242 1620 verterunt,
2309 1555 2381 1609 ut
2427 1540 2559 1609 fre-

34 1651 178 1699 num
225 1631 286 1699 ei
339 1651 380 1697 e
444 1629 770 1698 manibus
818 1629 1289 1698 extraherent:
1356 1651 1655 1717 cumque
1710 1654 1785 1698 ex
1838 1644 2125 1717 utraque
2187 1643 2377 1719 parte
2425 1629 2560 1698 alio

32 1719 339 1788 divertere
383 1739 515 1787 non
571 1730 819 1807 posset,
864 1717 1046 1803 quod
1077 1718 1178 1787 via
1215 1732 1395 1787 arcta
1439 1732 1502 1787 et
1542 1741 1836 1788 concava
1871 1735 2069 1799 esset,
2110 1740 2229 1808 per
2262 1718 2554 1787 mediam

34 1805 195 1876 illam
234 1807 476 1897 fugere
523 1808 766 1896 coepit.
803 1807 946 1875 lllis
973 1820 1198 1876 autem
1241 1829 1399 1876 eum
1442 1808 1991 1894 insequentibus,
2039 1808 2348 1877 Joachim
2404 1807 2555 1875 dex-

36 1896 293 1965 trarium
352 1897 507 1987 ejus
556 1895 622 1963 in
686 1893 938 1964 femore
989 1895 1406 1965 vulneravit:
1462 1909 1526 1964 et
1573 1918 1729 1965 cum
1783 1919 1860 1964 ex
1923 1909 2160 1964 neutra
2228 1910 2413 1983 parte
2488 1897 2553 1963 in

38 1984 129 2051 via
169 2007 319 2054 eum
351 1984 759 2054 antecedere
812 1997 1109 2073 possent,
1147 1986 1549 2054 Heribertus
1581 1998 1767 2053 extra
1800 1986 1973 2052 viam
2009 2007 2166 2053 cum
2218 2007 2393 2070 equo
2421 1986 2559 2053 exi·

44 2068 211 2152 liens,
264 2074 332 2142 in
372 2073 763 2142 arctissima
816 2074 1080 2154 semita,
1136 2074 1315 2143 sicut
1373 2075 1517 2163 ipse
1566 2073 1925 2143 confessus
1970 2086 2107 2153 est,
2161 2095 2315 2140 eum
2374 2096 2560 2161 prae-

44 2162 306 2241 veniens,
367 2184 493 2252 per
541 2162 872 2251 capitium
923 2163 1239 2251 arripuit,
1275 2176 1339 2233 et
1387 2184 1546 2232 eum
1588 2184 1664 2231 ex
1701 2161 1908 2231 latere
1948 2161 2029 2233 ad
2066 2183 2137 2230 se
2186 2161 2555 2241 inclinanS,

46 2268 238 2318 secum
282 2252 349 2319 in
412 2264 662 2320 terram
720 2251 940 2320 traxit.
1011 2251 1133 2321 Sed
1190 2273 1345 2320 mox
1397 2251 1723 2320 violenter
1771 2262 2092 2339 surgente
2153 2250 2349 2318 beato
2401 2250 2557 2338 Epi-

38 2357 237 2428 scopo,
289 2341 458 2427 quia
495 2338 734 2409 fortior
772 2339 890 2409 illo
923 2352 1090 2420 erat,
1140 2362 1296 2409 cum
1352 2354 1540 2410 extra
1581 2340 1756 2408 viam
1817 2341 1885 2409 in
1932 2340 2104 2408 rubo
2153 2344 2390 2407 Comes
2437 2361 2561 2407 au-

43 2423 256 2508 disset,
312 2431 606 2519 propius
670 2429 1049 2510 accedens,
1106 2428 1442 2499 clamasse
1490 2430 1784 2499 dicitur:
1862 2452 1895 2495 «
1934 2428 2436 2519 Apprehendite
2500 2442 2562 2496 et

40 2526 227 2586 tenete
264 2540 457 2596 eum,
496 2518 657 2604 quia
707 2517 945 2587 fortior
981 2518 1178 2587 nobis
1226 2517 1523 2588 efficitur
1566 2520 1734 2587 vir.»
1783 2524 2091 2607 Cumque
2142 2518 2340 2586 verba
2394 2539 2562 2606 sup-

38 2603 405 2702 plicationis
440 2606 669 2676 ederet
716 2607 1095 2696 Episcopus
1134 2620 1198 2676 et
1229 2607 1523 2676 diceret:
1571 2630 1605 2673 «
1639 2613 1881 2677 Sancte
1929 2611 2140 2686 Petre‚
2194 2606 2359 2693 quid
2395 2607 2562 2674 mihi

44 2708 355 2782 imputant
402 2695 720 2764 homines
749 2696 912 2764 isti?
945 2720 979 2762 »
1016 2695 1342 2765 frendens
1384 2697 1770 2766 Fridericus
1798 2697 1933 2766 ait:
1975 2719 2010 2763 «
2043 2696 2308 2765 Caedite,
2361 2695 2563 2764 latro-

46 2800 198 2862 nem,
246 2784 678 2884 caeditesqui
727 2798 791 2854 et
834 2784 1097 2854 nobiles
1131 2785 1561 2861 exhaeredat,
1615 2799 1678 2854 et
1728 2785 1985 2854 nemini
2028 2787 2265 2874 parcit.
2307 2808 2340 2851 ›>
2377 2790 2563 2854 Tunc

46 2870 432 2943 Giselbertus
475 2873 713 2942 videns
748 2874 1180 2942 Heribertum
1215 2873 1567 2964 chlamydi
1603 2875 1752 2964 ejus
1806 2875 2297 2954 inhaerentem,
2352 2896 2566 2963 ocyus

48 2956 407 3054 descendit,
464 2975 529 3030 et
575 2961 947 3031 furibunde
1002 2984 1409 3043 accurrens,
1470 2963 1768 3052 primum
1836 2962 2088 3033 vulnus
2156 2963 2360 3052 capiti
2415 2964 2580 3051 ejus

53 3046 282 3130 inflixit,
322 3050 636 3120 secundo
686 3051 821 3120 ictu
867 3052 1143 3121 vibrans
1190 3051 1473 3130 ferrum,
1525 3073 1804 3120 manum
1854 3053 2027 3138 e‚juS‚
2069 3064 2144 3119 ut
2181 3066 2367 3139 put0,
2421 3075 2566 3119 am-

54 3139 294 3219 putavit,
348 3161 746 3228 corpusque
793 3140 944 3227 ejus
992 3140 1221 3229 gladio
1274 3140 1634 3209 transfixit.
1689 3139 1935 3208 Tobiae
1996 3153 2155 3208 sunt
2209 3139 2396 3208 haee.
2445 3145 2565 3208 Ea-

48 3221 175 3292 dem
224 3229 383 3298 hora
433 3228 785 3297 soi-danus
833 3230 949 3315 qui
1001 3231 1088 3298 ab
1136 3250 1213 3298 eo
1268 3230 1693 3318 proscriptus
1748 3227 1988 3309 fuerat,
2044 3230 2558 3316 superveniens,

50 3315 392 3385 maximum
436 3316 690 3385 vulnus
741 3319 945 3406 capiti
998 3317 1149 3405 ejus
1200 3318 1570 3406 imposuit,
1629 3315 2211 3404 quemadmodum
2270 3317 2336 3384 in
2381 3321 2565 3386 Isen-

46 3396 200 3492 burg
246 3406 607 3491 jactitavit,
682 3407 888 3475 semel
948 3419 1151 3493 atque
1201 3406 1447 3475 iterum
1514 3407 1780 3475 dicente
1833 3406 2206 3494 Episcopo:
2262 3405 2558 3481 «Eheu,

48 3486 261 3559 eheu.»
311 3499 482 3562 Tum
520 3516 825 3563 seorsum
878 3517 1033 3563 eum
1091 3494 1526 3575 inclinanteS,
1582 3494 1981 3564 Heribertus
2033 3494 2255 3583 primo
2288 3493 2565 3561 cultello

48 3597 177 3676 teu-m
228 3582 542 3669 perfodit,
583 3583 864 3664 Comite,
900 3596 975 3653 ut
1032 3583 1247 3668 ajunt,
1308 3584 1610 3673 ejulante
1656 3596 1721 3652 ct
1774 3583 2138 3652 clamante:
2201 3609 2224 3640 «τ
2261 3587 2408 3650 Heu
2460 3602 2565 3649 me

54 3685 347 3738 miserum
386 3695 400 3737 ε
458 3671 752 3741 nimium
798 3684 971 3740 est.»
1013 3676 1178 3742 Cum
1218 3687 1442 3742 autem
1479 3672 1898 3741 Giselbertus
1938 3684 2146 3762 caput
2192 3671 2250 3738 ei
2307 3671 2565 3759 praeci-

49 3750 179 3823 dere
227 3758 447 3840 vellet,
504 3783 538 3828 a
578 3758 965 3842 GodefridO,
1018 3784 1223 3848 quem
1286 3765 1523 3830 Comes
1562 3760 1643 3829 ad
1701 3759 2206 3850 prohibendum
2263 3760 2560 3838 miserat,

54 3860 150 3925 per
192 3847 480 3934 capillos
529 3850 917 3919 abstractus
957 3863 1081 3919 est.
1123 3854 1169 3918 Α
1194 3872 1455 3936 quercu
1489 3863 1745 3931 autem,
1781 3850 1898 3918 ubi
1933 3850 2153 3938 primo
2192 3845 2382 3916 caedi
2421 3868 2568 3915 coe-

14 3995 15 4028 3
58 3945 237 4013 perat,
293 3957 514 4023 usque
548 3937 630 4005 ad
676 3936 932 4018 locum,
987 3939 1107 4007 ubi
1140 3936 1486 4008 detractus
1518 3952 1619 4007 est
1658 3951 1722 4007 et
1771 3950 2134 4017 extractus,
2188 3937 2308 4004 ubi
2367 3935 2568 4004 hodie

11 4061 14 4105 3
54 4039 233 4114 super
266 4026 670 4112 martyrium
722 4026 876 4114 ejus
914 4026 1243 4096 sacellum
1280 4027 1689 4097 fabricatum
1735 4040 1857 4107 est,
1899 4027 2005 4094 vix
2046 4025 2278 4093 decem
2319 4045 2565 4123 passus

11 4136 12 4159 t
53 4103 297 4206 distant.
340 4112 465 4181 Ubi
504 4135 714 4202 super
760 4138 915 4183 eum
970 4115 1153 4184 velut
1200 4138 1406 4186 canes
1459 4115 1680 4185 rabidi
1729 4136 1809 4184 ac
1864 4112 2186 4192 famelici,
2238 4112 2362 4180 filii
2416 4134 2567 4201 per-

11 4209 14 4220 '
55 4192 303 4267 ditionis
342 4203 787 4291 congregati,
856 4203 1153 4274 cultellis
1202 4205 1624 4274 acutissimis
1677 4203 1759 4272 ad
1814 4204 1941 4272 hoc
2002 4224 2161 4290 prae
2216 4201 2423 4270 aratis
2472 4203 2568 4271 sic

59 4293 238 4352 totum
296 4311 549 4378 corpus
588 4293 736 4378 ejus
800 4292 1275 4380 perfoderunt,
1332 4308 1405 4362 ut
1455 4316 1489 4361 a
1543 4293 1790 4361 vertice
1839 4312 2057 4376 usque
2114 4313 2148 4357 a
2251 4289 2565 4377 ,plantam
2608 4370 2624 4387 ὓ

62 4371 222 4441 nulla
272 4399 431 4464 pars
464 4380 767 4468 corporis
801 4403 835 4448 a
874 4382 1151 4451 vulnere
1188 4405 1395 4450 vacua
1436 4394 1838 4450 remaneret.
1879 4385 2085 4448 Porro
2119 4400 2302 4446 unus
2344 4401 2418 4446 ex
2447 4379 2566 4458 eiS,

2703 4491 2780 4540 f
