2993 4837
502 322 629 386 340
1094 338 1171 383 ΒΕ
1221 336 1273 382 s.
1329 335 1678 384 contamino
1726 338 1823 384 ει».
1878 337 2261 384 ΑιΒιΑΝΕΝει
2672 319 2828 384 NOV.
2872 322 2911 382 8

419 434 601 492 tanta
652 422 858 511 prole,
904 443 1035 490 non
1076 420 1277 491 modo
1312 422 1650 502 homines,
1692 421 1809 490 sed
1857 422 2062 491 etiam
2112 421 2426 491 coelestis
2461 421 2708 510 patriae
2735 423 2913 495 cives,

416 512 873 601 gratulantur.

503 603 539 688 ξ
587 606 670 673 4.
729 605 809 669 Ut
855 612 1082 668 autem
1127 599 1447 688 baptismi
1485 599 1776 687 gratiam
1817 598 2192 688 perciperet
2227 611 2432 669 natus
2465 620 2655 688 puer,
2689 597 2764 666 ad
2802 620 2924 667 mo-

417 689 792 759 nasterium
828 688 1046 758 sancti
1081 688 1402 777 martyris
1441 688 1751 770 Quintini
1784 686 2202 778 deportatuS‚
2250 701 2456 775 atque
2487 710 2528 756 a
2565 689 2924 757 monasterii

420 790 604 867 patre
644 776 1028 856 Godefrido,
1082 778 1282 865 cujus
1333 777 1538 866 paulo
1571 790 1726 846 ante
1774 776 2248 856 meminimus,
2292 789 2606 846 amanter
2635 790 2926 865 exceptus

413 880 477 935 et
525 867 907 955 baptizatus
953 877 1076 945 est,
1132 879 1335 952 atque
1382 866 1587 934 etiam
1636 887 1674 934 e
1721 865 1903 935 fonte
1953 887 2147 935 sacro
2176 866 2327 954 ejus
2380 865 2700 934 manibus
2724 885 2928 934 susce·

418 969 597 1043 ptu5‚
634 955 782 1043 ejus
816 956 1090 1023 nomine
1120 954 1508 1044 appellatus
1536 967 1659 1023 est.
1698 956 1909 1025 lussit
1942 968 2168 1023 autem
2206 954 2386 1022 idem
2418 955 2664 1023 Christi
2693 976 2924 1031 servuS,

418 1044 644 1112 nescio
702 1043 863 1130 quid
918 1044 1189 1111 divinae
1248 1043 1313 1111 in
1369 1042 1484 1111 illo
1546 1043 1805 1143 gratiae
1855 1044 2370 1133 praesentiens,
2423 1056 2738 1113 accurate
2791 1063 2931 1111 eum

413 1131 727 1212 enutriri,
782 1145 855 1200 ut
905 1134 969 1200 in
1015 1131 1268 1221 templo
1304 1132 1570 1200 Domini
1611 1145 1959 1219 tamquam
1997 1131 2167 1201 alter
2200 1131 2500 1211 Samuel,
2542 1131 2928 1218 quandoque

404 1221 665 1309 jugiter
696 1221 997 1301 serviret,
1041 1232 1106 1288 et
1152 1233 1494 1289 crescente
1545 1221 1611 1290 in
1652 1220 1778 1290 illo.
1808 1222 2021 1310 gratia
2061 1220 2356 1309 Spiritus
2392 1221 2646 1302 Sancti,
2692 1221 2931 1289 intrans

416 1311 483 1377 in
526 1322 758 1379 sancta
796 1323 1212 1389 sanctorum,
1256 1309 1527 1378 offerret
1559 1310 1977 1379 sacrificium
2017 1332 2138 1400 pro
2175 1309 2431 1399 populo
2471 1310 2581 1378 Dei
2616 1334 2631 1377 :
2676 1308 2843 1396 quod
2877 1322 2927 1375 et

414 1398 669 1467 iactum
705 1410 825 1477 est,
866 1410 941 1467 ut
975 1419 1097 1466 suo
1132 1397 1276 1466 loco
1311 1396 1645 1468 dicemus.
2250 1467 2259 1477 ,

502 1488 537 1573 ξ
584 1492 672 1558 5.
731 1486 1121 1556 Ablactatus
1170 1485 1330 1555 inde
1384 1509 1551 1556 cura
1613 1498 1967 1576 parentum
2005 1542 2019 1566 ‚
2074 1510 2232 1556 cum
2285 1488 2431 1573 jam
2484 1486 2932 1574 quinquennis

413 1587 610 1655 esset,
666 1596 906 1646 rursus
961 1574 1043 1644 ad
1109 1574 1404 1644 eundem
1460 1586 1718 1664 patrem
1771 1575 2213 1646 Godefridum
2265 1575 2612 1645 adductus
2660 1588 2779 1643 est.
2831 1573 2931 1641 Ille

415 1685 569 1732 vero
620 1684 907 1753 puerum
960 1662 1386 1744 exosculans,
1441 1665 1753 1733 habiturn
1809 1664 2161 1753 religionis
2208 1665 2269 1732 ei
2303 1664 2608 1744 tradidit,
2647 1662 2931 1752 discipli·

418 1752 660 1839 nisque
711 1765 851 1820 tum
907 1751 1353 1833 liberalibu5‚
1410 1765 1554 1822 tum
1629 1754 2025 1823 monasticis
2090 1752 2455 1843 diligenter
2501 1752 2819 1822 erudivit.
2876 1755 2932 1819 Et

418 1839 529 1908 ille
590 1840 970 1930 puerulus,
1042 1841 1322 1930 perinde
1371 1855 1445 1910 ut
1493 1842 1662 1911 solet
1712 1842 2006 1922 humuS,
2064 1843 2276 1910 nimio
2318 1842 2482 1911 solis
2531 1841 2781 1909 adusta
2827 1839 2931 1908 ser·

418 1950 619 2009 vore,
677 1930 982 1999 infusum
1045 1932 1331 2000 imbrem
1384 1930 1694 1999 celeriter
1744 1931 2098 2010 imbibere,
2154 1944 2218 1999 et
2265 1930 2486 1999 fertile
2537 1930 2791 2011 solum,
2841 1951 2928 1997 ac-

414 2029 607 2107 cepto
656 2019 960 2098 semine,
1016 2019 1297 2088 messori
1350 2020 1699 2108 copiosam
1754 2019 2112 2089 refundere
2169 2032 2512 2108 segetem:
2558 2041 2596 2087 a
2636 2019 2928 2109 magistro

414 2106 683 2186 tradita,
740 2106 933 2175 avide
973 2108 1377 2176 hauriebat:
1430 2121 1494 2176 et
1546 2108 1770 2197 reipsa
1866 2130 2090 2196 uoque
2136 2121 2201 2176 et
2247 2129 2450 2198 opere
2498 2109 2767 2195 exequi,
2818 2106 2928 2175 avi·

410 2194 570 2265 dius
617 2209 679 2265 ct
727 2196 1079 2267 ardentius
1127 2197 1529 2266 conabatur.
1585 2196 1775 2265 Unde
1850 2210 2078 2266 actum
2128 2210 2251 2277 est,
2306 2210 2381 2266 ut
2414 2196 2500 2265 ab
2546 2196 2667 2264 illo
2726 2216 2926 2264 mona·

414 2284 599 2353 sterii
664 2298 849 2385 patre
916 2284 1299 2375 impensius
1364 2298 1756 2366 amaretur,
1828 2297 1893 2355 et
1943 2286 2086 2356 suis
2134 2307 2408 2373 quoque
2463 2286 2845 2354 coaetaneis
2883 2296 2926 2349 et

414 2372 816 2461 aequalibus
860 2395 991 2442 non
1030 2373 1356 2444 mediocri
1409 2374 1825 2444 venerationi
1875 2387 2072 2444 esset.
2128 2374 2520 2466 Augebatur
2568 2374 2838 2443 interim
2877 2371 2924 2440 in

418 2462 533 2531 illo
583 2464 799 2552 gratia
852 2463 1007 2541 Dei,
1069 2477 1133 2533 et
1184 2486 1416 2533 coram
1468 2469 1599 2534 Deo
1647 2477 1712 2533 et
1757 2464 2159 2535 hominibus
2210 2466 2276 2531 in
2315 2463 2462 2534 dies
2495 2476 2717 2533 aetate
2756 2478 2815 2532 et
2846 2483 2926 2531 sa·

418 2551 667 2640 pientia
721 2551 1139 2639 proficiebat.

500 2641 535 2724 ξ
584 2645 673 2710 θ.
731 2646 886 2708 Erat
918 2640 977 2708 ei
1015 2640 1242 2709 vultus
1278 2641 1772 2730 propemodum
1817 2641 2214 2731 angelicus:
2271 2662 2393 2710 nec
2437 2640 2644 2711 modo
2679 2660 2927 2727 aequae·

416 2748 574 2806 νος,
634 2727 747 2797 sed
799 2728 1000 2797 etiam
1053 2743 1266 2799 aetate
1318 2730 1657 2819 majores,
1731 2753 2000 2800 morum
2053 2730 2403 2799 honestate
2450 2742 2515 2799 et
2568 2730 2924 2799 maturitate

420 2815 740 2884 anteibat.
796 2821 951 2885 Erat
999 2818 1064 2884 in
1123 2817 1372 2907 vigiliis
1426 2841 1705 2907 pernox,
1762 2821 1999 2889 creber
2047 2819 2113 2886 in
2160 2820 2504 2908 precibus,
2570 2820 2924 2908 Scripturae

411 2903 685 2972 divinae
734 2905 1285 2975 studiosissimus
1320 2961 1334 2987 ,
1391 2929 1523 2976 non
1579 2908 1642 2975 id
1699 2920 2037 2997 spectanS,
2092 2908 2273 2993 quod
2330 2907 2644 2998 plerique
2695 2902 2920 2982 solent,

415 3006 488 3062 ut
534 2992 775 3063 doctus
824 2995 1211 3064 videretur:
1268 2995 1381 3064 sed
1424 2996 1662 3065 intime
1698 2996 1872 3066 lucis
1907 2996 2336 3077 suavitatem,
2390 3009 2454 3065 et
2489 2995 2921 3086 lacrymarum

412 3081 639 3170 largos
689 3082 942 3153 imbres
994 3083 1149 3153 inde
1209 3084 1536 3166 elicienS,
1591 3099 1792 3172 atque
1843 3084 2333 3175 intelligentiae
2401 3087 2649 3174 pennis
2710 3085 2787 3153 ad
2835 3104 2922 3151 su·

416 3193 623 3260 perna
688 3194 758 3241 se
823 3172 1138 3262 erigenS,
1193 3195 1368 3259 quae
1419 3173 1706 3243 lectione
1756 3173 2141 3252 didicerat,
2213 3187 2564 3260 tamquam
2620 3172 2922 3243 mundum

410 3258 665 3328 animal
718 3261 997 3330 assidua
1030 3262 1680 3331 commemoratione
1713 3263 2131 3331 ruminabat.
2183 3263 2325 3332 Cibi
2365 3277 2708 3350 potusque
2745 3258 2917 3330 multa

415 3350 479 3417 in
513 3371 591 3417 eo
617 3350 1023 3418 cernebatur
1057 3350 1471 3436 parsimonia
1502 3373 1515 3416 ε
1569 3352 1826 3441 quippe
1863 3373 2122 3420 memor
2150 3365 2295 3420 erat
2325 3350 2516 3420 illius
2551 3351 2920 3421 Boethianae

413 3439 805 3518 sententiae,
849 3452 1159 3508 naturam
1199 3439 1437 3527 paucis
1470 3440 1918 3527 minimisque
1960 3441 2161 3510 rebus
2194 3461 2342 3510 esse
2376 3454 2783 3509 contentam.
2821 3441 2919 3505 na·

411 3548 541 3612 que
590 3549 721 3596 non
777 3527 976 3597 modo
1027 3528 1417 3616 superflua,
1471 3528 1584 3597 sed
1629 3530 1831 3599 etiam
1877 3530 2261 3599 necessaria
2301 3530 2570 3616 corpori
2627 3550 2752 3598 non
2795 3543 2914 3593 raro

414 3615 882 3698 subtrahebat,
916 3616 1085 3685 adeo
1117 3629 1190 3685 ut
1227 3617 1634 3705 plerumque
1661 3617 1989 3687 fratribus
2018 3617 2247 3686 cibum
2279 3618 2732 3708 capientibus,
2766 3612 2917 3710 solus

414 3703 480 3771 in
533 3704 788 3796 templo
838 3705 1258 3774 meditationi
1310 3706 1451 3774 sive
1500 3705 1771 3776 lectioni
1808 3728 2081 3796 operam
2134 3705 2348 3788 daret,
2389 3720 2594 3794 atque
2634 3721 2910 3792 usquein

415 3806 675 3861 noctem
705 3793 1053 3883 jejunium
1106 3794 1536 3883 protrahens,
1582 3794 1968 3864 confectum
2005 3795 2234 3864 inedia
2281 3795 2765 3885 corpusculum
2797 3805 2910 3858 tum

411 3880 688 3951 demum
745 3905 878 3952 non
928 3883 1285 3970 exquisitis
1337 3882 1586 3971 epuliS,
1627 3883 1742 3952 sed
1799 3906 1972 3974 pane
2012 3896 2076 3953 et
2123 3906 2298 3972 aqua
2353 3884 2679 3954 reficeret.
2729 3883 2806 3949 Os
2844 3874 2909 3942 ab

411 3969 897 4040 obtrectatione
943 3984 1007 4041 et
1055 3972 1289 4040 otiosis
1355 3973 1793 4043 sermonibus
1844 3984 2170 4063 perpetuo
2222 3972 2627 4052 refrenavit,
2697 3990 2803 4038 nec
2841 3960 2905 4031 ad

412 4081 612 4128 aures
659 4060 1000 4149 ejusmodi
1049 4061 1235 4129 virus
1284 4059 1642 4129 admittere
1678 4061 1912 4132 voluit.
1969 4067 2110 4131 Non
2163 4074 2427 4131 tantum
2479 4055 2903 4155 superioribus

412 4160 477 4215 et
522 4148 948 4234 aequalibus,
1004 4149 1120 4218 sed
1169 4148 1373 4218 etiam
1426 4148 1890 4232 inferioribus,
1947 4150 2189 4220 Christi
2244 4151 2610 4220 Salvatoris
2648 4158 2900 4231 vestigiis

416 4257 536 4323 pro
588 4238 865 4308 modulo
915 4260 1039 4308 suo
1089 4238 1400 4308 insistere
1447 4239 1760 4329 cupiens,
1815 4239 2242 4310 obedientem
2298 4252 2362 4309 et
2413 4240 2802 4328 morigerum
2842 4246 2897 4294 se

414 4322 750 4425 praebuit,
788 4338 862 4395 ut
899 4328 1101 4396 etiam
1152 4341 1449 4397 extrema
1479 4350 1791 4418 quaeque
1828 4331 1915 4401 ab
1947 4329 2085 4399 illis
2119 4330 2477 4419 imperata,
2533 4325 2714 4424 haud·
2735 4335 2891 4390 secus

338 4487 342 4491 Α
414 4422 614 4497 atque
676 4435 732 4481 si
796 4415 1101 4490 Christus
1173 4416 1545 4504 jussisset,
1621 4420 1768 4490 sine
1832 4442 2021 4489 mora
2089 4417 2486 4506 exequenda
2547 4413 2882 4499 suscipeoel·
