2993 4837
611 301 738 362 518
1143 316 1219 360 οε
1269 315 1323 360 5.
1378 314 1675 360 ommno
1725 316 1964 360 ΑΒΒΑΤΕ.
2014 313 2436 361 SANGALLENffl
2743 294 2882 359 Nox.
2927 291 2933 360 l

524 415 786 470 tantum
826 401 1198 488 proterret,
1241 419 1417 485 quae
1458 399 1587 466 sibi
1644 401 2024 488 Episcopus
2076 401 2140 466 in
2195 399 2420 466 vicino
2465 397 2734 485 positus
2774 398 2933 466 dicem

522 489 925 558 insinuaret.
1001 487 1381 574 Aliquantis
1434 500 1675 556 'autem
1734 488 1908 556 vitae
1961 488 2112 570 ejus
2159 486 2502 576 exemplis
2572 509 2656 554 ac
2712 486 2926 556 virtutib

519 599 750 646 coram
788 576 1041 666 populo
1092 576 1380 645 breviter
1426 575 1763 656 recitatiS‚
1813 576 2173 644 Missarum
2221 575 2572 644 solemnia
2628 589 2933 664 peraguntu

521 665 960 756 populusque
1015 664 1096 734 ad
1143 687 1270 734 sua
1323 686 1482 733 cum
1535 664 1789 753 gaudio
1845 664 2234 733 revertitur.
2283 665 2688 754 Episcopus
2736 685 2862 731 vero
2893 665 2933 751 ip

521 767 719 824 nocte
754 754 1005 823 mansit
1049 754 1115 821 in
1155 754 1590 822 monasterio.
1647 759 1839 822 Mane
1886 766 2115 822 autem
2170 753 2382 834 factO,
2427 752 2693 822 fratres
2740 752 2802 819 in
2840 774 2933 824 unu

520 842 821 933 collegit,
873 856 1075 929 atque
1116 843 1291 910 inter
1338 842 1468 910 alia
1505 864 1739 911 sacrae
1781 842 2230 912 institutionis
2259 841 2724 921 documenta,
2753 840 2825 908 de
2847 862 2932 906 san

521 933 657 1001 Viri
713 932 972 1000 meritis
1031 945 1258 999 certus
1319 931 1616 999 existens
1647 985 1680 1010 ,,
1715 931 2140 1000 confidenter
2191 931 2589 1020 praecipit,
2655 943 2732 999 ut
2769 950 2933 1016 superi

521 1021 749 1089 niente
798 1020 1247 1108 depositionis
1292 1021 1445 1105 ejus
1498 1019 1631 1099 die,
1694 1020 1963 1110 vigilias
2004 1042 2082 1087 ac
2141 1020 2515 1088 Missarum
2578 1019 2933 1088 solemnial

523 1109 805 1179 norissce
842 1108 1219 1197 perficiant,
1274 1108 1595 1196 diemque
1644 1107 1839 1177 illum
1879 1122 2015 1176 tam
2071 1109 2224 1196 ipsi,
2277 1130 2496 1194 quam
2555 1108 2789 1177 omnis
2822 1105 2933 1175 sami

524 1199 705 1267 intra
757 1199 1246 1267 monasterium
1299 1197 1693 1274 constituta,
1751 1199 1815 1264 in
1862 1197 2118 1266 honore
2157 1199 2336 1266 beati
2377 1198 2712 1265 Othmari
2754 1196 2888 1263 seria

526 1310 684 1356 cum
739 1285 994 1376 gaudio
1042 1285 1373 1376 spiritalis
1424 1285 1718 1355 laetitiae
1766 1285 2081 1354 festivum
2135 1285 2570 1376 possideant.
2613 1286 2740 1354 His
2768 1305 2895 1352 omn

523 1379 611 1444 ita
647 1431 662 1455 ,
718 1389 792 1444 ut
842 1374 1205 1443 retulimus
1238 1430 1256 1454 ,
1315 1375 1645 1442 veraciter
1707 1375 1998 1464 peractis
2030 1429 2046 1454 ‚
2104 1374 2373 1464 praesul
2427 1374 2797 1462 benignus
2838 1395 2868 1440 o

524 1465 733 1533 nibus
801 1463 1086 1533 fratrum
1157 1486 1235 1532 ac
1306 1463 1780 1532 benedictione
1843 1466 2201 1544 munitm,
2282 1464 2800 1532 monasterium
2859 1461 2898 1528 la

521 1553 892 1643 egreditur.

610 1644 645 1728 ξ
695 1645 839 1713 m.
896 1646 1040 1722 Quo
1090 1663 1243 1710 vero
1295 1654 1682 1729 temporum
1736 1652 1938 1720 statu,
1994 1639 2092 1708 vel
2147 1640 2277 1709 sub
2324 1640 2603 1727 quibus
2658 1640 2841 1729 regni

521 1731 796 1820 cipibus
834 1731 995 1797 haec
1027 1742 1209 1818 gesta
1250 1729 1524 1808 fuerint,
1567 1731 1621 1798 si
1660 1729 1815 1816 quis
1851 1731 1960 1830 pie
1988 1729 2382 1815 quaerendo
2407 1750 2835 1818 cognoscere
2856 1749 2920 1806 cu¹

524 1820 589 1887 in
646 1819 772 1886 liae
825 1830 1092 1887 nostrae
1140 1819 1670 1907 conscriptionis
1736 1840 1908 1886 serie
1973 1817 2171 1887 facile
2221 1819 2464 1907 poterit
2522 1818 2834 1886 invenire
2879 1835 2902 1898 q

520 1908 805 1995 quaerit.
845 1912 999 1995 Ipsa
1040 1908 1224 1975 enim
1259 1921 1642 1995 temporum
1681 1918 1929 1975 statuta
1981 1907 2047 1974 in
2106 1907 2230 1975 hoc
2267 1906 2415 1976 loco
2468 1907 2635 1975 ideo
2670 1925 2898 1974 consen

525 2020 715 2076 mu5‚
770 2008 844 2064 ut
904 2010 967 2063 et
1028 1995 1399 2084 legentium
1455 1995 1658 2064 sidem
1709 1995 2152 2077 custodiant,
2207 2010 2271 2064 et
2322 1996 2667 2084 majorem
2723 1992 2880 2082 apud

526 2097 741 2153 steros
791 2085 1087 2173 vigorem
1146 2085 1249 2152 sui
1307 2083 1746 2153 adnotatione
1793 2085 2071 2173 scriptis
2118 2084 2508 2153 exhibeant.
2575 2085 2796 2174 Igitur
2833 2081 2914 2172 bea

521 2174 891 2243 Othmarus
929 2173 1170 2262 primis
1208 2173 1634 2262 temporibus
1684 2172 1927 2255 Caroli,
1987 2173 2198 2262 patris
2238 2173 2692 2241 carlomanni
2732 2186 2794 2238 et
2821 2170 2933 2254 Pipn

522 2285 559 2330 a
614 2262 1079 2331 Waldramnio
1130 2261 1339 2329 nobili
1392 2285 1469 2331 ac
1568 2275 1788 2331 otente
1839 2262 1982 2331 viro
2017 2316 2032 2341 ,
2085 2262 2170 2330 ad
2219 2261 2532 2350 ejusdem
2598 2259 2811 2330 Caroli
2862 2274 2933 2350 pr&

524 2352 811 2421 sentiam
865 2349 1207 2421 adductus
1244 2405 1258 2430 ‚
1329 2351 1510 2420 cellu
1543 2373 1650 2420 am
1716 2352 1931 2420 sancti
1986 2349 2159 2418 Galli
2222 2351 2760 2440 gubernandam
2818 2343 2933 2414 abll

523 2441 849 2529 suscepit,
888 2441 1174 2529 ejusque
1217 2441 1682 2528 possessiones
1735 2462 1853 2529 per
1902 2439 2116 2508 multa
2165 2462 2507 2509 annorum
2578 2440 2797 2529 spatia
2841 2425 2933 2533 inti

523 2531 739 2599 versis
790 2529 994 2598 rebus
1043 2529 1362 2597 nobiliter
1393 2527 1908 2618 augmentando
1948 2528 2275 2597 dilatavit.
2327 2528 2669 2607 Defuncto
2699 2530 2933 2595 auterntl

525 2617 671 2687 rolo
711 2640 842 2685 non
887 2630 1035 2706 post
1071 2616 1322 2686 multos
1361 2640 1603 2698 annm,
1651 2617 1837 2686 fitius
1885 2617 2039 2704 ejus
2075 2617 2583 2688 carlomannus
2610 2618 2668 2699 ⁴²,
2709 2614 2910 2684 divino,

525 2718 827 2795 putatur,
881 2727 1134 2783 amore,
1190 2706 1466 2774 omissis
1518 2705 1847 2775 secularis
1899 2728 2191 2796 pompae
2238 2706 2532 2786 deliciis,
2582 2712 2933 2795 germanos!

528 2795 766 2882 Pipino
816 2794 1003 2883 regni
1057 2795 1522 2884 gubernacula
1587 2794 1909 2882 reliquit:
1983 2808 2046 2863 et
2117 2794 2338 2885 primo
2389 2800 2655 2864 Rornae
2718 2795 2779 2859 in
2837 2802 2933 2879 mnf]

525 2883 780 2951 Soracti
844 2882 1024 2972 apud
1087 2883 1450 2957 ecclesiam
1510 2884 1726 2951 sancti
1790 2882 2090 2951 Silvestri
2154 2897 2551 2953 constructo
2617 2888 2933 2977 monasterii

528 2971 864 3060 regularis
916 2972 1084 3038 vitae
1137 2973 1467 3041 institutis
1521 2971 1730 3039 libera
1781 2972 1956 3040 colla
2005 2971 2352 3052 subdidit;
2406 2996 2484 3040 ac
2527 2971 2772 3040 deinde
2821 2968 2868 3032 in
2905 2976 2933 3024 51

453 3124 458 3129 .
528 3061 784 3128 mniani
825 3061 1241 3149 provinciam
1296 3062 1381 3129 ob
1416 3083 1719 3129 amorem
1755 3061 2136 3130 secretioris
2174 3062 2344 3129 vitae
2378 3061 2707 3129 secedens
2734 3114 2748 3137 ‚
2799 3058 2848 3122 in
2887 3060 2933 3201 τι]

529 3151 823 3237 nasterio
870 3151 1081 3217 sancti
1128 3150 1496 3230 Benedicti,
1542 3149 1719 3235 quod
1765 3164 1864 3216 est
1916 3149 2122 3217 situm
2178 3151 2242 3216 in
2294 3164 2518 3218 castro
2579 3149 2902 3219 Cassino.r

426 3291 433 3299 .
520 3260 736 3324 quum
788 3239 956 3306 vitae
1003 3254 1270 3327 tenipus
1324 3238 1637 3327 religiose
1685 3237 2154 3306 conversando
2195 3238 2586 3327 complevit.
2645 3244 2714 3305 At
2763 3226 2933 3301 veroli

527 3329 733 3415 pinus
772 3344 957 3409 pater
989 3327 1201 3396 Caroli
1251 3327 1707 3417 imperatoris,
1753 3348 1870 3413 per
1903 3328 2373 3396 auctoritatem
2413 3326 2738 3416 Stephani
2771 3324 2933 3390 Roma!

523 3416 892 3495 Pontificis,
933 3416 1240 3504 deposito
1289 3440 1367 3485 ac
1417 3416 1701 3486 detonso
1744 3421 1920 3506 Rege
1957 3415 2359 3495 childerico,
2397 3436 2582 3485 anno
2615 3416 2699 3483 ab
2735 3415 2933 3506 Ιηρειζῡᾶ

526 3506 708 3574 tione
764 3506 1028 3573 Domini
1073 3506 1680 3593 septingentesimo
1727 3505 2304 3594 quinquagesimo
2351 3519 2638 3590 quarto,
2687 3498 2933 3570 Indictmss,

525 3595 840 3683 septima,
883 3616 958 3661 ex
1001 3593 1333 3681 praesecto
1387 3594 1615 3682 palatii
1657 3600 1789 3664 Rex
1827 3595 2265 3671 constitutus,
2305 3594 2496 3663 solus
2539 3590 2797 3662 Francis
2824 3596 2933 3671 003?

529 3684 887 3772 imperare.
946 3684 1066 3751 His
1118 3682 1210 3750 ita
1259 3684 1508 3770 gestis,
1570 3682 1915 3771 praefatus
1966 3683 2067 3749 vir
2111 3682 2676 3757 Waldrammus‚
2723 3676 2794 3744 ad
2834 3680 2933 3810 cult}

529 3772 1028 3860 possessionem
1080 3771 1331 3841 cellula
1382 3773 1599 3840 sancti
1664 3771 1836 3840 Galli
1888 3770 2085 3856 quasi
2157 3770 2611 3841 haereditario
2645 3770 2786 3856 jure
2830 3765 2922 3845 peri

529 3882 686 3929 nere
738 3861 1115 3940 videbatur,
1170 3874 1520 3948 comperto
1569 3860 1749 3947 quod
1804 3860 2093 3948 Pipinus
2143 3881 2218 3928 ex
2272 3863 2680 3928 Francorum
2712 3852 2933 3951 conset-‘l

524 3950 590 4017 in
644 3950 835 4038 regni
884 3963 1061 4017 esset
1111 3949 1271 4019 sede
1318 3948 1718 4023 collocatus,
1775 3950 2000 4017 virum
2061 3948 2170 4016 Dei
2228 3948 2656 4025 Othmarum,
2712 3948 2851 4011 sicut
2883 3944 2928 3994 511

528 4039 753 4128 perior
815 4038 987 4106 vitae
1048 4037 1199 4125 ejus
1266 4037 1544 4107 libellus
1609 4037 1888 4117 edocet,
1964 4037 2202 4105 iterato
2272 4058 2673 4105 assumens.
2717 4027 2787 4098 ad
2832 4014 2933 4109 ΡΜ

527 4128 699 4196 tium
756 4126 1093 4215 perduxit,
1147 4140 1350 4213 atque
1400 4126 1708 4216 ejusdem
1763 4125 1893 4195 loci
1947 4125 2221 4195 titulum
2268 4125 2401 4215 ipsi
2449 4126 2802 4195 othmaroa
2838 4113 2933 4185 Rt-’gl

561 4323 601 4378 ᾗ*
630 4322 1011 4368 carolomannus.
1040 4324 1195 4362 Caroli
1224 4324 1428 4363 Martem
1460 4323 1602 4366 fliius.
1622 4320 1775 4362 Caroli
1797 4320 1949 4371 Magni
1973 4320 2273 4379 imperatoris
2301 4324 2512 4381 patruus.
2531 4320 2705 4371 repente
2729 4305 2854 4366 mundo
2867 4294 2933 4384 *ἒ

522 4375 700 4418 dicens.
728 4378 1032 4415 monasticam
1065 4378 1213 4416 vitam
1242 4379 1484 4424 amplexus
1516 4381 1588 4415 est
1617 4386 1735 4415 anuo
1768 4377 1858 4415 74⁷.
1890 4377 2016 4415 Obiit
2047 4386 2168 4415 auno
2190 4377 2265 4415 755
2287 4376 2335 4415 iu
2356 4364 2890 4423 02111a;seducmee2w
2931 4390 2932 4395 =

522 4426 625 4466 viae
648 4429 1001 4471 cussinum.ubi
1021 4432 1062 4469 ts
1083 4432 1260 4470 multos
1283 4441 1431 4471 anuos
1452 4430 1648 4475 vixerat.
1667 4430 1848 4470 delatae
1865 4430 2069 4470 fuerunt.
