<?xml version="1.0" encoding="UTF-8"?>
<!DOCTYPE html PUBLIC "-//W3C//DTD XHTML 1.0 Transitional//EN"
    "http://www.w3.org/TR/xhtml1/DTD/xhtml1-transitional.dtd">
<html xmlns="http://www.w3.org/1999/xhtml" xml:lang="en" lang="en">
 <head>
  <title>
</title>
<meta http-equiv="Content-Type" content="text/html;charset=utf-8" />
  <meta name='ocr-system' content='tesseract 3.04.00' />
  <meta name='ocr-capabilities' content='ocr_page ocr_carea ocr_par ocr_line ocrx_word'/>
</head>
<body>
  <div class='ocr_page' id='page_1' title='image "./historiaeseuvit05lippgoog_0696.png"; bbox 0 0 2993 4837; ppageno 0'>
   <div class='ocr_carea' id='block_1_1' title="bbox 386 297 2796 366">
    <p class='ocr_par' dir='ltr' id='par_1_1' title="bbox 386 297 2796 366">
     <span class='ocr_line' id='line_1_1' title="bbox 386 297 2796 366; baseline -0.001 -2"><span class='ocrx_word' id='word_1_1' title='bbox 386 302 514 366; x_wconf 78' lang='lat'>652</span> <span class='ocrx_word' id='word_1_2' title='bbox 980 319 1053 362; x_wconf 78' lang='lat' dir='ltr'>m:</span> <span class='ocrx_word' id='word_1_3' title='bbox 1105 318 1158 362; x_wconf 81' lang='lat' dir='ltr'>s,</span> <span class='ocrx_word' id='word_1_4' title='bbox 1205 315 1489 363; x_wconf 69' lang='lat' dir='ltr'>cAEmmA</span> <span class='ocrx_word' id='word_1_5' title='bbox 1540 317 1830 362; x_wconf 65' lang='lat' dir='ltr'>murras</span> <span class='ocrx_word' id='word_1_6' title='bbox 1879 318 1953 361; x_wconf 72' lang='lat' dir='ltr'>m</span> <span class='ocrx_word' id='word_1_7' title='bbox 2001 316 2170 362; x_wconf 75' lang='lat' dir='ltr'>AthS</span> <span class='ocrx_word' id='word_1_8' title='bbox 2522 297 2681 361; x_wconf 68' lang='lat' dir='ltr'>Nov.</span> <span class='ocrx_word' id='word_1_9' title='bbox 2729 299 2796 361; x_wconf 70' lang='lat'>22</span> 
     </span>
    </p>
   </div>
   <div class='ocr_carea' id='block_1_2' title="bbox 208 399 2846 4488">
    <p class='ocr_par' dir='ltr' id='par_1_2' title="bbox 290 399 2828 1020">
     <span class='ocr_line' id='line_1_2' title="bbox 296 399 2804 480; baseline -0.001 -10"><span class='ocrx_word' id='word_1_10' title='bbox 296 401 586 472; x_wconf 90' lang='lat' dir='ltr'>dicendo</span> <span class='ocrx_word' id='word_1_11' title='bbox 619 424 733 471; x_wconf 88' lang='lat' dir='ltr'>vos</span> <span class='ocrx_word' id='word_1_12' title='bbox 768 400 1105 469; x_wconf 70' lang='lat' dir='ltr'>inutiliter</span> <span class='ocrx_word' id='word_1_13' title='bbox 1150 422 1392 468; x_wconf 91' lang='lat' dir='ltr'>omnes</span> <span class='ocrx_word' id='word_1_14' title='bbox 1443 415 1700 469; x_wconf 83' lang='lat' dir='ltr'>vestros</span> <span class='ocrx_word' id='word_1_15' title='bbox 1753 422 2075 470; x_wconf 84' lang='lat' dir='ltr'><strong>nummos</strong></span> <span class='ocrx_word' id='word_1_16' title='bbox 2115 422 2270 470; x_wconf 87' lang='lat' dir='ltr'>esse</span> <span class='ocrx_word' id='word_1_17' title='bbox 2319 399 2610 480; x_wconf 75' lang='lat' dir='ltr'>datm-OS,</span> <span class='ocrx_word' id='word_1_18' title='bbox 2658 421 2804 469; x_wconf 88' lang='lat' dir='ltr'>num</span> 
     </span>
     <span class='ocr_line' id='line_1_3' title="bbox 296 488 2816 579; baseline -0 -20"><span class='ocrx_word' id='word_1_19' title='bbox 296 513 410 560; x_wconf 90' lang='lat' dir='ltr'>eos</span> <span class='ocrx_word' id='word_1_20' title='bbox 438 489 676 561; x_wconf 90' lang='lat' dir='ltr'>essetis</span> <span class='ocrx_word' id='word_1_21' title='bbox 714 489 986 557; x_wconf 81' lang='lat' dir='ltr'>irrisuri</span> <span class='ocrx_word' id='word_1_22' title='bbox 1031 501 1109 558; x_wconf 91' lang='lat' dir='ltr'>ut</span> <span class='ocrx_word' id='word_1_23' title='bbox 1147 490 1567 578; x_wconf 78' lang='lat' dir='ltr'>ignorante3‚</span> <span class='ocrx_word' id='word_1_24' title='bbox 1629 501 1694 557; x_wconf 89' lang='lat' dir='ltr'>et</span> <span class='ocrx_word' id='word_1_25' title='bbox 1740 489 1863 576; x_wconf 88' lang='lat' dir='ltr'>qui</span> <span class='ocrx_word' id='word_1_26' title='bbox 1913 488 2087 557; x_wconf 87' lang='lat' dir='ltr'>nihil</span> <span class='ocrx_word' id='word_1_27' title='bbox 2141 500 2659 579; x_wconf 87' lang='lat' dir='ltr'>cognoscerent;</span> <span class='ocrx_word' id='word_1_28' title='bbox 2710 510 2816 558; x_wconf 73' lang='lat' dir='ltr'>vos</span> 
     </span>
     <span class='ocr_line' id='line_1_4' title="bbox 293 578 2817 668; baseline -0.001 -20"><span class='ocrx_word' id='word_1_29' title='bbox 293 592 521 648; x_wconf 89' lang='lat' dir='ltr'>autem</span> <span class='ocrx_word' id='word_1_30' title='bbox 559 578 716 647; x_wconf 91' lang='lat' dir='ltr'>laeti</span> <span class='ocrx_word' id='word_1_31' title='bbox 750 579 1141 657; x_wconf 87' lang='lat' dir='ltr'>curreretis,</span> <span class='ocrx_word' id='word_1_32' title='bbox 1195 578 1379 664; x_wconf 91' lang='lat' dir='ltr'>quod</span> <span class='ocrx_word' id='word_1_33' title='bbox 1437 600 1596 646; x_wconf 88' lang='lat' dir='ltr'>cum</span> <span class='ocrx_word' id='word_1_34' title='bbox 1636 580 1933 668; x_wconf 86' lang='lat' dir='ltr'>pretioso</span> <span class='ocrx_word' id='word_1_35' title='bbox 1996 600 2169 646; x_wconf 87' lang='lat' dir='ltr'>auro</span> <span class='ocrx_word' id='word_1_36' title='bbox 2206 579 2446 646; x_wconf 89' lang='lat' dir='ltr'>essetis</span> <span class='ocrx_word' id='word_1_37' title='bbox 2492 592 2817 667; x_wconf 85' lang='lat' dir='ltr'>permuta-</span> 
     </span>
     <span class='ocr_line' id='line_1_5' title="bbox 294 666 2822 757; baseline -0.001 -20"><span class='ocrx_word' id='word_1_38' title='bbox 294 668 429 737; x_wconf 91' lang='lat' dir='ltr'>turi</span> <span class='ocrx_word' id='word_1_39' title='bbox 479 688 594 736; x_wconf 89' lang='lat' dir='ltr'>aes</span> <span class='ocrx_word' id='word_1_40' title='bbox 630 666 1045 746; x_wconf 82' lang='lat' dir='ltr'>miserabile,</span> <span class='ocrx_word' id='word_1_41' title='bbox 1099 679 1163 736; x_wconf 90' lang='lat' dir='ltr'>et</span> <span class='ocrx_word' id='word_1_42' title='bbox 1197 688 1329 735; x_wconf 91' lang='lat' dir='ltr'>non</span> <span class='ocrx_word' id='word_1_43' title='bbox 1387 668 1621 757; x_wconf 83' lang='lat' dir='ltr'>magni</span> <span class='ocrx_word' id='word_1_44' title='bbox 1674 668 1926 757; x_wconf 76' lang='lat' dir='ltr'>pretii?</span> <span class='ocrx_word' id='word_1_45' title='bbox 1973 680 2037 735; x_wconf 90' lang='lat' dir='ltr'>et</span> <span class='ocrx_word' id='word_1_46' title='bbox 2071 689 2190 736; x_wconf 88' lang='lat' dir='ltr'>vos</span> <span class='ocrx_word' id='word_1_47' title='bbox 2239 667 2513 753; x_wconf 86' lang='lat' dir='ltr'>quidem</span> <span class='ocrx_word' id='word_1_48' title='bbox 2569 666 2822 755; x_wconf 84' lang='lat' dir='ltr'>pondus</span> 
     </span>
     <span class='ocr_line' id='line_1_6' title="bbox 290 755 2828 846; baseline -0 -23"><span class='ocrx_word' id='word_1_49' title='bbox 290 779 415 846; x_wconf 89' lang='lat' dir='ltr'>pro</span> <span class='ocrx_word' id='word_1_50' title='bbox 498 756 750 825; x_wconf 89' lang='lat' dir='ltr'>ondere</span> <span class='ocrx_word' id='word_1_51' title='bbox 830 756 1098 836; x_wconf 89' lang='lat' dir='ltr'>audetis</span> <span class='ocrx_word' id='word_1_52' title='bbox 1139 756 1490 846; x_wconf 86' lang='lat' dir='ltr'>accipere:</span> <span class='ocrx_word' id='word_1_53' title='bbox 1549 762 1728 825; x_wconf 69' lang='lat' dir='ltr'>&#39;Deus</span> <span class='ocrx_word' id='word_1_54' title='bbox 1773 770 2001 825; x_wconf 88' lang='lat' dir='ltr'>autem</span> <span class='ocrx_word' id='word_1_55' title='bbox 2056 777 2190 823; x_wconf 88' lang='lat' dir='ltr'>non</span> <span class='ocrx_word' id='word_1_56' title='bbox 2244 756 2361 824; x_wconf 87' lang='lat' dir='ltr'>dat</span> <span class='ocrx_word' id='word_1_57' title='bbox 2407 755 2664 845; x_wconf 89' lang='lat' dir='ltr'>pondus</span> <span class='ocrx_word' id='word_1_58' title='bbox 2713 777 2828 844; x_wconf 88' lang='lat' dir='ltr'>pro</span> 
     </span>
     <span class='ocr_line' id='line_1_7' title="bbox 292 779 2825 934; baseline -0 -21"><span class='ocrx_word' id='word_1_59' title='bbox 292 866 424 934; x_wconf 91' lang='lat' dir='ltr'>pon</span> <span class='ocrx_word' id='word_1_60' title='bbox 481 866 634 924; x_wconf 87' lang='lat' dir='ltr'>ere;</span> <span class='ocrx_word' id='word_1_61' title='bbox 689 779 827 912; x_wconf 42' lang='lat' dir='ltr'>set?</span> <span class='ocrx_word' id='word_1_62' title='bbox 868 843 1119 933; x_wconf 88' lang='lat' dir='ltr'>accipit</span> <span class='ocrx_word' id='word_1_63' title='bbox 1185 845 1518 934; x_wconf 90' lang='lat' dir='ltr'>simplum</span> <span class='ocrx_word' id='word_1_64' title='bbox 1561 858 1626 913; x_wconf 90' lang='lat' dir='ltr'>et</span> <span class='ocrx_word' id='word_1_65' title='bbox 1691 845 1915 914; x_wconf 81' lang='lat' dir='ltr'>reddit</span> <span class='ocrx_word' id='word_1_66' title='bbox 1978 843 2429 934; x_wconf 88' lang='lat' dir='ltr'>centuplum:</span> <span class='ocrx_word' id='word_1_67' title='bbox 2496 857 2825 933; x_wconf 80' lang='lat' dir='ltr'>praeterea</span> 
     </span>
     <span class='ocr_line' id='line_1_8' title="bbox 291 935 1504 1020; baseline 0 -20"><span class='ocrx_word' id='word_1_68' title='bbox 291 955 449 1004; x_wconf 90' lang='lat' dir='ltr'>vero</span> <span class='ocrx_word' id='word_1_69' title='bbox 480 935 686 1002; x_wconf 86' lang='lat' dir='ltr'>vitam</span> <span class='ocrx_word' id='word_1_70' title='bbox 728 954 1004 1020; x_wconf 91' lang='lat' dir='ltr'>quoque</span> <span class='ocrx_word' id='word_1_71' title='bbox 1052 945 1423 1002; x_wconf 88' lang='lat' dir='ltr'>aeternam.</span> <span class='ocrx_word' id='word_1_72' title='bbox 1467 957 1504 1000; x_wconf 85' lang='lat'>»</span> 
     </span>
    </p>

    <p class='ocr_par' dir='ltr' id='par_1_3' title="bbox 208 1022 2846 2602">
     <span class='ocr_line' id='line_1_9' title="bbox 378 1022 2834 1110; baseline -0.002 -16"><span class='ocrx_word' id='word_1_73' title='bbox 378 1025 415 1110; x_wconf 69' lang='grc' dir='ltr'><strong>ἓ</strong></span> <span class='ocrx_word' id='word_1_74' title='bbox 465 1027 625 1094; x_wconf 65' lang='lat'>28.</span> <span class='ocrx_word' id='word_1_75' title='bbox 680 1026 846 1090; x_wconf 90' lang='lat' dir='ltr'>Cum</span> <span class='ocrx_word' id='word_1_76' title='bbox 902 1025 1066 1090; x_wconf 89' lang='lat' dir='ltr'>haec</span> <span class='ocrx_word' id='word_1_77' title='bbox 1120 1035 1344 1091; x_wconf 89' lang='lat' dir='ltr'>autem</span> <span class='ocrx_word' id='word_1_78' title='bbox 1398 1023 1584 1091; x_wconf 88' lang='lat' dir='ltr'>dicta</span> <span class='ocrx_word' id='word_1_79' title='bbox 1612 1035 1904 1091; x_wconf 88' lang='lat' dir='ltr'>essenta</span> <span class='ocrx_word' id='word_1_80' title='bbox 1945 1024 2136 1091; x_wconf 87' lang='lat' dir='ltr'>beata</span> <span class='ocrx_word' id='word_1_81' title='bbox 2187 1022 2498 1100; x_wconf 82' lang='lat' dir='ltr'>Caecilia,</span> <span class='ocrx_word' id='word_1_82' title='bbox 2529 1022 2834 1090; x_wconf 86' lang='lat' dir='ltr'>ascendit</span> 
     </span>
     <span class='ocr_line' id='line_1_10' title="bbox 290 1110 2838 1201; baseline 0 -23"><span class='ocrx_word' id='word_1_83' title='bbox 290 1132 506 1201; x_wconf 87' lang='lat' dir='ltr'>supra</span> <span class='ocrx_word' id='word_1_84' title='bbox 541 1123 830 1200; x_wconf 89' lang='lat' dir='ltr'>petram,</span> <span class='ocrx_word' id='word_1_85' title='bbox 866 1133 1041 1197; x_wconf 90' lang='lat' dir='ltr'>quae</span> <span class='ocrx_word' id='word_1_86' title='bbox 1074 1122 1218 1179; x_wconf 91' lang='lat' dir='ltr'>erat</span> <span class='ocrx_word' id='word_1_87' title='bbox 1253 1132 1461 1200; x_wconf 83' lang='lat' dir='ltr'>prope</span> <span class='ocrx_word' id='word_1_88' title='bbox 1538 1110 1698 1180; x_wconf 90' lang='lat' dir='ltr'>edes</span> <span class='ocrx_word' id='word_1_89' title='bbox 1737 1112 1911 1199; x_wconf 90' lang='lat' dir='ltr'>ejus,</span> <span class='ocrx_word' id='word_1_90' title='bbox 1958 1123 2023 1180; x_wconf 94' lang='lat' dir='ltr'>et</span> <span class='ocrx_word' id='word_1_91' title='bbox 2049 1111 2588 1179; x_wconf 89' lang='lat' dir='ltr'>dicitomnibus:</span> <span class='ocrx_word' id='word_1_92' title='bbox 2619 1135 2653 1177; x_wconf 65' lang='grc' dir='ltr'>«ι</span> <span class='ocrx_word' id='word_1_93' title='bbox 2683 1116 2838 1179; x_wconf 82' lang='lat' dir='ltr'>Cre—</span> 
     </span>
     <span class='ocr_line' id='line_1_11' title="bbox 297 1199 2832 1285; baseline -0.002 -18"><span class='ocrx_word' id='word_1_94' title='bbox 297 1200 459 1268; x_wconf 89' lang='lat' dir='ltr'>ditis</span> <span class='ocrx_word' id='word_1_95' title='bbox 508 1222 611 1281; x_wconf 87' lang='lat' dir='ltr'>ea,</span> <span class='ocrx_word' id='word_1_96' title='bbox 670 1220 849 1285; x_wconf 86' lang='lat' dir='ltr'>quae</span> <span class='ocrx_word' id='word_1_97' title='bbox 897 1199 1038 1268; x_wconf 87' lang='lat' dir='ltr'>dixi</span> <span class='ocrx_word' id='word_1_98' title='bbox 1078 1199 1316 1269; x_wconf 82' lang='lat' dir='ltr'>vobis?</span> <span class='ocrx_word' id='word_1_99' title='bbox 1343 1223 1378 1266; x_wconf 82' lang='lat'><strong>»</strong></span> <span class='ocrx_word' id='word_1_100' title='bbox 1428 1200 1482 1268; x_wconf 95' lang='lat' dir='ltr'>Il</span> <span class='ocrx_word' id='word_1_101' title='bbox 1520 1201 1539 1268; x_wconf 90' lang='lat' dir='ltr'>i</span> <span class='ocrx_word' id='word_1_102' title='bbox 1584 1213 1810 1269; x_wconf 88' lang='lat' dir='ltr'>autem</span> <span class='ocrx_word' id='word_1_103' title='bbox 1845 1221 1984 1269; x_wconf 88' lang='lat' dir='ltr'>una</span> <span class='ocrx_word' id='word_1_104' title='bbox 2023 1220 2183 1268; x_wconf 85' lang='lat' dir='ltr'>voce</span> <span class='ocrx_word' id='word_1_105' title='bbox 2214 1199 2535 1268; x_wconf 83' lang='lat' dir='ltr'>dixerunt</span> <span class='ocrx_word' id='word_1_106' title='bbox 2571 1222 2832 1268; x_wconf 81' lang='lat' dir='ltr'>omnes:</span> 
     </span>
     <span class='ocr_line' id='line_1_12' title="bbox 290 1288 2828 1369; baseline 0.001 -15"><span class='ocrx_word' id='word_1_107' title='bbox 290 1313 326 1354; x_wconf 85' lang='lat'>«</span> <span class='ocrx_word' id='word_1_108' title='bbox 359 1293 545 1358; x_wconf 84' lang='lat' dir='ltr'>Certe</span> <span class='ocrx_word' id='word_1_109' title='bbox 579 1288 929 1358; x_wconf 88' lang='lat' dir='ltr'>credimus</span> <span class='ocrx_word' id='word_1_110' title='bbox 962 1290 1028 1356; x_wconf 89' lang='lat' dir='ltr'>in</span> <span class='ocrx_word' id='word_1_111' title='bbox 1067 1289 1407 1358; x_wconf 76' lang='lat' dir='ltr'>Christum</span> <span class='ocrx_word' id='word_1_112' title='bbox 1455 1288 1701 1357; x_wconf 90' lang='lat' dir='ltr'>Filium</span> <span class='ocrx_word' id='word_1_113' title='bbox 1742 1290 1880 1369; x_wconf 89' lang='lat' dir='ltr'>Dei,</span> <span class='ocrx_word' id='word_1_114' title='bbox 1927 1311 2085 1356; x_wconf 89' lang='lat' dir='ltr'>eum</span> <span class='ocrx_word' id='word_1_115' title='bbox 2135 1310 2284 1357; x_wconf 86' lang='lat' dir='ltr'>esse</span> <span class='ocrx_word' id='word_1_116' title='bbox 2323 1310 2556 1356; x_wconf 90' lang='lat' dir='ltr'>verum</span> <span class='ocrx_word' id='word_1_117' title='bbox 2596 1294 2828 1366; x_wconf 80' lang='lat' dir='ltr'>Deum,</span> 
     </span>
     <span class='ocr_line' id='line_1_13' title="bbox 208 1376 2842 1464; baseline -0 -18"><span class='ocrx_word' id='word_1_118' title='bbox 208 1453 211 1458; x_wconf 54' lang='grc'><strong>,</strong></span> <span class='ocrx_word' id='word_1_119' title='bbox 290 1378 410 1464; x_wconf 86' lang='lat' dir='ltr'>qui</span> <span class='ocrx_word' id='word_1_120' title='bbox 446 1393 506 1446; x_wconf 92' lang='lat' dir='ltr'>te</span> <span class='ocrx_word' id='word_1_121' title='bbox 549 1378 750 1446; x_wconf 89' lang='lat' dir='ltr'>talem</span> <span class='ocrx_word' id='word_1_122' title='bbox 804 1377 1006 1446; x_wconf 89' lang='lat' dir='ltr'>habet</span> <span class='ocrx_word' id='word_1_123' title='bbox 1063 1376 1414 1446; x_wconf 81' lang='lat' dir='ltr'>ancillam.</span> <span class='ocrx_word' id='word_1_124' title='bbox 1453 1401 1488 1442; x_wconf 85' lang='lat'>»</span> <span class='ocrx_word' id='word_1_125' title='bbox 1548 1379 1724 1447; x_wconf 82' lang='lat' dir='ltr'>Dicit</span> <span class='ocrx_word' id='word_1_126' title='bbox 1768 1379 1869 1446; x_wconf 90' lang='lat' dir='ltr'>eis</span> <span class='ocrx_word' id='word_1_127' title='bbox 1908 1390 2141 1446; x_wconf 90' lang='lat' dir='ltr'>sancta</span> <span class='ocrx_word' id='word_1_128' title='bbox 2193 1376 2515 1446; x_wconf 87' lang='lat' dir='ltr'>Caecilia:</span> <span class='ocrx_word' id='word_1_129' title='bbox 2549 1401 2584 1442; x_wconf 81' lang='lat'>«</span> <span class='ocrx_word' id='word_1_130' title='bbox 2621 1382 2718 1445; x_wconf 88' lang='lat' dir='ltr'>Ite</span> <span class='ocrx_word' id='word_1_131' title='bbox 2764 1377 2842 1444; x_wconf 85' lang='lat' dir='ltr'>de</span> 
     </span>
     <span class='ocr_line' id='line_1_14' title="bbox 290 1465 2836 1555; baseline -0.001 -20"><span class='ocrx_word' id='word_1_132' title='bbox 290 1478 576 1546; x_wconf 81' lang='lat' dir='ltr'>caetem,</span> <span class='ocrx_word' id='word_1_133' title='bbox 622 1479 687 1534; x_wconf 90' lang='lat' dir='ltr'>et</span> <span class='ocrx_word' id='word_1_134' title='bbox 743 1465 949 1535; x_wconf 92' lang='lat' dir='ltr'>dicite</span> <span class='ocrx_word' id='word_1_135' title='bbox 983 1466 1460 1536; x_wconf 88' lang='lat' dir='ltr'>infelicissimo</span> <span class='ocrx_word' id='word_1_136' title='bbox 1509 1466 1883 1544; x_wconf 78' lang='lat' dir='ltr'>Almachio‚</span> <span class='ocrx_word' id='word_1_137' title='bbox 1929 1465 2109 1552; x_wconf 92' lang='lat' dir='ltr'>quod</span> <span class='ocrx_word' id='word_1_138' title='bbox 2148 1487 2274 1555; x_wconf 84' lang='lat' dir='ltr'>ego</span> <span class='ocrx_word' id='word_1_139' title='bbox 2317 1487 2535 1535; x_wconf 90' lang='lat' dir='ltr'>unum</span> <span class='ocrx_word' id='word_1_140' title='bbox 2579 1466 2836 1535; x_wconf 87' lang='lat' dir='ltr'>donum</span> 
     </span>
     <span class='ocr_line' id='line_1_15' title="bbox 294 1554 2834 1644; baseline 0.001 -20"><span class='ocrx_word' id='word_1_141' title='bbox 294 1569 466 1644; x_wconf 91' lang='lat' dir='ltr'>peto,</span> <span class='ocrx_word' id='word_1_142' title='bbox 508 1576 590 1623; x_wconf 89' lang='lat' dir='ltr'>ne</span> <span class='ocrx_word' id='word_1_143' title='bbox 622 1555 832 1622; x_wconf 87' lang='lat' dir='ltr'>nimis</span> <span class='ocrx_word' id='word_1_144' title='bbox 861 1555 1268 1624; x_wconf 84' lang='lat' dir='ltr'>acceleretis</span> <span class='ocrx_word' id='word_1_145' title='bbox 1301 1577 1524 1624; x_wconf 90' lang='lat' dir='ltr'>meam</span> <span class='ocrx_word' id='word_1_146' title='bbox 1546 1556 2100 1625; x_wconf 88' lang='lat' dir='ltr'>decertationem.</span> <span class='ocrx_word' id='word_1_147' title='bbox 2137 1560 2274 1642; x_wconf 81' lang='lat' dir='ltr'>Ego</span> <span class='ocrx_word' id='word_1_148' title='bbox 2301 1567 2529 1624; x_wconf 88' lang='lat' dir='ltr'>autem</span> <span class='ocrx_word' id='word_1_149' title='bbox 2563 1554 2834 1626; x_wconf 77' lang='lat' dir='ltr'>faciam.</span> 
     </span>
     <span class='ocr_line' id='line_1_16' title="bbox 290 1643 2845 1733; baseline -0.001 -21"><span class='ocrx_word' id='word_1_150' title='bbox 290 1657 366 1712; x_wconf 90' lang='lat' dir='ltr'>ut</span> <span class='ocrx_word' id='word_1_151' title='bbox 406 1645 469 1711; x_wconf 92' lang='lat' dir='ltr'>in</span> <span class='ocrx_word' id='word_1_152' title='bbox 512 1644 794 1712; x_wconf 88' lang='lat' dir='ltr'>domum</span> <span class='ocrx_word' id='word_1_153' title='bbox 852 1665 1070 1711; x_wconf 86' lang='lat' dir='ltr'>meam</span> <span class='ocrx_word' id='word_1_154' title='bbox 1111 1644 1334 1712; x_wconf 89' lang='lat' dir='ltr'>veniat</span> <span class='ocrx_word' id='word_1_155' title='bbox 1375 1644 1857 1714; x_wconf 87' lang='lat' dir='ltr'>sanctissimus</span> <span class='ocrx_word' id='word_1_156' title='bbox 1907 1650 2087 1733; x_wconf 88' lang='lat' dir='ltr'>Papa</span> <span class='ocrx_word' id='word_1_157' title='bbox 2139 1644 2482 1721; x_wconf 81' lang='lat' dir='ltr'>UrbanuS‚</span> <span class='ocrx_word' id='word_1_158' title='bbox 2534 1656 2612 1712; x_wconf 91' lang='lat' dir='ltr'>ut</span> <span class='ocrx_word' id='word_1_159' title='bbox 2645 1643 2845 1713; x_wconf 84' lang='lat' dir='ltr'>faciat</span> 
     </span>
     <span class='ocr_line' id='line_1_17' title="bbox 292 1732 2846 1822; baseline 0.001 -24"><span class='ocrx_word' id='word_1_160' title='bbox 292 1755 406 1801; x_wconf 85' lang='lat' dir='ltr'>vos</span> <span class='ocrx_word' id='word_1_161' title='bbox 465 1755 707 1801; x_wconf 88' lang='lat' dir='ltr'>omnes</span> <span class='ocrx_word' id='word_1_162' title='bbox 768 1732 942 1800; x_wconf 81' lang='lat' dir='ltr'>vitae</span> <span class='ocrx_word' id='word_1_163' title='bbox 982 1744 1297 1801; x_wconf 90' lang='lat' dir='ltr'>aeternae</span> <span class='ocrx_word' id='word_1_164' title='bbox 1359 1733 1749 1822; x_wconf 77' lang='lat' dir='ltr'>participes,</span> <span class='ocrx_word' id='word_1_165' title='bbox 1804 1746 1870 1802; x_wconf 91' lang='lat' dir='ltr'>et</span> <span class='ocrx_word' id='word_1_166' title='bbox 1926 1734 2024 1801; x_wconf 90' lang='lat' dir='ltr'>sic</span> <span class='ocrx_word' id='word_1_167' title='bbox 2083 1733 2192 1800; x_wconf 90' lang='lat' dir='ltr'>Dei</span> <span class='ocrx_word' id='word_1_168' title='bbox 2245 1732 2666 1822; x_wconf 75' lang='lat' dir='ltr'>providentia</span> <span class='ocrx_word' id='word_1_169' title='bbox 2723 1753 2846 1821; x_wconf 84' lang='lat' dir='ltr'>ego</span> 
     </span>
     <span class='ocr_line' id='line_1_18' title="bbox 286 1821 2839 1910; baseline 0.001 -23"><span class='ocrx_word' id='word_1_170' title='bbox 286 1843 561 1907; x_wconf 83' lang='lat' dir='ltr'>quoque</span> <span class='ocrx_word' id='word_1_171' title='bbox 594 1822 1155 1891; x_wconf 89' lang='lat' dir='ltr'>consummabor.</span> <span class='ocrx_word' id='word_1_172' title='bbox 1198 1845 1231 1886; x_wconf 87' lang='lat'>»</span> <span class='ocrx_word' id='word_1_173' title='bbox 1282 1827 1471 1890; x_wconf 89' lang='lat' dir='ltr'>Tunc</span> <span class='ocrx_word' id='word_1_174' title='bbox 1505 1843 1663 1890; x_wconf 89' lang='lat' dir='ltr'>cum</span> <span class='ocrx_word' id='word_1_175' title='bbox 1712 1823 1776 1890; x_wconf 90' lang='lat' dir='ltr'>in</span> <span class='ocrx_word' id='word_1_176' title='bbox 1820 1822 1971 1910; x_wconf 89' lang='lat' dir='ltr'>ejus</span> <span class='ocrx_word' id='word_1_177' title='bbox 2004 1821 2291 1889; x_wconf 87' lang='lat' dir='ltr'>domum</span> <span class='ocrx_word' id='word_1_178' title='bbox 2337 1823 2631 1890; x_wconf 85' lang='lat' dir='ltr'>venisset</span> <span class='ocrx_word' id='word_1_179' title='bbox 2679 1843 2839 1890; x_wconf 87' lang='lat' dir='ltr'>sau·</span> 
     </span>
     <span class='ocr_line' id='line_1_19' title="bbox 288 1909 2839 2001; baseline 0.001 -24"><span class='ocrx_word' id='word_1_180' title='bbox 288 1911 640 1978; x_wconf 86' lang='lat' dir='ltr'>ctissimus</span> <span class='ocrx_word' id='word_1_181' title='bbox 689 1914 868 1999; x_wconf 86' lang='lat' dir='ltr'>Papa</span> <span class='ocrx_word' id='word_1_182' title='bbox 936 1910 1274 1990; x_wconf 82' lang='lat' dir='ltr'>UrbanuS,</span> <span class='ocrx_word' id='word_1_183' title='bbox 1344 1910 1712 1999; x_wconf 86' lang='lat' dir='ltr'>baptizavit</span> <span class='ocrx_word' id='word_1_184' title='bbox 1763 1911 2131 2001; x_wconf 86' lang='lat' dir='ltr'>plusquam</span> <span class='ocrx_word' id='word_1_185' title='bbox 2199 1909 2839 1999; x_wconf 82' lang='lat' dir='ltr'>quandringentos‚</span> 
     </span>
     <span class='ocr_line' id='line_1_20' title="bbox 287 1998 2837 2086; baseline -0 -19"><span class='ocrx_word' id='word_1_186' title='bbox 287 1998 535 2068; x_wconf 87' lang='lat' dir='ltr'>diversi</span> <span class='ocrx_word' id='word_1_187' title='bbox 579 2021 806 2078; x_wconf 87' lang='lat' dir='ltr'>sexus,</span> <span class='ocrx_word' id='word_1_188' title='bbox 848 1999 1161 2068; x_wconf 86' lang='lat' dir='ltr'>fortunae</span> <span class='ocrx_word' id='word_1_189' title='bbox 1199 2012 1262 2068; x_wconf 88' lang='lat' dir='ltr'>et</span> <span class='ocrx_word' id='word_1_190' title='bbox 1300 2000 1562 2067; x_wconf 88' lang='lat' dir='ltr'>aetatis.</span> <span class='ocrx_word' id='word_1_191' title='bbox 1623 2005 1805 2069; x_wconf 84' lang='lat' dir='ltr'>Inter</span> <span class='ocrx_word' id='word_1_192' title='bbox 1847 2021 2021 2086; x_wconf 90' lang='lat' dir='ltr'>quos</span> <span class='ocrx_word' id='word_1_193' title='bbox 2051 2011 2196 2067; x_wconf 88' lang='lat' dir='ltr'>erat</span> <span class='ocrx_word' id='word_1_194' title='bbox 2236 1999 2341 2066; x_wconf 88' lang='lat' dir='ltr'>vir</span> <span class='ocrx_word' id='word_1_195' title='bbox 2379 1999 2837 2076; x_wconf 72' lang='lat' dir='ltr'>clarissimu3‚</span> 
     </span>
     <span class='ocr_line' id='line_1_21' title="bbox 290 2088 2846 2177; baseline -0.001 -21"><span class='ocrx_word' id='word_1_196' title='bbox 290 2088 566 2157; x_wconf 90' lang='lat' dir='ltr'>nomine</span> <span class='ocrx_word' id='word_1_197' title='bbox 601 2088 1014 2170; x_wconf 77' lang='lat' dir='ltr'>Gordianus.</span> <span class='ocrx_word' id='word_1_198' title='bbox 1070 2093 1133 2156; x_wconf 90' lang='lat' dir='ltr'>Is</span> <span class='ocrx_word' id='word_1_199' title='bbox 1173 2109 1331 2156; x_wconf 90' lang='lat' dir='ltr'>cum</span> <span class='ocrx_word' id='word_1_200' title='bbox 1378 2093 1598 2177; x_wconf 89' lang='lat' dir='ltr'>Papae</span> <span class='ocrx_word' id='word_1_201' title='bbox 1629 2089 1951 2177; x_wconf 89' lang='lat' dir='ltr'>precibus</span> <span class='ocrx_word' id='word_1_202' title='bbox 1982 2088 2265 2156; x_wconf 86' lang='lat' dir='ltr'>domum</span> <span class='ocrx_word' id='word_1_203' title='bbox 2309 2102 2582 2156; x_wconf 88' lang='lat' dir='ltr'>sanctae</span> <span class='ocrx_word' id='word_1_204' title='bbox 2616 2089 2846 2156; x_wconf 83' lang='lat' dir='ltr'>Caeci-</span> 
     </span>
     <span class='ocr_line' id='line_1_22' title="bbox 288 2175 2842 2262; baseline -0.001 -17"><span class='ocrx_word' id='word_1_205' title='bbox 288 2176 419 2246; x_wconf 90' lang='lat' dir='ltr'>liae</span> <span class='ocrx_word' id='word_1_206' title='bbox 469 2177 729 2245; x_wconf 89' lang='lat' dir='ltr'>vocavit</span> <span class='ocrx_word' id='word_1_207' title='bbox 760 2198 838 2245; x_wconf 87' lang='lat' dir='ltr'>ex</span> <span class='ocrx_word' id='word_1_208' title='bbox 873 2198 1000 2245; x_wconf 93' lang='lat' dir='ltr'>suo</span> <span class='ocrx_word' id='word_1_209' title='bbox 1036 2176 1335 2255; x_wconf 90' lang='lat' dir='ltr'>nomine,</span> <span class='ocrx_word' id='word_1_210' title='bbox 1376 2189 1454 2247; x_wconf 95' lang='lat' dir='ltr'>ut</span> <span class='ocrx_word' id='word_1_211' title='bbox 1504 2178 1569 2244; x_wconf 88' lang='lat' dir='ltr'>in</span> <span class='ocrx_word' id='word_1_212' title='bbox 1622 2178 1892 2247; x_wconf 90' lang='lat' dir='ltr'>occulto</span> <span class='ocrx_word' id='word_1_213' title='bbox 1924 2199 2002 2245; x_wconf 82' lang='lat' dir='ltr'>ex</span> <span class='ocrx_word' id='word_1_214' title='bbox 2057 2175 2175 2243; x_wconf 91' lang='lat' dir='ltr'>illo</span> <span class='ocrx_word' id='word_1_215' title='bbox 2224 2176 2360 2255; x_wconf 87' lang='lat' dir='ltr'>die,</span> <span class='ocrx_word' id='word_1_216' title='bbox 2396 2197 2477 2244; x_wconf 83' lang='lat' dir='ltr'>ex</span> <span class='ocrx_word' id='word_1_217' title='bbox 2514 2198 2652 2262; x_wconf 93' lang='lat' dir='ltr'>quo</span> <span class='ocrx_word' id='word_1_218' title='bbox 2704 2175 2842 2244; x_wconf 87' lang='lat' dir='ltr'>illic</span> 
     </span>
     <span class='ocr_line' id='line_1_23' title="bbox 287 2264 2834 2354; baseline -0.001 -19"><span class='ocrx_word' id='word_1_219' title='bbox 287 2267 532 2335; x_wconf 87' lang='lat' dir='ltr'>Christi</span> <span class='ocrx_word' id='word_1_220' title='bbox 567 2279 917 2354; x_wconf 88' lang='lat' dir='ltr'>peractum</span> <span class='ocrx_word' id='word_1_221' title='bbox 959 2277 1060 2333; x_wconf 90' lang='lat' dir='ltr'>est</span> <span class='ocrx_word' id='word_1_222' title='bbox 1092 2265 1459 2353; x_wconf 90' lang='lat' dir='ltr'>baptisma,</span> <span class='ocrx_word' id='word_1_223' title='bbox 1505 2264 1693 2334; x_wconf 86' lang='lat' dir='ltr'>fieret</span> <span class='ocrx_word' id='word_1_224' title='bbox 1734 2266 2034 2335; x_wconf 89' lang='lat' dir='ltr'>Ecclesia</span> <span class='ocrx_word' id='word_1_225' title='bbox 2075 2265 2425 2333; x_wconf 87' lang='lat' dir='ltr'>Dominica</span> <span class='ocrx_word' id='word_1_226' title='bbox 2462 2320 2475 2344; x_wconf 95' lang='lat'>,</span> <span class='ocrx_word' id='word_1_227' title='bbox 2530 2265 2727 2342; x_wconf 84' lang='lat' dir='ltr'>ade0,</span> <span class='ocrx_word' id='word_1_228' title='bbox 2764 2279 2834 2332; x_wconf 91' lang='lat' dir='ltr'>ut</span> 
     </span>
     <span class='ocr_line' id='line_1_24' title="bbox 287 2353 2836 2444; baseline -0.001 -19"><span class='ocrx_word' id='word_1_229' title='bbox 287 2355 768 2425; x_wconf 87' lang='lat' dir='ltr'>sanctissimus</span> <span class='ocrx_word' id='word_1_230' title='bbox 793 2375 1067 2441; x_wconf 90' lang='lat' dir='ltr'>quoque</span> <span class='ocrx_word' id='word_1_231' title='bbox 1102 2359 1281 2444; x_wconf 88' lang='lat' dir='ltr'>Papa</span> <span class='ocrx_word' id='word_1_232' title='bbox 1321 2354 1639 2424; x_wconf 87' lang='lat' dir='ltr'>Urbanus</span> <span class='ocrx_word' id='word_1_233' title='bbox 1687 2355 1830 2424; x_wconf 90' lang='lat' dir='ltr'>illic</span> <span class='ocrx_word' id='word_1_234' title='bbox 1863 2353 2129 2424; x_wconf 87' lang='lat' dir='ltr'>occulte</span> <span class='ocrx_word' id='word_1_235' title='bbox 2160 2353 2532 2433; x_wconf 87' lang='lat' dir='ltr'>habitaret;</span> <span class='ocrx_word' id='word_1_236' title='bbox 2589 2354 2657 2422; x_wconf 91' lang='lat' dir='ltr'>in</span> <span class='ocrx_word' id='word_1_237' title='bbox 2695 2355 2836 2422; x_wconf 83' lang='lat' dir='ltr'>dies</span> 
     </span>
     <span class='ocr_line' id='line_1_25' title="bbox 286 2443 2834 2534; baseline -0 -23"><span class='ocrx_word' id='word_1_238' title='bbox 286 2458 510 2513; x_wconf 82' lang='lat' dir='ltr'>autem</span> <span class='ocrx_word' id='word_1_239' title='bbox 547 2444 794 2512; x_wconf 86' lang='lat' dir='ltr'>Christi</span> <span class='ocrx_word' id='word_1_240' title='bbox 832 2444 1322 2534; x_wconf 86' lang='lat' dir='ltr'>redemptionis</span> <span class='ocrx_word' id='word_1_241' title='bbox 1359 2443 1551 2513; x_wconf 86' lang='lat' dir='ltr'>lucra</span> <span class='ocrx_word' id='word_1_242' title='bbox 1602 2444 1740 2514; x_wconf 91' lang='lat' dir='ltr'>illic</span> <span class='ocrx_word' id='word_1_243' title='bbox 1773 2456 2180 2521; x_wconf 80' lang='lat' dir='ltr'>crescerent,</span> <span class='ocrx_word' id='word_1_244' title='bbox 2235 2456 2300 2512; x_wconf 93' lang='lat' dir='ltr'>et</span> <span class='ocrx_word' id='word_1_245' title='bbox 2325 2443 2584 2513; x_wconf 90' lang='lat' dir='ltr'>diaboli</span> <span class='ocrx_word' id='word_1_246' title='bbox 2617 2455 2834 2513; x_wconf 83' lang='lat' dir='ltr'>essent</span> 
     </span>
     <span class='ocr_line' id='line_1_26' title="bbox 286 2532 1141 2602; baseline 0 -1"><span class='ocrx_word' id='word_1_247' title='bbox 286 2533 541 2602; x_wconf 88' lang='lat' dir='ltr'>damna</span> <span class='ocrx_word' id='word_1_248' title='bbox 578 2532 1141 2601; x_wconf 87' lang='lat' dir='ltr'>innumerabilia.</span> 
     </span>
    </p>

    <p class='ocr_par' dir='ltr' id='par_1_4' title="bbox 272 2620 2836 4488">
     <span class='ocr_line' id='line_1_27' title="bbox 373 2620 2830 2707; baseline -0.002 -15"><span class='ocrx_word' id='word_1_249' title='bbox 373 2624 409 2707; x_wconf 67' lang='grc' dir='ltr'><strong>ξ</strong></span> <span class='ocrx_word' id='word_1_250' title='bbox 460 2624 610 2692; x_wconf 69' lang='lat'>924.</span> <span class='ocrx_word' id='word_1_251' title='bbox 668 2626 833 2690; x_wconf 88' lang='lat' dir='ltr'>Cum</span> <span class='ocrx_word' id='word_1_252' title='bbox 879 2622 1045 2690; x_wconf 89' lang='lat' dir='ltr'>haec</span> <span class='ocrx_word' id='word_1_253' title='bbox 1101 2635 1329 2690; x_wconf 90' lang='lat' dir='ltr'>autem</span> <span class='ocrx_word' id='word_1_254' title='bbox 1396 2622 1656 2699; x_wconf 83' lang='lat' dir='ltr'>fierent,</span> <span class='ocrx_word' id='word_1_255' title='bbox 1723 2623 2120 2691; x_wconf 76' lang='lat' dir='ltr'>Almachius</span> <span class='ocrx_word' id='word_1_256' title='bbox 2185 2620 2386 2691; x_wconf 88' lang='lat' dir='ltr'>Urbis</span> <span class='ocrx_word' id='word_1_257' title='bbox 2444 2620 2830 2690; x_wconf 82' lang='lat' dir='ltr'>Praefectus</span> 
     </span>
     <span class='ocr_line' id='line_1_28' title="bbox 272 2708 2832 2801; baseline -0.001 -23"><span class='ocrx_word' id='word_1_258' title='bbox 272 2710 473 2800; x_wconf 90' lang='lat' dir='ltr'>jubet</span> <span class='ocrx_word' id='word_1_259' title='bbox 497 2731 724 2778; x_wconf 89' lang='lat' dir='ltr'>coram</span> <span class='ocrx_word' id='word_1_260' title='bbox 761 2732 832 2777; x_wconf 92' lang='lat' dir='ltr'>se</span> <span class='ocrx_word' id='word_1_261' title='bbox 866 2711 1013 2779; x_wconf 88' lang='lat' dir='ltr'>sisti</span> <span class='ocrx_word' id='word_1_262' title='bbox 1050 2709 1443 2780; x_wconf 85' lang='lat' dir='ltr'>Caeciliam:</span> <span class='ocrx_word' id='word_1_263' title='bbox 1489 2732 1696 2797; x_wconf 90' lang='lat' dir='ltr'>quam</span> <span class='ocrx_word' id='word_1_264' title='bbox 1737 2711 2189 2801; x_wconf 77' lang='lat' dir='ltr'>interroganS‚</span> <span class='ocrx_word' id='word_1_265' title='bbox 2235 2711 2298 2778; x_wconf 92' lang='lat' dir='ltr'>ei</span> <span class='ocrx_word' id='word_1_266' title='bbox 2333 2710 2533 2779; x_wconf 88' lang='lat' dir='ltr'>dicit:</span> <span class='ocrx_word' id='word_1_267' title='bbox 2581 2733 2616 2773; x_wconf 71' lang='grc' dir='ltr'>ε(</span> <span class='ocrx_word' id='word_1_268' title='bbox 2645 2708 2832 2790; x_wconf 88' lang='lat' dir='ltr'>Quod</span> 
     </span>
     <span class='ocr_line' id='line_1_29' title="bbox 282 2799 2836 2889; baseline -0.002 -22"><span class='ocrx_word' id='word_1_269' title='bbox 282 2813 384 2867; x_wconf 88' lang='lat' dir='ltr'>est</span> <span class='ocrx_word' id='word_1_270' title='bbox 418 2820 661 2866; x_wconf 90' lang='lat' dir='ltr'>nomen</span> <span class='ocrx_word' id='word_1_271' title='bbox 697 2809 917 2878; x_wconf 89' lang='lat' dir='ltr'>tuum,</span> <span class='ocrx_word' id='word_1_272' title='bbox 965 2821 1004 2867; x_wconf 93' lang='lat' dir='ltr'>o</span> <span class='ocrx_word' id='word_1_273' title='bbox 1039 2799 1313 2889; x_wconf 74' lang='lat' dir='ltr'>puella?</span> <span class='ocrx_word' id='word_1_274' title='bbox 1346 2821 1383 2864; x_wconf 88' lang='lat'>«</span> <span class='ocrx_word' id='word_1_275' title='bbox 1416 2799 1792 2888; x_wconf 87' lang='lat' dir='ltr'>Respondit·</span> <span class='ocrx_word' id='word_1_276' title='bbox 1831 2814 2106 2868; x_wconf 86' lang='lat' dir='ltr'>sancta:</span> <span class='ocrx_word' id='word_1_277' title='bbox 2153 2823 2189 2865; x_wconf 86' lang='lat'>«</span> <span class='ocrx_word' id='word_1_278' title='bbox 2225 2799 2539 2867; x_wconf 90' lang='lat' dir='ltr'>Caecilia.</span> <span class='ocrx_word' id='word_1_279' title='bbox 2573 2821 2610 2862; x_wconf 79' lang='lat'><strong>»</strong></span> <span class='ocrx_word' id='word_1_280' title='bbox 2663 2799 2836 2865; x_wconf 76' lang='lat' dir='ltr'>Dixit</span> 
     </span>
     <span class='ocr_line' id='line_1_30' title="bbox 283 2885 2830 2977; baseline -0.003 -21"><span class='ocrx_word' id='word_1_281' title='bbox 283 2887 667 2956; x_wconf 87' lang='lat' dir='ltr'>Praefectus</span> <span class='ocrx_word' id='word_1_282' title='bbox 716 2888 1152 2957; x_wconf 75' lang='lat' dir='ltr'>Almachius:</span> <span class='ocrx_word' id='word_1_283' title='bbox 1209 2911 1244 2953; x_wconf 93' lang='lat'>«</span> <span class='ocrx_word' id='word_1_284' title='bbox 1282 2888 1491 2977; x_wconf 90' lang='lat' dir='ltr'>Cujus</span> <span class='ocrx_word' id='word_1_285' title='bbox 1543 2912 1615 2957; x_wconf 88' lang='lat' dir='ltr'>es</span> <span class='ocrx_word' id='word_1_286' title='bbox 1667 2888 2138 2957; x_wconf 76' lang='lat' dir='ltr'>conditionis?</span> <span class='ocrx_word' id='word_1_287' title='bbox 2181 2911 2217 2954; x_wconf 78' lang='grc'>)&gt;</span> <span class='ocrx_word' id='word_1_288' title='bbox 2271 2889 2447 2956; x_wconf 83' lang='lat' dir='ltr'>Dixit</span> <span class='ocrx_word' id='word_1_289' title='bbox 2497 2885 2830 2956; x_wconf 85' lang='lat' dir='ltr'>Caecilia:</span> 
     </span>
     <span class='ocr_line' id='line_1_31' title="bbox 286 2974 2833 3066; baseline 0 -24"><span class='ocrx_word' id='word_1_290' title='bbox 286 3001 319 3043; x_wconf 93' lang='lat'>«</span> <span class='ocrx_word' id='word_1_291' title='bbox 355 2982 664 3063; x_wconf 79' lang='lat' dir='ltr'>Ingenua</span> <span class='ocrx_word' id='word_1_292' title='bbox 698 2998 776 3043; x_wconf 86' lang='lat' dir='ltr'>ex</span> <span class='ocrx_word' id='word_1_293' title='bbox 816 2975 1247 3045; x_wconf 83' lang='lat' dir='ltr'>clarissimis.</span> <span class='ocrx_word' id='word_1_294' title='bbox 1282 2999 1316 3041; x_wconf 89' lang='lat'>»</span> <span class='ocrx_word' id='word_1_295' title='bbox 1367 2977 1542 3045; x_wconf 85' lang='lat' dir='ltr'>Dixit</span> <span class='ocrx_word' id='word_1_296' title='bbox 1578 2975 2000 3045; x_wconf 84' lang='lat' dir='ltr'>Praefectus:</span> <span class='ocrx_word' id='word_1_297' title='bbox 2056 3000 2092 3043; x_wconf 90' lang='lat'>«</span> <span class='ocrx_word' id='word_1_298' title='bbox 2123 2982 2260 3066; x_wconf 83' lang='lat' dir='ltr'>Ego</span> <span class='ocrx_word' id='word_1_299' title='bbox 2311 2988 2374 3044; x_wconf 86' lang='lat' dir='ltr'>te</span> <span class='ocrx_word' id='word_1_300' title='bbox 2424 2997 2587 3064; x_wconf 83' lang='lat' dir='ltr'>rogo</span> <span class='ocrx_word' id='word_1_301' title='bbox 2621 2974 2703 3042; x_wconf 86' lang='lat' dir='ltr'>de</span> <span class='ocrx_word' id='word_1_302' title='bbox 2739 2996 2833 3042; x_wconf 87' lang='lat' dir='ltr'>re-</span> 
     </span>
     <span class='ocr_line' id='line_1_32' title="bbox 284 3065 2831 3155; baseline -0.001 -21"><span class='ocrx_word' id='word_1_303' title='bbox 284 3066 561 3155; x_wconf 85' lang='lat' dir='ltr'>ligione,</span> <span class='ocrx_word' id='word_1_304' title='bbox 620 3086 751 3132; x_wconf 90' lang='lat' dir='ltr'>non</span> <span class='ocrx_word' id='word_1_305' title='bbox 792 3079 1017 3133; x_wconf 89' lang='lat' dir='ltr'>autem</span> <span class='ocrx_word' id='word_1_306' title='bbox 1070 3065 1154 3133; x_wconf 89' lang='lat' dir='ltr'>de</span> <span class='ocrx_word' id='word_1_307' title='bbox 1187 3086 1454 3155; x_wconf 80' lang='lat' dir='ltr'>genere.</span> <span class='ocrx_word' id='word_1_308' title='bbox 1492 3088 1528 3131; x_wconf 87' lang='lat'>»</span> <span class='ocrx_word' id='word_1_309' title='bbox 1580 3072 1824 3135; x_wconf 90' lang='lat' dir='ltr'>Sancta</span> <span class='ocrx_word' id='word_1_310' title='bbox 1874 3066 2046 3135; x_wconf 84' lang='lat' dir='ltr'>dixit</span> <span class='ocrx_word' id='word_1_311' title='bbox 2079 3065 2412 3135; x_wconf 89' lang='lat' dir='ltr'>Caecilia:</span> <span class='ocrx_word' id='word_1_312' title='bbox 2468 3089 2505 3129; x_wconf 86' lang='lat'>«</span> <span class='ocrx_word' id='word_1_313' title='bbox 2539 3070 2831 3132; x_wconf 88' lang='lat' dir='ltr'>Interro-</span> 
     </span>
     <span class='ocr_line' id='line_1_33' title="bbox 284 3151 2834 3245; baseline -0.002 -22"><span class='ocrx_word' id='word_1_314' title='bbox 284 3156 467 3245; x_wconf 86' lang='lat' dir='ltr'>gatio</span> <span class='ocrx_word' id='word_1_315' title='bbox 517 3166 631 3223; x_wconf 91' lang='lat' dir='ltr'>tua</span> <span class='ocrx_word' id='word_1_316' title='bbox 683 3153 971 3222; x_wconf 90' lang='lat' dir='ltr'>stultum</span> <span class='ocrx_word' id='word_1_317' title='bbox 1014 3156 1236 3245; x_wconf 92' lang='lat' dir='ltr'>coepit</span> <span class='ocrx_word' id='word_1_318' title='bbox 1292 3154 1741 3243; x_wconf 90' lang='lat' dir='ltr'>principium,</span> <span class='ocrx_word' id='word_1_319' title='bbox 1799 3177 1976 3240; x_wconf 91' lang='lat' dir='ltr'>quae</span> <span class='ocrx_word' id='word_1_320' title='bbox 2016 3154 2153 3225; x_wconf 93' lang='lat' dir='ltr'>duo</span> <span class='ocrx_word' id='word_1_321' title='bbox 2204 3175 2532 3241; x_wconf 88' lang='lat' dir='ltr'>responsa</span> <span class='ocrx_word' id='word_1_322' title='bbox 2577 3151 2834 3220; x_wconf 84' lang='lat' dir='ltr'>videtur</span> 
     </span>
     <span class='ocr_line' id='line_1_34' title="bbox 280 3241 2828 3329; baseline -0.002 -17"><span class='ocrx_word' id='word_1_323' title='bbox 280 3243 527 3313; x_wconf 88' lang='lat' dir='ltr'>elicere</span> <span class='ocrx_word' id='word_1_324' title='bbox 561 3265 639 3311; x_wconf 82' lang='lat' dir='ltr'>ex</span> <span class='ocrx_word' id='word_1_325' title='bbox 674 3264 811 3310; x_wconf 91' lang='lat' dir='ltr'>una</span> <span class='ocrx_word' id='word_1_326' title='bbox 874 3245 1296 3329; x_wconf 74' lang='lat' dir='ltr'>quaestione.</span> <span class='ocrx_word' id='word_1_327' title='bbox 1340 3266 1374 3308; x_wconf 89' lang='lat'>»</span> <span class='ocrx_word' id='word_1_328' title='bbox 1431 3244 1600 3312; x_wconf 84' lang='lat' dir='ltr'>Dixit</span> <span class='ocrx_word' id='word_1_329' title='bbox 1633 3244 2052 3312; x_wconf 88' lang='lat' dir='ltr'>Praefectus:</span> <span class='ocrx_word' id='word_1_330' title='bbox 2109 3268 2143 3309; x_wconf 85' lang='lat'>«</span> <span class='ocrx_word' id='word_1_331' title='bbox 2172 3242 2530 3311; x_wconf 89' lang='lat' dir='ltr'>Undenam</span> <span class='ocrx_word' id='word_1_332' title='bbox 2563 3255 2664 3310; x_wconf 89' lang='lat' dir='ltr'>est</span> <span class='ocrx_word' id='word_1_333' title='bbox 2713 3241 2828 3308; x_wconf 87' lang='lat' dir='ltr'>tibi</span> 
     </span>
     <span class='ocr_line' id='line_1_35' title="bbox 280 3329 2832 3421; baseline -0.002 -20"><span class='ocrx_word' id='word_1_334' title='bbox 280 3333 448 3401; x_wconf 89' lang='lat' dir='ltr'>haec</span> <span class='ocrx_word' id='word_1_335' title='bbox 504 3331 867 3400; x_wconf 58' lang='lat' dir='ltr'>fiduciaf»</span> <span class='ocrx_word' id='word_1_336' title='bbox 924 3332 1294 3421; x_wconf 86' lang='lat' dir='ltr'>Respondit</span> <span class='ocrx_word' id='word_1_337' title='bbox 1343 3345 1617 3400; x_wconf 87' lang='lat' dir='ltr'>sancta:</span> <span class='ocrx_word' id='word_1_338' title='bbox 1675 3355 1710 3399; x_wconf 89' lang='lat'>«</span> <span class='ocrx_word' id='word_1_339' title='bbox 1751 3338 1839 3401; x_wconf 86' lang='lat' dir='ltr'>Ex</span> <span class='ocrx_word' id='word_1_340' title='bbox 1873 3333 2050 3401; x_wconf 90' lang='lat' dir='ltr'>bona</span> <span class='ocrx_word' id='word_1_341' title='bbox 2090 3330 2535 3410; x_wconf 86' lang='lat' dir='ltr'>conscientia,</span> <span class='ocrx_word' id='word_1_342' title='bbox 2589 3343 2653 3398; x_wconf 92' lang='lat' dir='ltr'>et</span> <span class='ocrx_word' id='word_1_343' title='bbox 2703 3329 2832 3397; x_wconf 79' lang='lat' dir='ltr'>fide</span> 
     </span>
     <span class='ocr_line' id='line_1_36' title="bbox 286 3418 2829 3511; baseline -0.002 -22"><span class='ocrx_word' id='word_1_344' title='bbox 286 3444 420 3491; x_wconf 90' lang='lat' dir='ltr'>non</span> <span class='ocrx_word' id='word_1_345' title='bbox 487 3421 835 3489; x_wconf 89' lang='lat' dir='ltr'>simulata.</span> <span class='ocrx_word' id='word_1_346' title='bbox 880 3443 914 3485; x_wconf 86' lang='lat'>»</span> <span class='ocrx_word' id='word_1_347' title='bbox 967 3422 1138 3489; x_wconf 89' lang='lat' dir='ltr'>Dixit</span> <span class='ocrx_word' id='word_1_348' title='bbox 1201 3420 1638 3490; x_wconf 89' lang='lat' dir='ltr'>Praefectus:</span> <span class='ocrx_word' id='word_1_349' title='bbox 1694 3444 1729 3486; x_wconf 89' lang='lat'>«</span> <span class='ocrx_word' id='word_1_350' title='bbox 1785 3426 2071 3511; x_wconf 85' lang='lat' dir='ltr'>Ignoras</span> <span class='ocrx_word' id='word_1_351' title='bbox 2132 3441 2474 3507; x_wconf 86' lang='lat' dir='ltr'>quaenam</span> <span class='ocrx_word' id='word_1_352' title='bbox 2527 3421 2613 3487; x_wconf 90' lang='lat' dir='ltr'>sit</span> <span class='ocrx_word' id='word_1_353' title='bbox 2664 3418 2829 3485; x_wconf 83' lang='lat' dir='ltr'>mihi</span> 
     </span>
     <span class='ocr_line' id='line_1_37' title="bbox 284 3507 2828 3600; baseline -0.002 -22"><span class='ocrx_word' id='word_1_354' title='bbox 284 3514 633 3600; x_wconf 78' lang='lat' dir='ltr'>potestas?</span> <span class='ocrx_word' id='word_1_355' title='bbox 667 3533 700 3575; x_wconf 89' lang='lat'>»</span> <span class='ocrx_word' id='word_1_356' title='bbox 756 3511 930 3578; x_wconf 81' lang='lat' dir='ltr'>Dixit</span> <span class='ocrx_word' id='word_1_357' title='bbox 978 3522 1213 3578; x_wconf 83' lang='lat' dir='ltr'>sancta</span> <span class='ocrx_word' id='word_1_358' title='bbox 1265 3509 1594 3578; x_wconf 89' lang='lat' dir='ltr'>Caecilia:</span> <span class='ocrx_word' id='word_1_359' title='bbox 1651 3515 2010 3600; x_wconf 85' lang='lat' dir='ltr'>«Ignoras</span> <span class='ocrx_word' id='word_1_360' title='bbox 2069 3522 2140 3578; x_wconf 89' lang='lat' dir='ltr'>tu</span> <span class='ocrx_word' id='word_1_361' title='bbox 2188 3530 2532 3594; x_wconf 86' lang='lat' dir='ltr'>quaenam</span> <span class='ocrx_word' id='word_1_362' title='bbox 2590 3509 2675 3576; x_wconf 89' lang='lat' dir='ltr'>sit</span> <span class='ocrx_word' id='word_1_363' title='bbox 2711 3507 2828 3574; x_wconf 85' lang='lat' dir='ltr'>tibi</span> 
     </span>
     <span class='ocr_line' id='line_1_38' title="bbox 286 3595 2827 3687; baseline -0.003 -19"><span class='ocrx_word' id='word_1_364' title='bbox 286 3611 604 3687; x_wconf 86' lang='lat' dir='ltr'>potestas.</span> <span class='ocrx_word' id='word_1_365' title='bbox 659 3603 825 3668; x_wconf 90' lang='lat' dir='ltr'>Nam</span> <span class='ocrx_word' id='word_1_366' title='bbox 886 3599 944 3666; x_wconf 88' lang='lat' dir='ltr'>si</span> <span class='ocrx_word' id='word_1_367' title='bbox 997 3612 1068 3667; x_wconf 92' lang='lat' dir='ltr'>tu</span> <span class='ocrx_word' id='word_1_368' title='bbox 1118 3620 1225 3665; x_wconf 89' lang='lat' dir='ltr'>me</span> <span class='ocrx_word' id='word_1_369' title='bbox 1290 3599 1634 3687; x_wconf 86' lang='lat' dir='ltr'>rogaveris</span> <span class='ocrx_word' id='word_1_370' title='bbox 1672 3597 1759 3667; x_wconf 89' lang='lat' dir='ltr'>de</span> <span class='ocrx_word' id='word_1_371' title='bbox 1819 3612 1933 3668; x_wconf 91' lang='lat' dir='ltr'>tua</span> <span class='ocrx_word' id='word_1_372' title='bbox 1986 3610 2333 3687; x_wconf 83' lang='lat' dir='ltr'>potestate,</span> <span class='ocrx_word' id='word_1_373' title='bbox 2392 3598 2565 3665; x_wconf 87' lang='lat' dir='ltr'>veris</span> <span class='ocrx_word' id='word_1_374' title='bbox 2613 3595 2827 3663; x_wconf 89' lang='lat' dir='ltr'>verbis</span> 
     </span>
     <span class='ocr_line' id='line_1_39' title="bbox 283 3686 2823 3777; baseline -0.002 -22"><span class='ocrx_word' id='word_1_375' title='bbox 283 3687 404 3756; x_wconf 91' lang='lat' dir='ltr'>tibi</span> <span class='ocrx_word' id='word_1_376' title='bbox 441 3688 770 3777; x_wconf 89' lang='lat' dir='ltr'>aperiam.</span> <span class='ocrx_word' id='word_1_377' title='bbox 820 3709 854 3752; x_wconf 82' lang='lat'>»</span> <span class='ocrx_word' id='word_1_378' title='bbox 908 3688 1078 3756; x_wconf 89' lang='lat' dir='ltr'>Dicit</span> <span class='ocrx_word' id='word_1_379' title='bbox 1125 3688 1184 3754; x_wconf 94' lang='lat' dir='ltr'>ei</span> <span class='ocrx_word' id='word_1_380' title='bbox 1237 3687 1665 3756; x_wconf 85' lang='lat' dir='ltr'>Praefectus:</span> <span class='ocrx_word' id='word_1_381' title='bbox 1707 3710 1743 3753; x_wconf 91' lang='lat'>«</span> <span class='ocrx_word' id='word_1_382' title='bbox 1783 3689 1919 3769; x_wconf 89' lang='lat' dir='ltr'>Dic,</span> <span class='ocrx_word' id='word_1_383' title='bbox 1965 3689 2025 3757; x_wconf 87' lang='lat' dir='ltr'>si</span> <span class='ocrx_word' id='word_1_384' title='bbox 2064 3686 2230 3773; x_wconf 90' lang='lat' dir='ltr'>quid</span> <span class='ocrx_word' id='word_1_385' title='bbox 2274 3688 2475 3755; x_wconf 88' lang='lat' dir='ltr'>nosti.</span> <span class='ocrx_word' id='word_1_386' title='bbox 2512 3709 2547 3750; x_wconf 61' lang='grc' dir='ltr'>ι»</span> <span class='ocrx_word' id='word_1_387' title='bbox 2587 3689 2823 3753; x_wconf 84' lang='lat' dir='ltr'>Sancta</span> 
     </span>
     <span class='ocr_line' id='line_1_40' title="bbox 281 3775 2821 3867; baseline -0.002 -23"><span class='ocrx_word' id='word_1_388' title='bbox 281 3777 452 3845; x_wconf 83' lang='lat' dir='ltr'>dixit</span> <span class='ocrx_word' id='word_1_389' title='bbox 486 3775 814 3845; x_wconf 88' lang='lat' dir='ltr'>Caecilia:</span> <span class='ocrx_word' id='word_1_390' title='bbox 872 3798 906 3841; x_wconf 89' lang='lat'>«</span> <span class='ocrx_word' id='word_1_391' title='bbox 936 3777 1174 3844; x_wconf 87' lang='lat' dir='ltr'>Omnis</span> <span class='ocrx_word' id='word_1_392' title='bbox 1204 3776 1506 3845; x_wconf 85' lang='lat' dir='ltr'>hominis</span> <span class='ocrx_word' id='word_1_393' title='bbox 1538 3789 1831 3867; x_wconf 86' lang='lat' dir='ltr'>potestas</span> <span class='ocrx_word' id='word_1_394' title='bbox 1862 3790 1961 3845; x_wconf 88' lang='lat' dir='ltr'>est</span> <span class='ocrx_word' id='word_1_395' title='bbox 1994 3776 2301 3867; x_wconf 84' lang='lat' dir='ltr'>perinde,</span> <span class='ocrx_word' id='word_1_396' title='bbox 2335 3796 2416 3842; x_wconf 91' lang='lat' dir='ltr'>ac</span> <span class='ocrx_word' id='word_1_397' title='bbox 2455 3787 2603 3843; x_wconf 86' lang='lat' dir='ltr'>uter</span> <span class='ocrx_word' id='word_1_398' title='bbox 2634 3786 2821 3840; x_wconf 85' lang='lat' dir='ltr'>vento</span> 
     </span>
     <span class='ocr_line' id='line_1_41' title="bbox 287 3861 2820 3955; baseline -0.003 -21"><span class='ocrx_word' id='word_1_399' title='bbox 287 3866 569 3954; x_wconf 87' lang='lat' dir='ltr'>plenus:</span> <span class='ocrx_word' id='word_1_400' title='bbox 615 3887 819 3951; x_wconf 89' lang='lat' dir='ltr'>quem</span> <span class='ocrx_word' id='word_1_401' title='bbox 873 3866 928 3933; x_wconf 92' lang='lat' dir='ltr'>si</span> <span class='ocrx_word' id='word_1_402' title='bbox 974 3886 1113 3933; x_wconf 88' lang='lat' dir='ltr'>una</span> <span class='ocrx_word' id='word_1_403' title='bbox 1143 3886 1270 3932; x_wconf 89' lang='lat' dir='ltr'>acu</span> <span class='ocrx_word' id='word_1_404' title='bbox 1309 3866 1712 3955; x_wconf 78' lang='lat' dir='ltr'>pupugeri5‚</span> <span class='ocrx_word' id='word_1_405' title='bbox 1747 3867 1975 3933; x_wconf 88' lang='lat' dir='ltr'>omnis</span> <span class='ocrx_word' id='word_1_406' title='bbox 2023 3877 2252 3933; x_wconf 90' lang='lat' dir='ltr'>tumor</span> <span class='ocrx_word' id='word_1_407' title='bbox 2291 3865 2444 3951; x_wconf 87' lang='lat' dir='ltr'>ejus</span> <span class='ocrx_word' id='word_1_408' title='bbox 2477 3861 2627 3930; x_wconf 92' lang='lat' dir='ltr'>colli</span> <span class='ocrx_word' id='word_1_409' title='bbox 2665 3862 2820 3928; x_wconf 87' lang='lat' dir='ltr'>ssac-</span> 
     </span>
     <span class='ocr_line' id='line_1_42' title="bbox 280 3950 2818 4042; baseline -0.003 -19"><span class='ocrx_word' id='word_1_410' title='bbox 280 3955 510 4023; x_wconf 89' lang='lat' dir='ltr'>cescit.</span> <span class='ocrx_word' id='word_1_411' title='bbox 556 3954 943 4037; x_wconf 81' lang='lat' dir='ltr'>Quinetiam</span> <span class='ocrx_word' id='word_1_412' title='bbox 979 3954 1037 4021; x_wconf 90' lang='lat' dir='ltr'>si</span> <span class='ocrx_word' id='word_1_413' title='bbox 1072 3954 1418 4021; x_wconf 88' lang='lat' dir='ltr'>invenitur</span> <span class='ocrx_word' id='word_1_414' title='bbox 1450 3956 1516 4021; x_wconf 91' lang='lat' dir='ltr'>in</span> <span class='ocrx_word' id='word_1_415' title='bbox 1558 3955 1707 4042; x_wconf 88' lang='lat' dir='ltr'>ipso</span> <span class='ocrx_word' id='word_1_416' title='bbox 1735 3954 1994 4040; x_wconf 89' lang='lat' dir='ltr'>aliquid</span> <span class='ocrx_word' id='word_1_417' title='bbox 2033 3967 2326 4042; x_wconf 84' lang='lat' dir='ltr'>portare,</span> <span class='ocrx_word' id='word_1_418' title='bbox 2367 3950 2751 4020; x_wconf 84' lang='lat' dir='ltr'>inflectitur.</span> <span class='ocrx_word' id='word_1_419' title='bbox 2785 3970 2818 4009; x_wconf 57' lang='grc' dir='ltr'><strong>ι</strong></span> 
     </span>
     <span class='ocr_line' id='line_1_43' title="bbox 284 4042 2813 4132; baseline -0.003 -21"><span class='ocrx_word' id='word_1_420' title='bbox 284 4043 457 4113; x_wconf 87' lang='lat' dir='ltr'>Dixit</span> <span class='ocrx_word' id='word_1_421' title='bbox 496 4042 882 4113; x_wconf 87' lang='lat' dir='ltr'>Praefectus</span> <span class='ocrx_word' id='word_1_422' title='bbox 914 4066 927 4109; x_wconf 75' lang='grc' dir='ltr'>ε</span> <span class='ocrx_word' id='word_1_423' title='bbox 965 4064 999 4107; x_wconf 87' lang='grc'>«</span> <span class='ocrx_word' id='word_1_424' title='bbox 1039 4043 1331 4132; x_wconf 88' lang='lat' dir='ltr'>Coepisti</span> <span class='ocrx_word' id='word_1_425' title='bbox 1364 4064 1403 4111; x_wconf 89' lang='lat' dir='ltr'>a</span> <span class='ocrx_word' id='word_1_426' title='bbox 1435 4044 1879 4123; x_wconf 88' lang='lat' dir='ltr'>contumelia,</span> <span class='ocrx_word' id='word_1_427' title='bbox 1932 4054 1995 4112; x_wconf 88' lang='lat' dir='ltr'>et</span> <span class='ocrx_word' id='word_1_428' title='bbox 2032 4062 2422 4131; x_wconf 81' lang='lat' dir='ltr'>perseveras</span> <span class='ocrx_word' id='word_1_429' title='bbox 2475 4042 2539 4107; x_wconf 94' lang='lat' dir='ltr'>in</span> <span class='ocrx_word' id='word_1_430' title='bbox 2586 4053 2813 4107; x_wconf 88' lang='lat' dir='ltr'>contu·</span> 
     </span>
     <span class='ocr_line' id='line_1_44' title="bbox 284 4127 2813 4207; baseline -0.004 -7"><span class='ocrx_word' id='word_1_431' title='bbox 284 4133 598 4201; x_wconf 87' lang='lat' dir='ltr'>meliis.»</span> <span class='ocrx_word' id='word_1_432' title='bbox 630 4132 803 4200; x_wconf 83' lang='lat' dir='ltr'>Dixit</span> <span class='ocrx_word' id='word_1_433' title='bbox 836 4132 1417 4201; x_wconf 88' lang='lat' dir='ltr'>sanctaCaecilia:</span> <span class='ocrx_word' id='word_1_434' title='bbox 1452 4154 1487 4197; x_wconf 87' lang='lat'>«</span> <span class='ocrx_word' id='word_1_435' title='bbox 1515 4137 1655 4200; x_wconf 90' lang='lat' dir='ltr'>Non</span> <span class='ocrx_word' id='word_1_436' title='bbox 1683 4132 1938 4200; x_wconf 89' lang='lat' dir='ltr'>dicitur</span> <span class='ocrx_word' id='word_1_437' title='bbox 1958 4130 2401 4207; x_wconf 90' lang='lat' dir='ltr'>contumelia,</span> <span class='ocrx_word' id='word_1_438' title='bbox 2436 4128 2564 4196; x_wconf 89' lang='lat' dir='ltr'>nisi</span> <span class='ocrx_word' id='word_1_439' title='bbox 2605 4127 2664 4193; x_wconf 91' lang='lat' dir='ltr'>in</span> <span class='ocrx_word' id='word_1_440' title='bbox 2705 4145 2813 4191; x_wconf 87' lang='lat' dir='ltr'>eos</span> 
     </span>
     <span class='ocr_line' id='line_1_45' title="bbox 278 4218 2807 4311; baseline -0.004 -22"><span class='ocrx_word' id='word_1_441' title='bbox 278 4222 398 4306; x_wconf 92' lang='lat' dir='ltr'>qui</span> <span class='ocrx_word' id='word_1_442' title='bbox 438 4243 655 4307; x_wconf 88' lang='lat' dir='ltr'>pauca</span> <span class='ocrx_word' id='word_1_443' title='bbox 689 4234 994 4308; x_wconf 88' lang='lat' dir='ltr'>peccant,</span> <span class='ocrx_word' id='word_1_444' title='bbox 1024 4242 1157 4288; x_wconf 88' lang='lat' dir='ltr'>non</span> <span class='ocrx_word' id='word_1_445' title='bbox 1196 4233 1505 4289; x_wconf 89' lang='lat' dir='ltr'>teneatur</span> <span class='ocrx_word' id='word_1_446' title='bbox 1537 4221 1937 4289; x_wconf 80' lang='lat' dir='ltr'>moderatio,</span> <span class='ocrx_word' id='word_1_447' title='bbox 1980 4226 2203 4302; x_wconf 83' lang='lat' dir='ltr'>Quare</span> <span class='ocrx_word' id='word_1_448' title='bbox 2237 4218 2337 4286; x_wconf 80' lang='lat' dir='ltr'>vel</span> <span class='ocrx_word' id='word_1_449' title='bbox 2374 4218 2535 4287; x_wconf 88' lang='lat' dir='ltr'>doce</span> <span class='ocrx_word' id='word_1_450' title='bbox 2580 4228 2807 4311; x_wconf 79' lang='lat' dir='ltr'>contu·</span> 
     </span>
     <span class='ocr_line' id='line_1_46' title="bbox 287 4302 2809 4398; baseline -0.002 -24"><span class='ocrx_word' id='word_1_451' title='bbox 287 4308 587 4389; x_wconf 81' lang='lat' dir='ltr'>meljam,</span> <span class='ocrx_word' id='word_1_452' title='bbox 616 4310 670 4375; x_wconf 85' lang='lat' dir='ltr'>si</span> <span class='ocrx_word' id='word_1_453' title='bbox 703 4311 950 4378; x_wconf 83' lang='lat' dir='ltr'>falsum</span> <span class='ocrx_word' id='word_1_454' title='bbox 983 4331 1136 4377; x_wconf 87' lang='lat' dir='ltr'>sum</span> <span class='ocrx_word' id='word_1_455' title='bbox 1165 4309 1424 4389; x_wconf 76' lang='lat' dir='ltr'>locuta3</span> <span class='ocrx_word' id='word_1_456' title='bbox 1455 4309 1551 4376; x_wconf 78' lang='lat' dir='ltr'>vel</span> <span class='ocrx_word' id='word_1_457' title='bbox 1579 4310 1872 4398; x_wconf 82' lang='lat' dir='ltr'>teipsum</span> <span class='ocrx_word' id='word_1_458' title='bbox 1906 4310 2190 4397; x_wconf 81' lang='lat' dir='ltr'>castiga,</span> <span class='ocrx_word' id='word_1_459' title='bbox 2217 4307 2609 4377; x_wconf 87' lang='lat' dir='ltr'>subeuntem</span> <span class='ocrx_word' id='word_1_460' title='bbox 2629 4302 2809 4397; x_wconf 27' lang='lat' dir='ltr'>ju‘dtf</span> 
     </span>
     <span class='ocr_line' id='line_1_47' title="bbox 283 4394 2802 4488; baseline -0.002 -26"><span class='ocrx_word' id='word_1_461' title='bbox 283 4396 496 4463; x_wconf 90' lang='lat' dir='ltr'>cium.</span> <span class='ocrx_word' id='word_1_462' title='bbox 530 4419 564 4459; x_wconf 77' lang='lat'>»</span> <span class='ocrx_word' id='word_1_463' title='bbox 606 4397 772 4462; x_wconf 81' lang='lat' dir='ltr'>Dixit</span> <span class='ocrx_word' id='word_1_464' title='bbox 809 4398 1202 4465; x_wconf 81' lang='lat' dir='ltr'>Altnacltitts</span> <span class='ocrx_word' id='word_1_465' title='bbox 1244 4398 1655 4467; x_wconf 79' lang='lat' dir='ltr'>Praefectus:</span> <span class='ocrx_word' id='word_1_466' title='bbox 1695 4423 1727 4462; x_wconf 85' lang='lat'>«</span> <span class='ocrx_word' id='word_1_467' title='bbox 1766 4403 2050 4488; x_wconf 78' lang='lat' dir='ltr'>Ignoras</span> <span class='ocrx_word' id='word_1_468' title='bbox 2082 4396 2264 4485; x_wconf 87' lang='lat' dir='ltr'>quod</span> <span class='ocrx_word' id='word_1_469' title='bbox 2303 4394 2554 4464; x_wconf 85' lang='lat' dir='ltr'>domini</span> <span class='ocrx_word' id='word_1_470' title='bbox 2591 4394 2802 4458; x_wconf 73' lang='lat' dir='ltr'>invtctt</span> 
     </span>
    </p>
   </div>
   <div class='ocr_carea' id='block_1_3' title="bbox 2967 1896 2981 4791">
    <p class='ocr_par' dir='ltr' id='par_1_5' title="bbox 2967 1896 2981 4791">
     <span class='ocr_line' id='line_1_48' title="bbox 2967 1896 2981 4791; baseline 0 0"><span class='ocrx_word' id='word_1_471' title='bbox 2967 1896 2981 4791; x_wconf 95' lang='lat' dir='ltr'> </span> 
     </span>
    </p>
   </div>
  </div>
 </body>
</html>
