2993 4837
487 311 612 376 394
1134 330 1212 375 nit
1259 329 1315 375 s.
1368 330 1647 377 manso
1695 332 1790 376 ΕΡ.
1844 330 2195 377 runoxssxffl
2598 311 2745 378 Nov,
2784 313 2843 379 l*

399 434 694 504 pugnae,
747 434 924 499 quae
975 426 1238 501 postera
1281 413 1391 481 die
1429 429 1573 483 erat
1622 414 1876 492 futura,
1922 437 2056 483 non
2110 414 2463 505 religionis
2514 416 2726 506 gratia,
2762 414 2822 483 d
2905 459 2910 464 -
2972 450 2975 483 ι

397 516 683 571 trectare
720 502 1062 571 militiam.
1100 506 1175 571 At
1215 504 1548 572 Martinus
1583 503 1992 603 intrepiduS,
2031 504 2242 572 immo
2292 504 2481 573 illato
2512 505 2632 574 sibi
2666 519 2747 573 ter
2785 534 2825 564 ι-
2851 547 2872 554 --
2971 550 2976 560 =

394 591 849 660 constantior:
889 613 924 656 «
963 592 1030 659 Si
1073 591 1221 671 boc,
1263 591 1507 678 inquit,
1553 593 1866 680 ignaviae
1911 592 2353 674 adscribitur,
2394 615 2525 661 non
2566 592 2730 669 fidei,
2766 623 2790 656 u
2825 647 2827 649 .
2862 652 2871 661 .
2974 664 2975 667 ,

393 682 573 747 stina
622 678 730 746 die
780 692 896 747 ant
1028 681 1198 748 ciem
1238 680 1523 748 inermis
1557 680 1865 761 adstabO,
1898 683 2061 750 etin
2115 684 2392 749 nomine
2443 681 2830 750 Dominil··-
2877 725 2882 730 -
2970 728 2975 734 Δ

392 769 590 857 signo
641 772 897 847 Crucis,
943 838 947 843 ,
1001 790 1085 835 on
1149 770 1413 856 clypeo,
1473 783 1838 856 protectuS,
1878 782 1999 839 aut
2046 769 2263 859 galea,
2322 772 2615 839 hostium
2666 768 2887 839 οιι“ι-.ι.,

393 857 760 940 penetrabo
800 878 1109 926 securus.
1152 881 1185 924 »
1218 858 1499 926 Retrudi
1552 881 1713 947 ergo
1755 860 1822 926 in
1858 859 2241 928 custodiam
2270 860 2574 946 jubetur:
2612 858 2778 927 factu
2968 926 2973 933 ,

393 945 598 1015 fidem
650 945 876 1025 dictis,
915 959 992 1015 ut
1038 946 1323 1015 inermis
1372 946 1686 1015 barbaris
1733 947 2168 1034 objiceretur.
2226 953 2495 1016 Postera
2542 948 2653 1016 die
2700 948 2895 1017 hosta»

396 1035 652 1124 legatos
699 1034 784 1102 de
835 1056 998 1124 pace
1047 1036 1405 1114 'miset-unt,
1445 1057 1573 1105 sua
1620 1037 1876 1117 omnia,
1917 1057 2124 1123 seque
2157 1036 2505 1106 dedentes.
2549 1036 2735 1106 Unde
2758 1034 2891 1122 quis-
2975 1068 2978 1112 i

394 1123 657 1192 dubitet
688 1124 865 1192 lianc
914 1145 1065 1192 vere
1115 1124 1289 1192 beati
1342 1124 1466 1192 viri
1518 1124 1732 1193 fuisse
1772 1125 2161 1206 victoriam}
2197 1126 2311 1194 cui
2363 1127 2755 1214 praestitum
2804 1151 2844 1170 *¹
2976 1196 2977 1201 ,

401 1234 482 1280 ne
532 1212 817 1280 inermis
865 1211 949 1280 ad
1019 1212 1352 1300 proelium
1411 1212 1841 1282 mitteretur?
1896 1219 1972 1282 Et
2018 1214 2335 1300 quamvis
2392 1215 2552 1303 pius
2602 1214 2898 1283 Domiti·

396 1323 663 1372 servare
715 1300 998 1369 militem
1053 1323 1255 1370 suum
1310 1301 1484 1369 inter
1535 1302 1834 1370 hostium
1894 1301 2161 1392 gladios
2223 1315 2288 1371 et
2350 1303 2481 1371 tela
2545 1303 2889 1392 potuisset·

397 1403 620 1459 tamen
677 1410 760 1457 ne
815 1389 912 1458 vel
975 1389 1265 1458 aliorum
1335 1403 1572 1469 morte,
1642 1391 1860 1460 sancti
1910 1392 2275 1460 violaretur
2321 1392 2627 1473 obtutuS,
2688 1414 2794 1459 exe
2830 1415 2902 1452 iu.-

397 1500 669 1568 pugnae
720 1479 1210 1547 necessitatem.
1251 1483 1477 1565 Neque
1531 1480 1712 1547 enim
1757 1479 1963 1548 aliam
2027 1502 2146 1569 pro
2197 1480 2409 1550 milite
2462 1503 2589 1549 suo
2624 1481 2898 1550 Christus

394 1567 634 1636 debuit
683 1578 1025 1655 praestare
1075 1568 1452 1646 victoriam,
1496 1590 1702 1655 quam
1758 1580 1834 1636 ut
1879 1570 2185 1638 subactis
2224 1570 2372 1637 sine
2420 1570 2763 1658 sanguine
2815 1597 2890 1632 ιι..
2976 1636 2977 1643 ,

397 1657 643 1734 stibuS‚
686 1676 884 1723 nemo
927 1668 1325 1724 moreretur.

482 1747 517 1830 ξ
565 1748 650 1815 4.
705 1743 983 1821 Exinde,
1026 1743 1258 1812 relicta
1311 1743 1578 1825 militia,
1619 1757 1936 1814 sanctum
1978 1746 2318 1815 Hilarium
2362 1747 2674 1815 Pictavae
2705 1746 2738 1780 ⁴
2775 1740 2877 1813 E‘
2974 1778 2977 1813 i

394 1855 679 1921 scopum
731 1833 1067 1912 civitatiS,
1138 1832 1344 1919 cujus
1418 1847 1582 1902 tunc
1632 1834 1699 1901 in
1764 1834 1878 1901 Dei
1931 1835 2134 1904 rebus
2182 1847 2478 1923 spectata
2536 1848 2602 1904 et
2660 1833 2908 1922 cogn'

395 1921 567 1990 fides
617 1921 1019 2001 habebatur,
1084 1921 1420 2010 expetivit,
1466 1935 1531 1991 et
1578 1922 1982 2009 aliquandiu
2023 1924 2207 2012 apud
2257 1944 2413 1991 eum
2465 1944 2906 1992 commorati·

395 2025 518 2080 est.
555 2010 856 2078 Tentavit
893 2023 1118 2078 autem
1156 2009 1334 2078 idem
1369 2009 1695 2092 HilariuS,
1727 2012 2049 2111 imposito
2083 2011 2487 2080 diaconatus
2516 2010 2770 2091 officie,
2800 2033 2908 2080 εει»

394 2122 551 2169 euin
606 2099 864 2168 arctius
914 2097 1318 2188 implicare,
1387 2113 1451 2167 et
1510 2100 1889 2168 ministerio
1939 2101 2195 2169 vincire
2241 2100 2497 2169 divino.
2574 2100 2706 2169 Sed
2772 2122 2910 2169 cui·-

396 2188 800 2277 saepissime
849 2188 1225 2267 restitisset,
1280 2186 1647 2276 indignum
1700 2210 1773 2257 se
1818 2210 1967 2257 esse
2016 2188 2417 2268 vociferanS,
2455 2188 2788 2257 intellexit
2848 2187 2910 2246 ³³·

398 2278 510 2345 Dei
561 2276 822 2345 altioris
877 2276 1160 2364 ingenii,
1201 2276 1328 2343 boc
1376 2297 1535 2344 eum
1589 2276 1792 2345 modo
1843 2299 2041 2367 posse
2087 2278 2491 2367 constringi,
2538 2278 2596 2346 si
2634 2278 2701 2345 id
2735 2278 2797 2346 ei
2830 2272 2895 2346 os

396 2365 534 2435 ficii
587 2367 991 2454 imponeret,
1039 2365 1104 2433 in
1157 2386 1294 2452 quo
1341 2365 1622 2452 quidam
1685 2365 1875 2436 locus
1934 2367 2225 2457 injuriae
2289 2367 2655 2435 videretur.
2704 2371 2930 2501 ΙῑεΉ

394 2455 796 2524 exorcistam
849 2476 1005 2523 euin
1058 2476 1205 2522 esse
1244 2454 1610 2544 praecepit.
1651 2460 1868 2538 Quam
1922 2455 2036 2525 ille
2084 2456 2611 2534 ordinationem,
2671 2478 2758 2525 ne
2833 2483 2878 2517 ι·

397 2544 699 2631 spexisse
748 2556 1096 2629 tamquam
1158 2543 1597 2612 humiliorem
1671 2543 2059 2624 videretur,
2116 2566 2250 2613 non
2316 2545 2732 2634 repudiavit.
2811 2549 2914 2615 fit,-

399 2632 612 2701 inulto
665 2645 813 2720 post
861 2631 1260 2701 admonitus
1358 2655 1431 2700 er
1493 2654 1805 2721 soporem
1838 2687 1854 2711 ‚
1912 2646 1988 2701 ut
2044 2634 2380 2723 patriam,
2452 2647 2882 2722 parentesqu

392 2741 568 2808 quos
615 2719 842 2788 adbuc
892 2719 1239 2810 gentilitas
1336 2722 1657 2801 etinebat,
1698 2721 2018 2811 religiosa
2079 2721 2543 2791 sollicitudine
2599 2723 2918 2792 visitat..

393 2831 471 2877 ex
521 2807 866 2877 voluntate
914 2809 1131 2878 sancti
1183 2808 1421 2879 Hilarii
1475 2810 1819 2899 profectus
1851 2824 1974 2891 est,
2019 2811 2389 2898 multisque
2436 2811 2522 2878 ab
2570 2832 2652 2880 eo
2688 2809 2922 2882 obsti-i·

395 2908 545 2966 ctus
596 2896 915 2985 precibus
964 2909 1028 2965 et
1078 2896 1422 2986 lacrymis,
1468 2910 1545 2967 ut
1594 2899 1867 2979 rediret,
1926 2913 2246 2979 moestus,
2310 2912 2386 2968 ut
2437 2897 2697 2980 ferunt,
2752 2920 2923 2989 pere·

393 2985 847 3077 grinationem
902 2985 1087 3053 illam
1153 3008 1522 3075 aggressus
1570 3000 1715 3069 est,
1770 2999 2188 3057 contestatus
2259 2987 2501 3057 fratres
2575 2989 2801 3058 multa
2893 3016 2922 3047 πν-

398 3074 681 3143 adversa
734 3096 1147 3164 passurum:
1214 3075 1393 3161 quod
1451 3090 1681 3164 postea
1735 3077 2045 3166 probavit
2099 3089 2405 3147 eventus.
2471 3085 2556 3145 Ac
2632 3079 2861 3167 primu
2901 3108 2924 3135 ι-

397 3165 573 3232 inter
607 3163 803 3252 Alpes
845 3162 1037 3231 devia
1089 3176 1389 3244 secutuS,
1445 3165 1689 3234 incidit
1757 3167 1822 3233 in
1877 3164 2196 3235 latrones.
2250 3169 2555 3252 Cumque
2601 3188 2800 3235 unus
2883 3192 2891 3202 ·

396 3252 617 3321 curim
676 3252 1003 3320 elevatam
1059 3251 1126 3319 in
1177 3266 1385 3342 caput
1437 3254 1587 3343 ejus
1636 3254 1986 3334 librasset,
2046 3255 2256 3323 ictum
2310 3253 2618 3322 ferientis
2668 3255 2928 3324 dextr·

397 3342 727 3412 sustinuit
759 3340 951 3410 alter.
987 3340 1241 3409 vinctis
1284 3354 1508 3410 tamen
1548 3356 1699 3442 post
1727 3355 1992 3432 tergum
2028 3342 2374 3422 manibus,
2406 3342 2527 3411 uni
2559 3342 2925 3412 servandus

401 3442 467 3499 et
525 3428 1019 3499 custodiendus
1082 3429 1394 3499 traditur.
1435 3437 1563 3513 Qui
1612 3453 1770 3500 cum
1830 3452 1985 3500 eum
2043 3430 2126 3500 ad
2174 3431 2536 3500 remotiora
2608 3431 2919 3506 duxisset,

402 3518 779 3610 percontari
824 3518 909 3586 ab
943 3538 1021 3586 eo
1061 3519 1305 3606 coepit,
1343 3521 1667 3605 quisnam
1703 3531 1902 3590 esset.
1945 3519 2323 3609 Respondit
2363 3519 2829 3591 Christianum
2866 3538 2923 3585 se

395 3630 564 3677 esse.
620 3605 1000 3690 Quaerebat
1053 3607 1256 3674 etiam
1309 3609 1395 3677 ab
1443 3630 1545 3690 e0,
1585 3631 1672 3677 an
1738 3610 2026 3677 timeret.
2088 3614 2279 3678 Tunc
2328 3630 2485 3677 vero
2531 3607 2923 3678 constantis-

396 3697 567 3765 sime
609 3696 1079 3797 profitebatur,
1136 3716 1493 3783 nunquam
1566 3719 1637 3766 se
1687 3709 1826 3766 tarn
1876 3697 2088 3766 fuisse
2122 3718 2439 3766 securum
2476 3718 2491 3761 ι
2535 3698 2705 3783 quia
2744 3698 2923 3766 scii-et

397 3784 939 3854 misericordiam
1018 3784 1281 3852 Domini
1347 3786 1640 3855 maxime
1713 3786 1778 3854 in
1840 3786 2334 3857 tentationibus
2381 3785 2804 3854 affuturam:
2865 3802 2925 3851 se

395 3875 617 3965 magis
658 3875 756 3943 illi
806 3871 1058 3951 dolere,
1103 3873 1222 3958 qui
1266 3874 1511 3944 Christi
1566 3874 2061 3955 misericordia,
2099 3887 2330 3963 utpote
2365 3873 2722 3944 latrocinia
2756 3893 2922 3942 exer-

399 3984 584 4044 cenS,
646 3975 821 4033 esset
869 3960 1221 4050 indignus.
1284 3968 1356 4032 In
1416 3985 1782 4051 ressusque
1839 3962 2316 4053 Evangelicam
2369 3961 2914 4050 disputationem,

400 4054 681 4120 verbum
738 4051 849 4120 Dei
903 4050 1146 4118 latroni
1199 3986 1660 4140 praedicabat.
1706 4052 1882 4134 Quid
1926 4052 2203 4152 longius
2245 4055 2516 4119 morer?
2566 4056 2758 4121 Latro
2790 4069 2919 4119 cre·

397 4140 593 4219 didit,
661 4152 1201 4228 prosecutusque
1272 4141 1638 4210 Martinum
1691 4142 1837 4209 viae
1888 4140 2231 4219 reddidit,
2300 4161 2510 4209 orans
2555 4153 2632 4209 ut
2692 4160 2808 4229 pro
2858 4155 2919 4202 se

401 4230 763 4297 Dominum
829 4241 1242 4317 precaretur.
1309 4230 1636 4316 Idemque
1707 4241 1939 4319 postea
1994 4229 2380 4328 religiosam
2433 4228 2680 4298 ducere
2728 4227 2911 4322 vitani

400 4316 590 4382 visus
651 4329 790 4395 est,
847 4315 1016 4384 adeo
1067 4331 1141 4384 ut
1191 4317 1398 4398 haec,
1461 4340 1639 4405 quae
1688 4340 1897 4407 supra
1949 4317 2358 4396 retulimus,
2418 4318 2505 4385 ab
2563 4339 2640 4386 eo
2701 4317 2911 4385 audita

453 4440 479 4466 ⁸
509 4438 710 4479 Rii‘tiera.
729 4461 778 4469 —
799 4442 842 4481 S.
868 4439 1038 4480 Hilarii
1059 4440 1274 4492 Episcopi
1299 4446 1344 4483 et
1365 4445 1582 4484 Doctoris
1604 4445 1710 4483 Vita
1732 4445 1783 4484 in
1808 4443 1932 4485 Sui-ii
1953 4441 2102 4484 nostri
2125 4444 2226 4484 Vol.
2250 4442 2405 4493 primo
2424 4443 2637 4485 habetur.
