2993 4837
55 303 168 370 lov.
219 303 291 367 44
551 321 631 366 nn:
680 321 735 367 s.
790 321 1144 368 ratramno
1193 320 1485 369 Ancurae.
1541 319 1918 370 DUBL1NENS1
2289 307 2403 370 491

56 409 118 494 jj·§
158 409 292 477 ²8.
342 405 766 492 Quandoque
814 406 916 473 vir
945 418 1226 476 sanctus
1267 428 1424 475 cum
1460 405 1735 475 duobus
1769 407 2011 495 Episco
2067 406 2123 475 is
2158 419 2223 475 et
2254 407 2507 476 Abbate

55 493 224 568 lhoma
279 508 513 584 nepote
555 515 682 564 suo
721 495 805 563 ad
864 496 1263 564 concionem
1313 495 1666 582 quandam
1718 516 2006 584 propera
2060 505 2150 563 at.
2203 498 2506 582 Cumque

56 585 162 672 [pud
202 606 443 674 pagum
490 582 862 671 quemdam
908 583 1109 652 horas
1143 585 1528 653 Dominicas
1565 596 1967 653 cantaturus
2009 583 2500 663 descendisset,

56 675 180 752 nmo
208 674 475 760 quidam
509 673 880 742 adveniens
913 671 998 740 ad
1025 694 1183 741 eum
1216 672 1659 742 exclamavit:
1727 695 1764 738 «
1788 672 2247 741 Praesentiam
2279 686 2493 756 tuam,

56 755 265 843 hmine,
303 783 433 831 non
467 763 779 848 equitum
814 759 1256 830 multitudine
1285 761 1567 851 gloriari
1600 761 1815 842 decet,
1854 761 1968 831 sed
2016 762 2082 828 in
2125 783 2202 830 eo
2244 763 2498 851 potiuS,

56 851 378 940 laegrotis
424 863 488 919 et
535 850 803 918 afflictis
860 872 1263 919 succurrere
1311 849 1613 919 studeas.
1667 855 1782 919 Est
1819 850 1886 917 in
1942 850 2238 919 Ecclesia
2290 851 2507 939 hujus

55 940 139 1026 agi
184 941 474 1027 proxima
516 938 773 1007 femina
806 938 1144 1025 quaedam
1199 938 1473 1020 nobilis,
1517 960 1696 1024 quae
1733 939 1819 1007 ab
1860 939 2222 1008 immundo
2272 954 2510 1010 vexata

55 1028 238 1114 piritu,
278 1050 498 1117 nuper
534 1040 755 1096 mente
786 1038 986 1113 capta
1016 1039 1140 1095 est.
1195 1027 1288 1096 Ad
1329 1049 1480 1096 eam
1515 1028 1728 1117 igitur
1758 1029 1857 1096 ire
1892 1040 1953 1096 te
1986 1027 2201 1108 decet,
2246 1041 2311 1096 et
2352 1028 2509 1097 fun-

55 1137 139 1190 ere
174 1138 391 1205 preces
440 1137 564 1205 pro
603 1138 682 1184 ea
737 1115 821 1183 ad
866 1115 1228 1184 Dominum
1258 1170 1273 1194 ,
1327 1127 1402 1184 ut
1452 1117 1588 1185 tuis
1637 1117 1853 1185 flexus
1906 1116 2256 1205 precibuS‚
2315 1116 2505 1186 illam

55 1224 211 1272 mare
254 1205 599 1294 dignetur.
631 1228 666 1270 »
716 1209 1036 1290 Percepta
1089 1226 1168 1272 ea
1221 1203 1560 1293 simplicis
1609 1204 1912 1273 hominis
1967 1205 2290 1294 petitione
2320 1259 2335 1282 ‚
2391 1212 2507 1275 Ar-

55 1291 436 1383 hiepiscopus
462 1293 665 1380 jubet
696 1293 792 1361 ire
825 1292 1152 1361 Thomam
1204 1292 1554 1372 Abbatem‚
1611 1305 1676 1362 et
1722 1315 1917 1362 orare
1969 1315 2088 1382 pro
2135 1316 2235 1361 ea.
2273 1299 2349 1362 At
2392 1294 2506 1362 ille

55 1382 193 1452 nodis
220 1383 538 1452 omnihus
571 1382 925 1451 recusabat
956 1381 1055 1449 vel
1099 1380 1341 1451 limina
1377 1381 1706 1450 ecclesiae
1754 1383 2116 1471 attingere:
2160 1382 2502 1451 intantum

55 1463 288 1558 lgenus
335 1472 651 1540 homines
700 1469 1039 1540 horrebat.
1086 1471 1435 1560 Praecepit
1466 1492 1627 1560 ergo
1662 1470 1842 1538 idem
1893 1471 2229 1560 Episcopo
2280 1472 2504 1539 Kilda-

55 1560 158 1627 insi
181 1560 564 1630 Malachiae.
599 1559 725 1628 Sed
762 1560 819 1628 is
854 1559 1089 1627 itidem
1125 1581 1194 1627 se
1228 1581 1590 1638 excusanS,
1632 1559 1855 1645 ajebat
1881 1581 1952 1626 se
1983 1581 2115 1628 non
2153 1561 2318 1628 tanti
2352 1582 2500 1629 esse

55 1649 216 1729 ueriti,
269 1662 340 1718 ut
397 1649 770 1717 daemones
815 1647 1150 1736 expellere
1209 1648 1445 1736 possit.
1498 1647 1700 1716 Jubet
1757 1647 2030 1716 tandem
2088 1648 2190 1716 vir
2238 1648 2378 1728 Dei,
2434 1663 2508 1717 ut

56 1731 271 1808 lemens
318 1739 701 1828 Episcopus
748 1749 876 1805 eat.
923 1735 1053 1818 Qui
1108 1759 1237 1805 sua
1284 1736 1722 1825 simplicitate
1771 1736 2060 1806 libenter
2118 1759 2188 1805 se
2248 1737 2501 1806 iturum

55 1827 334 1922 {spondit
389 1833 550 1894 Erat
599 1827 655 1894 is
705 1826 805 1893 vir
872 1847 1168 1914 magnus
1222 1838 1285 1893 et
1332 1826 1592 1895 calvus.
1647 1830 1953 1912 Cumque
2006 1847 2164 1894 eum
2227 1825 2504 1894 daemo-

56 1933 172 1982 1aca
213 1915 674 2005 conspexisset
718 1915 787 1982 in
820 1913 1181 1983 ecclesiam
1237 1914 1628 1993 intrantem,
1686 1935 1836 1982 mox
1884 1914 1946 1981 ei
1992 1914 2330 1982 calvitiem
2384 1915 2502 1983 ob-

55 2002 152 2082 icit,
199 2004 451 2073 addens
501 2003 705 2072 etiam
754 2002 1242 2071 contumeliam
1298 2024 1414 2091 per
1465 2002 1950 2070 mendacium:
2008 2025 2041 2068 «
2085 2006 2135 2071 Ο
2182 2001 2370 2070 calve
2411 2003 2505 2070 vi-

56 2091 244 2172 ssime,
309 2093 655 2180 inquiens,
704 2092 824 2177 qui
862 2113 1132 2180 semper
1188 2091 1569 2160 meretricio
1616 2103 1676 2159 te
1714 2091 1958 2180 jungis
2004 2091 2498 2164 contubernio.

56 2177 141 2246 uid
187 2181 289 2251 hic
326 2205 366 2250 a
414 2204 527 2249 me
576 2181 920 2266 requiris?
955 2203 989 2246 »
1041 2179 1396 2265 Simulque
1438 2180 1780 2269 arripiens
1832 2179 2128 2267 lapidem
2161 2233 2176 2257 ,
2225 2179 2507 2264 jactavit

56 2283 254 2337 teum.
305 2276 379 2339 At
429 2269 810 2358 Episcopus
856 2281 921 2336 et
966 2270 1482 2349 contumeliam,
1529 2282 1596 2338 et
1644 2268 1992 2337 horrorem
2047 2289 2176 2335 non
2229 2267 2453 2336 ferens
2484 2322 2499 2346 ,

56 2351 698 2451 lambiepiscopum
749 2380 910 2427 curn
961 2359 1202 2427 timore
1255 2356 1659 2447 pudefactus
1715 2357 1938 2427 rediit.
1991 2361 2158 2425 Tum
2220 2357 2502 2426 demum

56 2464 89 2510 tr
114 2461 368 2518 sanctus
402 2461 481 2517 ut
513 2446 1049 2526 simulationem,
1092 2448 1190 2515 sic
1222 2448 1685 2537 arrogantiam
1722 2449 1929 2515 vitare
1970 2445 2235 2514 volens:
2282 2451 2496 2533 «Ego,

55 2536 207 2618 tquit,
246 2538 301 2605 si
333 2538 430 2606 sic
464 2558 741 2605 necesse
779 2549 903 2611 est,
941 2557 1090 2603 eam
1137 2536 1202 2603 in
1243 2537 1519 2604 nomine
1566 2536 1783 2604 Patris
1821 2547 1883 2604 et
1924 2534 2072 2603 Filii
2104 2546 2168 2602 et
2208 2535 2505 2624 Spiritus

55 2625 192 2691 ancti
237 2627 545 2695 visitabo,
589 2648 623 2689 »
684 2630 985 2710 Cumque
1034 2623 1118 2691 ad
1168 2626 1418 2692 ostium
1477 2624 1805 2693 ecclesiae
1866 2623 2203 2706 venisset,
2270 2623 2504 2693 Crucis

56 2713 312 2806 gnaculo
349 2727 414 2783 et
470 2735 618 2782 eam
659 2766 674 2792 ,
729 2725 794 2782 et
832 2712 1159 2781 feminam
1200 2713 1649 2801 consignavit.
1706 2717 1876 2780 Eum
1929 2725 2157 2781 autem
2211 2726 2284 2782 ut
2336 2711 2505 2780 vidit

55 2802 371 2872 tiserabilis
440 2801 734 2879 mulier,
802 2801 1017 2871 multa
1078 2801 1145 2869 in
1194 2823 1351 2869 eum
1404 2801 1653 2890 probra
1702 2812 1765 2869 et
1816 2802 2122 2870 convicia
2184 2802 2495 2891 conjecit.

55 2886 105 2981 ξε]
155 2889 258 2958 ille
304 2892 407 2959 vir
457 2890 869 2969 misericorS‚
924 2890 1074 2979 ejus
1116 2889 1429 2958 miseriae
1480 2890 1803 2959 misertus
1835 2945 1849 2970 ,
1906 2889 1989 2958 de
2035 2892 2316 2959 Domino
2366 2911 2498 2959 non

55 2972 301 3057 nffidens,
357 2979 561 3070 ligari
592 3002 740 3047 eam
780 2979 1142 3066 praecepit.
1195 2984 1273 3046 Et
1310 3000 1467 3047 cum
1506 2978 1826 3046 manibus
1857 3000 2004 3046 eam
2059 2991 2498 3051 attrectasset.

56 3068 214 3135 actori
258 3068 411 3155 ejus
462 3069 695 3137 Crucis
744 3069 1023 3157 signum
1076 3066 1461 3156 impressit,
1516 3080 1581 3135 et
1628 3089 1877 3152 aquam
1932 3066 2356 3136 benedictam
2401 3068 2503 3136 ori

59 3172 123 3218 us
158 3156 423 3237 infudit,
478 3157 811 3242 humique
864 3169 1264 3245 prostratus,
1319 3155 1686 3224 Dominum
1727 3177 1847 3243 pro
1878 3176 1956 3222 ea
1991 3155 2394 3244 suppliciter
2439 3169 2506 3223 et

55 3243 251 3313 ieviter
295 3247 535 3315 oravit.
588 3245 755 3314 Inde
815 3244 1185 3321 recedens,
1239 3267 1399 3312 cum
1466 3243 1693 3313 triduo
1754 3257 1902 3331 post
1948 3265 2026 3310 eo
2077 3246 2498 3322 revertisset,

55 3333 221 3401 zvenit
264 3356 415 3403 eam
450 3357 656 3404 sanae
707 3334 975 3415 mentiS,
1021 3348 1086 3403 et
1125 3332 1545 3420 jamdudum
1597 3331 1818 3421 ipsius
1868 3330 2161 3399 reditum
2200 3344 2501 3418 praesto·

62 3431 240 3488 ntem.
291 3422 417 3491 Illa
469 3446 621 3492 vero
680 3445 829 3491 mox
880 3422 965 3491 ad
1021 3444 1178 3491 eum
1238 3422 1595 3500 accedens,
1652 3420 1888 3489 multis
1989 3420 2259 3489 recibus
2311 3431 2504 3487 nocte

55 3501 99 3570 la
126 3522 469 3593 retentum,
508 3534 666 3581 cum
703 3513 1030 3582 omnibus
1069 3510 1436 3579 comitibus
1468 3510 1619 3599 ejus
1669 3509 1907 3579 honori
1939 3531 2041 3578 1ce
2134 3508 2497 3588 rocuravit,

55 3616 60 3655 ι
100 3596 313 3667 eximii
350 3601 606 3671 amoris
653 3600 927 3688 signum
972 3600 1210 3668 crebro
1257 3599 1407 3689 ejus
1450 3620 1698 3668 manus
1727 3611 1792 3667 et
1826 3598 2030 3689 pedes
2112 3596 2497 3679 eosculans‚

82 3686 312 3767 gratias
360 3710 570 3776 agens
616 3689 1069 3778 omnipotenti
1110 3694 1264 3768 De0‚
1308 3687 1491 3775 quod
1546 3709 1663 3777 per
1695 3688 1845 3777 ejus
1896 3686 2130 3755 merita
2171 3684 2504 3775 perfectae

55 3784 149 3838 isat
187 3776 439 3845 reddita
486 3778 819 3866 sospitati.
867 3811 873 3817 ·

70 3858 284 3953 ‚5²⁰-
337 3865 625 3947 Quidam
661 3866 836 3935 beati
872 3866 996 3934 viri
1041 3864 1473 3933 marestallus
1505 3864 1561 3944 ¹⁶,
1605 3876 1736 3933 toto
1776 3874 2143 3952 corruptus
2191 3881 2497 3949 corpore,

56 3952 444 4021 nserabiliter
476 3955 754 4024 inflatus
786 3967 949 4023 erat.
990 3959 1078 4022 De
1117 3955 1319 4043 cujus
1351 3952 1572 4021 salute
1601 3975 1758 4020 cum
1798 3952 1943 4039 jam
1986 3951 2234 4018 medici
2268 3969 2506 4018 omnes

56 4052 166 4101 iem
220 4040 640 4124 abjecissent,
694 4041 1035 4112 adductus
1082 4056 1182 4111 est
1240 4041 1322 4109 ad
1367 4041 1727 4109 dominum
1787 4062 2018 4108 suum.
2073 4044 2139 4107 Is
2195 4037 2507 4128 protinus

55 4142 224 4220 tanus
268 4130 326 4197 ei
375 4132 758 4220 imponenS,
809 4154 1150 4217 oransque
1203 4152 1323 4219 pro
1371 4151 1491 4197 eo:
1547 4151 1581 4193 «
1617 4133 1932 4207 Ducatur,
1973 4127 2216 4213 inquit,
2262 4124 2348 4194 ad
2387 4125 2505 4192 ho-

56 4223 255 4291 )itium
284 4240 511 4299 suum,
548 4232 798 4288 etcum
832 4232 1111 4289 sanatus
1138 4218 1362 4297 suerit,
1400 4216 1632 4285 redeat
1658 4216 1740 4283 ad
1774 4217 2139 4305 pristinum
2176 4234 2505 4284 munuS.»

59 4297 314 4374 eductus
351 4321 448 4375 est
479 4330 641 4396 ergo
675 4307 982 4389 domum,
1027 4322 1091 4377 et
1126 4306 1436 4397 proxima
1485 4318 1680 4374 nocte
1713 4306 1940 4373 omnis
1974 4305 2087 4373 ille
2137 4315 2505 4391 corruptus

57 4420 75 4444 ³
100 4422 370 4471 Marestztlus
389 4434 464 4473 vel
484 4433 797 4473 marescalcus
816 4444 1041 4481 equorum
1059 4446 1221 4474 curam
1241 4432 1425 4478 agebat.
