2993 4837
378 311 542 379 942*

291 423 458 485 rent;
507 412 605 472 sed
652 427 792 474 cum
846 412 918 472 ad
963 411 1313 487 sepulcrum
1364 410 1565 471 venis·

286 501 398 565 set,
448 492 738 553 viderunt
793 490 1050 570 lapidem
1105 490 1450 551 revolutum
1505 497 1564 550 et

289 572 495 634 Jesum
538 567 853 632 sublatum
881 587 921 630 a
962 575 1369 631 monumenta.
1401 570 1562 640 Mox,

289 667 597 727 regressae
617 667 648 711 a
677 659 1099 719 monumento,
1128 650 1566 710 nuntiaverunt

286 733 489 794 omnia
534 746 690 808 quae
734 730 1016 792 viderant
1055 729 1174 789 iuis
1203 728 1483 790 undecim
1510 734 1564 788 et

289 810 501 871 ceteris
548 807 849 882 omnibus,
886 825 1008 870 non
1052 810 1302 884 quidem
1348 823 1566 869 omnes

289 891 575 952 omnibus
630 888 837 961 simul,
889 890 989 950 sed
1035 889 1341 968 deincepS,
1384 894 1565 965 atque

287 970 440 1032 aliae
460 970 617 1030 aliis,
650 968 755 1028 Hic
777 985 919 1030 vero
951 977 1040 1029 est
1066 969 1563 1030 animadverten-

290 1050 432 1111 dum
466 1064 614 1127 opus
635 1063 782 1109 sane
814 1049 1182 1125 perarduum
1211 1063 1337 1107 esse
1369 1052 1566 1107 textus

291 1129 697 1205 evangelicoS,
742 1131 846 1203 qui
884 1130 1069 1189 trium
1102 1127 1436 1187 mulierum
1469 1142 1566 1186 res

291 1216 490 1286 gestas
538 1210 693 1268 circa
747 1208 1097 1285 sepulcrum
1147 1208 1289 1269 Jesu
1336 1203 1561 1266 Christi

289 1289 602 1360 exhibent,
655 1289 813 1349 inter
854 1305 918 1349 se
947 1302 1329 1364 componere.
1381 1285 1566 1346 Nobis

290 1372 365 1430 de
380 1368 440 1429 S.
458 1367 722 1439 Salome,
742 1368 908 1439 haec,
928 1382 1083 1444 quae
1099 1367 1383 1437 diximus,
1402 1366 1563 1426 suffi-

289 1448 483 1510 ciant:
548 1463 671 1508 non
715 1449 881 1508 enim
927 1447 1039 1508 alia
1099 1447 1332 1508 mentio
1385 1444 1566 1518 hujus

290 1534 528 1588 sanctae
588 1525 862 1587 mulieris
908 1543 1021 1587 nec
1067 1527 1130 1587 in
1175 1526 1359 1589 sacris
1402 1525 1566 1603 pagi-

294 1608 409 1677 nis,
444 1622 555 1667 nec
602 1608 662 1667 in
689 1608 963 1684 antiquis
992 1606 1434 1667 ecclesiasticae
1478 1604 1565 1663 hi-

288 1686 512 1747 storiae
590 1688 1001 1748 monumentis
1073 1686 1359 1747 occurrit.
1435 1683 1564 1745 Alia

289 1781 444 1843 quae
494 1767 568 1827 de
620 1766 738 1843 ipsa
792 1768 1141 1837 traduntur,
1199 1766 1382 1842 digna
1443 1777 1566 1823 non

291 1852 437 1906 sunt
488 1846 707 1922 quibus
752 1845 900 1906 fides
942 1845 1335 1923 adjungatur.
1385 1877 1459 1888 —-
1501 1842 1565 1903 In

290 1924 650 2002 quibusdam
680 1926 951 1988 ecclesiis
997 1926 1212 1986 testum
1249 1925 1312 1987 S.
1347 1922 1569 1984 Mariae

290 2004 556 2065 Salomes
596 2006 695 2066 die
737 2006 813 2066 22
856 2006 996 2081 maji
1042 2005 1408 2066 celebratur.
1455 2002 1568 2079 (Ex

298 2083 628 2159 Bolland.).

348 2272 472 2311 DEO.
506 2273 633 2311 KAL.
668 2272 800 2311 Nov.
1059 2273 1181 2309 Oc'r.
1216 2272 1313 2310 DIE
1356 2272 1519 2311 xxnl.

334 2402 438 2464 SS.
474 2402 856 2466 SERVANDI
900 2422 978 2465 m·
1006 2402 1357 2465 GERMAN!
1389 2404 1526 2465 ΜΜ.

414 2512 596 2571 Pas-si
618 2516 765 2572 sunt
790 2513 1033 2572 ineunte
1063 2510 1305 2571 saeculo
1336 2511 1444 2571 IV.

376 2645 732 2706 Miserrimi„
782 2678 855 2689 —-
901 2643 965 2704 ln
1040 2644 1318 2720 Hispania
1388 2657 1570 2719 prope

296 2723 487 2785 Gades
515 2727 544 2760 *
573 2725 644 2784 ad
691 2724 950 2784 fundum
986 2724 1391 2784 Ursonianum
1435 2739 1572 2783 san·

296 2813 524 2865 ctorum
572 2803 912 2881 Martyrum
968 2803 1263 2864 Servandi
1307 2809 1371 2863 et
1427 2801 1571 2863 Ger-

298 2887 488 2955 mani,
522 2885 621 2960 qui
658 2885 719 2944 in
769 2885 1187 2959 persecutione
1219 2883 1568 2944 Diocletiani

296 2962 406 3023 sub
432 2963 671 3024 Viator-e
696 2962 1373 3040 Vicariopostverbera,
1400 2978 1570 3040 squa-

297 3042 489 3103 lorem
547 3044 825 3113 carceriS,
886 3043 1064 3104 samis
1117 3059 1183 3103 ac
1239 3042 1368 3102 sitis
1414 3042 1569 3118 inju-

300 3125 475 3192 riam,
520 3131 583 3184 et
614 3123 946 3198 longissimi
996 3124 1234 3183 itineris
1279 3121 1570 3193 laborem,

299 3218 478 3279 quem
532 3203 675 3263 ferri
741 3209 954 3263 onusto
1013 3200 1420 3279 pertulerunt,
1471 3217 1570 3261 no·

303 3284 552 3342 vissime
609 3284 881 3359 martyrii
936 3284 1029 3342 sui
1083 3296 1333 3341 cursum
1388 3281 1573 3341 caesis

300 3363 639 3422 cervicibus
712 3363 1154 3438 impleverunt:
1229 3377 1301 3421 ex
1355 3362 1574 3437 quibus

302 3439 639 3502 Germanus
706 3442 1005 3502 Emeritae
1074 3440 1159 3513 ⁴*,
1228 3439 1574 3500 Servandus

303 3536 447 3581 vero
491 3521 717 3597 Hispali
761 3523 854 3557 *¹⁸*
902 3520 1179 3582 conditus
1216 3529 1329 3580 est.

380 3599 747 3662 Occubuisse
807 3600 1094 3661 videntur
1167 3600 1222 3660 hi
1287 3600 1575 3673 Martyres

304 3694 487 3757 prope
533 3683 754 3752 vicum,
800 3680 1263 3758 quatuordecim
1305 3680 1574 3740 millibus

304 3777 585 3838 passuum
615 3779 643 3820 a
682 3768 855 3837 portu
886 3759 1182 3820 Gaditano
1226 3761 1572 3826 distantem,

302 3858 405 3918 qut
456 3841 683 3902 Pueizte
734 3839 802 3901 de
856 3841 1056 3902 Zuaso
1115 3856 1276 3900 nunc
1332 3841 1572 3900 dicitur.

299 3920 361 3982 S.
395 3919 733 3981 Germanus
754 3931 958 3980 autem
986 3920 1158 3996 juxta
1191 3919 1252 3981 S.
1280 3918 1574 3980 Eulaliam

302 4000 651 4079 Martyrem,
697 3999 1045 4061 Servandus
1087 4015 1228 4060 vero
1272 3999 1434 4059 inter
1480 3996 1576 4057 Ju-

302 4091 452 4141 stam
519 4091 579 4140 et
641 4079 948 4149 Rufinam,
998 4080 1368 4140 beatissimas
1422 4077 1575 4138 Mar·

307 4168 487 4233 tyres,
533 4159 750 4238 sepulti
802 4160 995 4220 luere.
1044 4158 1335 4220 Universa
1395 4172 1576 4234 porro

306 4239 735 4317 Hispaniarum
784 4238 1041 4299 Ecclesia
1088 4239 1148 4299 S.
1194 4238 1574 4299 Servandum

308 4329 368 4379 et
411 4317 786 4380 Germanum
830 4318 905 4378 ab
948 4318 1203 4397 antiquo
1236 4318 1397 4380 colit.

360 4427 384 4451 *
414 4426 579 4466 Codice.
758 4428 812 4454 *¹⁴¹
844 4428 1032 4466 Mer-ida.
1215 4428 1298 4456 *¹⁸*
1328 4426 1527 4478 Siviyh'cu.

1076 326 1608 375 nARTYROLOGmu
1675 325 2110 373 ILLUSTRATUH

2631 303 2881 369 013².ss

1768 488 1830 549 S.
1878 485 2335 548 THEODORUS
2380 485 2840 546 Passum-¹·

1901 598 2138 658 Passus
2170 600 2261 655 est
2305 609 2483 654 anno
2512 591 2670 655 362.
2737 654 2834 695 ἡ.

1701 729 2058 791 ΜΑιιτγιιοι.
2099 761 2174 771 -
2206 727 2605 788 Antiochiae
2645 716 2844 803 it*

1626 810 1839 871 natalis
1897 808 2090 870 sancti
2154 808 2485 868 Tncobom
2555 806 2607 866 P
2839 814 2852 825 ⁹

1622 891 1724 968 qui
1801 890 1865 950 in
1937 887 2367 965 persecutione
2443 886 2635 962 impii
2827 946 2844 955 a,

1622 968 2125 1047 comprehensuS,
2174 975 2307 1045 post
2337 967 2606 1044 equulei
2668 989 2763 1019 n„
2867 958 2882 973 '

1622 1058 1682 1109 et
1704 1049 1929 1111 mullos
1951 1065 2017 1109 ac
2039 1048 2399 1107 durissimos
2419 1048 2752 1118 cruciatu,
2775 1073 2779 1076 ·
2854 1075 2857 1078 ·

1625 1130 1873 1203 patlibus
1893 1129 2073 1188 etiam
2105 1128 2260 1188 circa
2287 1126 2488 1186 latera
2516 1137 2765 1201 ειμι-μς.
2784 1153 2813 1184 .-
2836 1121 2880 1176 ;-·

1625 1208 1991 1278 flammatus,
2016 1223 2157 1267 cum
2185 1210 2247 1267 iu
2270 1205 2676 1267 consessione
2708 1211 2739 1252 *-
2786 1211 2877 1288 '3245-

1626 1291 1988 1365 persisteret,
2054 1289 2360 1347 occisione
2428 1286 2634 1362 gladii
2866 1289 2877 1294 ’

1625 1370 1788 1429 rium
1831 1366 2302 1428 consummavit.

1705 1449 1844 1509 Acta
1879 1447 2157 1525 martyrii
2189 1443 2251 1506 S.
2282 1444 2633 1517 Theodori,
2662 1440 2756 1521 qui
2785 1426 2865 1511 d?

1627 1528 1714 1590 bis
1741 1527 1914 1588 hodie
1941 1528 2225 1597 occurrit,
2251 1526 2412 1585 edita
2453 1525 2639 1586 fuere
2661 1525 2866 1597 prim

1624 1625 1654 1667 a
1700 1608 1933 1667 Ioanne
1982 1606 2290 1673 Mabillon,
2318 1604 2564 1664 deinde
2593 1622 2624 1665 a
2657 1605 2703 1666 Τ

1627 1690 1752 1748 rico
1783 1686 2064 1754 Ruinart,
2098 1686 2202 1763 qui
2249 1700 2387 1743 usus
2433 1692 2538 1744 est
2570 1685 2709 1746 mel‘

1626 1766 2112 1844 exemplaribus,
2156 1765 2438 1836 demum,
2503 1780 2612 1840 pra

1628 1847 1740 1907 bus
1762 1849 2021 1907 omnino
2051 1844 2414 1905 correctiora
2448 1860 2482 1903 a
2511 1842 2728 1905 Bollau
2767 1842 2782 1854 '
2853 1896 2858 1897 a

1627 1925 1801 1987 Hisce
1857 1927 1916 1984 in
1970 1926 2132 1985 Actis
2178 1927 2387 2001 itaque
2455 1923 2696 1997 legitur
2809 1984 2812 1985 a

1626 2022 1819 2083 quum
1875 2003 2175 2076 Julianus,
2227 2002 2462 2064 Juliani
2531 2004 2702 2080 impe

1628 2085 1989 2155 avunculus,
2052 2082 2322 2145 Orientis
2395 2081 2641 2153 Comes,
2707 2082 2754 2142 A

1627 2165 1963 2227 chenorum
2039 2163 2358 2225 ecclesiam
2445 2162 2761 2239 spoliasset
2811 2160 2874 2223 ’1

1628 2244 1874 2305 demum
1921 2245 2242 2309 clausisset.
2287 2242 2348 2301 S.
2396 2242 2758 2303 Theodorus
2787 2238 2882 2299 Μ·

1622 2324 1721 2400 Jus
1750 2324 2032 2385 ecclesiae
2076 2322 2414 2400 presbyter,
2441 2338 2481 2383 e
2513 2322 2748 2381 civitate
2769 2329 2878 2379 nun

1629 2404 1923 2479 discessit,
1978 2402 2104 2475 sed,
2149 2405 2558 2479 congregatis
2613 2399 2716 2461 sibi
2753 2396 2870 2476 qui-

1632 2484 1882 2545 busdam
1922 2483 2232 2553 tratribus,
2281 2482 2500 2542 Missae
2544 2478 2870 2542 sacrificiu

1629 2566 1763 2626 sine
1790 2564 2237 2624 intermissione
2259 2561 2682 2632 celebr-abana
2859 2601 2862 2602 ν

1632 2643 1780 2704 biles
1849 2643 1969 2704 Deo
2038 2642 2297 2703 fundens
2358 2647 2689 2702 orationes.

1634 2741 1775 2785 vero
1811 2725 1921 2783 hoc
1947 2722 2220 2784 Julianus
2249 2722 2609 2790 audivisset,
2643 2711 2870 2781 ‘rhaab

1633 2819 1788 2873 rum,
1836 2803 2061 2863 vinctis
2124 2812 2249 2878 post
2307 2808 2564 2875 tergum
2611 2797 2866 2866 manitius.

1631 2899 1828 2943 coram
1871 2899 1934 2942 se
1962 2881 2136 2958 jussit
2162 2879 2405 2942 adduci.
2445 2879 2582 2940 Post
2625 2881 2776 2940 varia
2803 2869 2872 2938 1}-

1633 2972 1799 3024 terna
1872 2962 2050 3032 dicta,
2120 2969 2366 3022 sanctus
2439 2960 2691 3033 Martyr.
2747 2953 2862 3036 qd!

1634 3058 1899 3119 unquam
1945 3041 2149 3102 vultus
2189 3043 2281 3101 sui
2320 3040 2696 3100 hilaritatem
2733 3035 2868 3118 ἀφ’

1636 3130 1831 3198 neret,
1861 3122 2270 3182 atrocissimos
2301 3119 2560 3197 pertulit
2587 3119 2872 3180 cruciaffl

1633 3202 1854 3263 Milites
1895 3208 2124 3271 autem,
2154 3201 2256 3275 qui
2296 3200 2681 3274 lampadibus

1633 3283 1790 3343 tibus
1834 3281 2017 3342 latera
2063 3280 2194 3355 ejus
2250 3278 2720 3345 comburebant.

1633 3370 1768 3422 tuor
1813 3360 2213 3436 Angelorum,
2266 3362 2367 3436 qui
2423 3374 2564 3418 cum
2610 3357 2671 3417 S.
2715 3355 2866 3416 Th}

1630 3442 1779 3502 doro
1841 3439 2360 3520 colloquebantur,
2404 3445 2653 3515 aspectu
2694 3431 2866 3500 terfffl.

1633 3522 1811 3599 proni
1859 3521 2159 3586 cecidere,
2194 3520 2448 3593 impium
2500 3517 2864 3575 ministeriu

1634 3593 2866 3672 recusanteS,acChristocredentes.inm

1636 3697 1775 3740 vero
1835 3680 2138 3751 Julianus,
2181 3681 2356 3754 jussit
2415 3694 2518 3736 eos
2572 3678 2636 3735 in
2679 3674 2862 3761 llum-5

1632 3762 1971 3836 submergi.
2006 3760 2235 3833 Quibus
2263 3760 2551 3834 egregius
2581 3752 2744 3830 Pugil
2767 3756 2862 3813 ait:

1646 3863 1670 3894 α
1701 3839 2070 3912 praecedite,
2117 3839 2353 3908 iratres,
2403 3852 2522 3912 ego
2567 3850 2693 3902 ros.
2729 3843 2866 3908 supe-

1636 3937 1777 3980 rans
1824 3920 2168 3988 inimicum,
2203 3932 2421 3994 sequar
2449 3915 2522 3975 ad
2555 3914 2861 3974 Dominum.

1633 4000 1739 4076 qui
1805 3999 1956 4058 mihi
2025 3998 2282 4074 palmam
2330 3995 2623 4054 victoriae
2677 3992 2864 4051 doum

1635 4078 2015 4156 dignabitur.
2053 4101 2076 4131 n
2137 4075 2356 4152 Sicque
2415 4077 2479 4135 in
2531 4071 2863 4134 00an

1636 4159 1978 4235 persistens,
2024 4164 2086 4214 et
2129 4155 2485 4232 prophetico
2523 4151 2746 4229 spiritu
2789 4160 2856 4234 ry·

1679 4238 1851 4310 letus,
1899 4236 2126 4296 Juliani
2175 4235 2497 4312 Apostatae
2547 4235 2858 4300 inter-itaut

1683 4317 1878 4379 erside
1930 4315 2298 4394 praedicens,
2351 4313 2552 4390 capite
2609 4311 2856 4388 plectitur.

1635 4395 1820 4475 Cujus
1881 4413 2103 4475 corpus
2168 4392 2378 4456 fideles
2433 4392 2670 4472 quidam
2724 4398 2854 4451 rera-
