2993 4837
71 343 227 409 Nov.
278 343 359 407 28
741 362 817 406 nr.
866 363 920 408 s.
976 360 1296 408 srssrnANo
1343 357 1614 408 sumone
1664 364 1850 409 naar.
2359 350 2486 412 7225

68 456 265 515 autem
317 443 713 534 Chrysopoli
753 445 936 515 haud
988 446 1188 536 longe
1217 468 1254 514 a
1296 448 1614 534 Byzantio
1655 447 1861 515 situm
1902 448 2032 536 est)
2064 447 2304 517 fortem
2347 450 2568 518 virum

70 534 416 603 abducunt.
472 533 596 602 Ubi
630 534 831 603 etiarn
870 533 1068 603 illum
1105 534 1590 616 custodientes,
1643 534 1727 605 de
1774 536 1996 625 ipsius
2046 548 2222 606 statu
2268 543 2574 627 Impera.-

70 635 256 691 torem
288 622 638 692 certiorem
688 622 973 692 faciunt.
1026 628 1264 705 Quem,
1333 622 1454 692 ubi
1513 635 1808 692 atrocem
1848 624 2054 702 {illam
2114 625 2402 712 hujusce
2448 626 2576 694 viri

66 711 484 799 raptationem
516 724 581 780 et
626 710 1102 788 contumelias,
1156 712 1658 799 incensumque
1690 714 2183 783 monasterium
2213 714 2567 794 audiisset,
2613 737 2616 742 ·

66 798 359 869 laetitiam
411 799 570 887 inde
625 801 1021 890 concepisse
1075 799 1297 889 ajunt,
1337 814 1570 888 vatque
1631 800 1928 869 edictum
1982 803 2210 871 statim
2265 802 2574 893 promul-

66 909 261 977 gasse,
302 909 436 975 quo
474 888 835 978 capitalem
897 910 1184 979 poenam
1249 890 1321 957 in
1363 911 1522 958 eum
1581 890 1948 970 sanciebat,
2002 891 2122 976 qui
2171 890 2253 958 ad
2307 896 2573 961 Auxen-

67 978 302 1046 tianum
336 976 578 1046 collem
616 978 711 1046 vel
744 977 966 1049 solum
1016 978 1575 1067 appropinquare
1606 1000 1818 1047 ausus
1866 978 2130 1048 fuisset.
2162 984 2398 1049 Postea
2444 1002 2570 1049 au-

65 1076 201 1145 tem,
239 1087 390 1134 cum
428 1066 942 1136 haeresiarchas
970 1065 1147 1148 illos,
1185 1067 1305 1154 qui
1353 1066 1663 1135 eamdem
1706 1088 1862 1134 curn
1899 1088 1978 1136 eo
2013 1067 2396 1136 doctrinam
2431 1081 2575 1137 tue·

64 1152 310 1235 bantur,
363 1155 718 1224 accivisset
752 1155 978 1245 (erant
1007 1167 1231 1224 autem
1263 1154 1361 1223 illi
1412 1154 1832 1225 Theodosius
1860 1155 2109 1256 Ephesi
2157 1155 2566 1245 Episcopus,

69 1243 522 1312 Constantinus
585 1243 1038 1324 Nicomediae,
1103 1243 1421 1314 Nacolius
1467 1243 1812 1321 Nacoliae‚
1870 1244 2215 1314 Sisinnius
2257 1245 2416 1313 item
2489 1266 2568 1313 ac

66 1330 351 1411 Basilius,
390 1353 687 1418 quorum
738 1332 909 1401 alter
947 1332 1246 1412 Pastilla,
1286 1331 1455 1400 alter
1494 1332 1842 1401 Tricacabi
1887 1345 2420 1423 cognomentum
2455 1332 2570 1401 ha·

65 1417 259 1499 hebat,
298 1442 375 1489 ac
424 1433 771 1509 praeterea
815 1419 1152 1500 Callistus,
1207 1421 1290 1488 de
1318 1442 1456 1506 quo
1488 1434 1646 1490 ante
1685 1420 1885 1490 verba
1932 1420 2246 1498 fecimus,
2281 1435 2346 1490 et
2381 1424 2573 1490 Com-

67 1506 366 1590 boconon,
402 1509 526 1596 qui
554 1509 621 1577 in
666 1509 1048 1578 scribarum
1089 1530 1376 1578 numero
1409 1520 1555 1578 tum
1586 1523 1752 1590 erat,
1793 1531 1870 1577 ac
1919 1510 2214 1595 denique
2245 1515 2566 1591 MasaraS‚

65 1596 166 1681 qui
205 1597 430 1666 eadem
489 1619 646 1666 cum
681 1597 1038 1666 Saracenis
1083 1597 1167 1667 de
1195 1598 1526 1686 religione
1555 1598 1917 1686 sentiebat)
1955 1598 2037 1666 ad
2074 1598 2563 1678 Patriarcham,

70 1705 335 1769 quocum
386 1707 524 1755 non
580 1685 779 1754 modo
830 1707 1076 1755 nomen
1129 1685 1350 1766 idem,
1416 1687 1531 1754 sed
1595 1687 1798 1755 etiam
1849 1686 2120 1755 eosdem
2174 1708 2437 1766 mores,
2491 1709 2571 1755 ac

68 1771 413 1842 doctrinam
462 1774 776 1845 eamdem
822 1774 1137 1856 habebat,
1190 1795 1304 1844 eos
1354 1774 1580 1843 mittit.
1639 1779 1779 1843 Hac
1816 1788 2042 1844 autern
2094 1774 2177 1843 de
2224 1796 2435 1844 causa
2504 1775 2570 1844 id

68 1859 345 1942 faciebat,
392 1875 467 1932 ut
505 1885 649 1932 una
695 1885 855 1932 cum
908 1863 1076 1953 ipsis
1116 1863 1200 1931 ad
1233 1862 1601 1953 Philippici
1635 1863 2124 1932 monasterium
2191 1864 2564 1953 navigaret,

70 1962 241 2037 atque
286 1974 440 2021 cum
474 1951 807 2021 divinitus
855 1951 1188 2042 inspirato
1240 1952 1583 2042 Stephano
1638 1951 2167 2041 disputationem
2221 1952 2443 2021 iniret.
2497 1957 2574 2020 At

72 2038 186 2120 ille,
220 2062 388 2128 quae
437 2040 789 2130 Stephani,
851 2052 996 2109 tum
1047 2040 1382 2120 doctrina,
1439 2052 1584 2109 tum
1645 2041 1970 2111 sanctitas
2017 2051 2214 2122 esset,
2283 2040 2571 2109 minime

76 2125 386 2215 ignorans,
431 2128 755 2216 quodque
795 2149 957 2217 prae
1002 2150 1080 2197 eo
1133 2151 1213 2197 ne
1259 2151 1467 2218 prope
1499 2128 1803 2215 quidem,
1849 2141 1924 2198 ut
1964 2128 2100 2198 dici
2150 2128 2341 2207 solet,
2371 2129 2573 2218 jacu-

74 2212 315 2299 laretur,
366 2218 903 2308 disputationem
954 2218 1332 2297 recusavit,
1398 2239 1547 2285 eam
1613 2217 1837 2306 potius
1874 2217 2082 2306 ipsiS,
2139 2218 2196 2285 si
2247 2229 2569 2306 possent,

82 2307 463 2389 permittens.
492 2331 529 2372 «
566 2311 749 2374 Inter
781 2306 1295 2375 Constantinum
1332 2306 1540 2386 enirn,
1595 2305 1968 2391 inquiebat,
2020 2318 2085 2374 et
2119 2310 2225 2374 Ste
2283 2306 2567 2385 hanam,

82 2395 224 2477 quod
260 2395 342 2465 ad
401 2393 678 2464 dicendi
721 2394 855 2464 vim
906 2395 1164 2476 attinet,
1226 2393 1613 2551 plurimum
1665 2395 1961 2464 interest.
2008 2394 2199 2482 Siqui
2252 2416 2359 2463 em
2401 2393 2575 2462 mihi

75 2501 266 2553 sermo
311 2485 668 2554 dumtaxat
701 2495 966 2573 praesto
999 2496 1135 2554 est:
1198 2484 1219 2552 i
1254 2484 1298 2552 li
1348 2495 1574 2553 autem
1611 2506 1750 2552 una
1785 2505 1940 2552 cum
1992 2505 2306 2553 sermone
2356 2483 2570 2551 divini

74 2589 311 2659 quoque
358 2573 647 2662 spiritus
696 2573 1015 2661 potentia.
1071 2577 1419 2642 Caeterum
1466 2572 1671 2641 etiam
1720 2585 1923 2665 atque
1977 2573 2179 2641 etiam
2224 2571 2575 2641 attenden-

72 2656 210 2727 dum
244 2674 362 2731 est.
417 2660 598 2744 Quid
646 2660 830 2730 enim
881 2659 1182 2750 amplius
1214 2683 1333 2730 vos
1361 2660 1466 2730 ab
1500 2682 1578 2730 eo
1617 2661 1921 2730 audituri
1970 2661 2134 2731 estis
2165 2664 2250 2727 i»

140 2748 172 2833 ἓ
212 2754 361 2820 w.
415 2749 526 2818 Illi
565 2770 740 2828 vero,
781 2763 1135 2839 assumpto
1183 2748 1335 2818 salsi
1384 2749 1574 2819 illius
1623 2749 1897 2818 concilii
1945 2750 2237 2828 decreto,
2295 2748 2423 2818 hoc
2475 2760 2576 2817 est

69 2832 356 2919 ficulneO,
393 2851 470 2909 ut
519 2837 724 2927 vulgo
783 2836 1059 2917 dicitur,
1115 2838 1395 2919 auxili0,
1447 2837 1533 2905 ad
1598 2837 2016 2927 praedictum
2081 2835 2571 2906 monasterium

73 2924 365 3009 veniunt;
433 2939 639 3013 atque
687 2927 756 2994 in
822 2926 1043 2995 balnei
1119 2925 1450 3015 gradibus
1523 2938 1914 3005 manentes,
1981 2938 2294 2997 sanctum
2349 2925 2568 2995 virum

69 3028 419 3104 accersunt,
478 3036 643 3084 suae
692 3036 937 3104 nempe
985 3014 1303 3105 dignitati
1360 3014 1589 3104 potius
1647 3015 2009 3084 convenire
2066 3026 2441 3095 censentes,
2499 3026 2576 3081 ut

68 3097 162 3198 llle
206 3103 283 3171 ad
335 3127 407 3173 se
445 3102 820 3179 accederet,
858 3125 1063 3190 quam
1116 3117 1191 3173 ut
1224 3103 1356 3192 ipsi
1405 3102 1488 3171 ad
1532 3124 1688 3171 eum
1727 3124 1873 3173 sese
1919 3102 2326 3172 conferrent.
2388 3107 2573 3185 Quo-

71 3207 228 3257 niam
284 3205 537 3271 autem,
587 3203 727 3261 turn
788 3192 874 3260 ob
920 3214 1069 3271 eaS,
1135 3213 1309 3278 quas
1356 3192 1675 3281 superius
1722 3191 2024 3261 diximus
2087 3212 2355 3271 causaS,
2425 3203 2574 3260 tum

66 3277 242 3346 etiam
275 3281 433 3366 quia
471 3280 709 3349 ferreis
749 3280 1008 3349 catenis
1041 3279 1409 3349 adstrictus
1437 3291 1602 3359 erat,
1646 3279 1935 3368 pedibus
1962 3280 2106 3349 suis
2141 3278 2409 3370 ingredi
2438 3299 2573 3348 non

68 3377 321 3449 poterat,
357 3368 632 3438 duobus
664 3368 828 3437 viris
869 3368 1145 3437 innixus
1192 3367 1277 3437 ad
1311 3390 1426 3436 eos
1483 3368 1968 3456 proficiscitur.
2015 3368 2285 3437 Primus
2336 3368 2567 3454 itaque

64 3451 457 3526 Theodosius
484 3456 869 3547 Ephesinus
908 3458 1288 3546 Episcopus
1320 3457 1402 3525 ad
1442 3456 1628 3525 hunc
1657 3456 1937 3525 modum
1965 3477 2123 3526 eum
2165 3455 2564 3543 alloquitur:

68 3560 94 3601 «
140 3545 438 3623 Quonam
491 3544 763 3614 tandem
808 3545 1034 3626 modo,
1098 3568 1138 3616 o
1196 3545 1402 3614 homo
1454 3545 1613 3624 Dei,
1681 3544 1990 3614 animum
2053 3544 2386 3615 induxisti
2449 3566 2572 3613 nos

63 3645 278 3701 ornnes
323 3633 392 3701 in
446 3633 945 3703 haereticorum
997 3654 1282 3703 nurnero
1337 3637 1713 3722 reponere?
1760 3645 1958 3720 teque
2010 3655 2219 3723 supra
2270 3639 2576 3722 Impera-

66 3724 242 3799 tores,
282 3743 489 3811 supra
515 3721 965 3802 Patriarchas,
1005 3743 1217 3810 supra
1242 3721 1484 3811 Episco
1539 3744 1613 3791 os
1659 3743 1738 3792 ac
1768 3735 2069 3791 caeteros
2128 3722 2572 3802 ChristianOS,

67 3823 280 3893 sapere
304 3810 687 3897 judicasti?
711 3814 803 3879 An
858 3832 981 3880 nos
1007 3832 1245 3880 ornnes
1273 3810 1339 3878 id
1379 3832 1486 3879 mo
1520 3811 1725 3890 imur,
1768 3822 1846 3879 ut
1879 3816 2265 3886 nostrarum
2300 3811 2577 3899 ipsimet

67 3894 430 3967 animarum
484 3899 817 3987 jacturam
880 3898 1336 3968 faciamus?»
1387 3902 1461 3967 At
1498 3900 1735 3987 justus
1797 3900 1899 3966 vir
1961 3898 2099 3967 leni
2163 3921 2241 3967 ac
2303 3898 2571 3988 placida

71 3999 227 4076 voce3
264 4008 300 4050 «
335 3986 636 4067 Adverte‚
677 3986 923 4073 inquit,
967 3986 1129 4073 quid
1168 3986 1251 4055 de
1299 3987 1442 4055 Elia
1484 3988 1813 4076 Propheta
1867 3987 2216 4075 Scriptura
2256 3988 2582 4077 prodide-

70 4079 157 4148 nt,
208 4073 533 4143 nimirum
583 4075 1166 4162 quemadmodum
1216 4074 1300 4143 ad
1351 4074 1569 4143 Achas
1617 4075 1882 4156 dixerit,
1920 4081 2064 4144 Non
2093 4077 2423 4153 conturbo,
2463 4074 2584 4139 in·-

68 4158 214 4239 quit,
262 4164 375 4230 scd
402 4174 473 4231 tu
512 4174 573 4232 et
613 4165 843 4233 domus
866 4165 1090 4253 patris
1124 4166 1229 4232 tui
1251 4164 1346 4253 (3.
1390 4169 1551 4251 Ray.
1585 4164 1719 4253 18).
1758 4170 1985 4250 Neque
2014 4163 2197 4231 enim
2232 4182 2359 4251 ego
2388 4181 2573 4228 nunc

69 4263 202 4314 sum
249 4251 366 4335 qui
423 4254 801 4322 conturbo:
858 4273 1087 4321 verum
1142 4253 1228 4331 ii,
1292 4252 1433 4338 qui,
1494 4265 1881 4341 contempta
1941 4263 2241 4320 veterum
2292 4254 2563 4316 Patrum

70 4334 451 4419 traditione,
518 4361 768 4409 novum
844 4338 1190 4426 quoddam
1257 4339 1505 4430 dogma
1571 4341 1636 4408 in
1703 4340 2071 4410 Ecclesiam
2150 4342 2565 4406 invexerunt.

70 4422 212 4492 Nam
248 4426 345 4496 sic
382 4427 709 4516 quicquid
748 4428 1148 4513 antiquitate
1200 4441 1518 4516 praestat,
1555 4430 1980 4496 veneratione
2013 4428 2303 4516 dignum
2338 4436 2458 4500 est,
2500 4433 2580 4488 ut
