2993 4837
500 356 620 421 1ῡὶ>
976 409 981 414 .
1123 370 1204 420 1)ss
1252 373 1309 420 S.
1362 369 1683 421 MALAcfflA
1731 372 1826 418 Er.
1881 371 2223 419 nmmum:
2656 352 2805 418 Not.
2845 353 2873 416 3

404 472 679 529 sanctae
702 456 1126 548 Apostolicae
1174 457 1379 538 sedis,
1434 456 1619 528 velut
1667 479 1703 526 e
1753 457 2075 526 manibus
2126 456 2377 526 nostris
2418 468 2785 546 assumptus
2815 455 2878 524 ab

405 546 708 627 AngeliS,
763 545 1048 615 feliciter
1110 546 1523 615 obdormivit
1582 546 1648 614 in
1705 547 1994 615 Domino
2047 546 2102 613 ’ἃ
2158 551 2235 615 Et
2299 567 2448 614 vere
2506 544 2878 615 obdormivit.

407 601 644 705 Vultus
698 635 1034 725 placiduS,
1076 633 1330 724 placidi
1368 635 1590 704 exitus
1625 633 1961 704 indicium
2005 633 2156 704 fuit.
2210 641 2287 704 Et
2319 634 2593 721 quidem
2623 633 2885 703 'omnium

404 725 587 794 oculi
628 724 745 794 fixi
786 725 853 792 in
898 746 1054 795 eum
1092 747 1106 791 :
1165 745 1361 793 nemo
1411 736 1664 803 tamen,
1720 723 1840 810 qui
1873 723 2151 810 quando
2189 724 2416 804 exivit,
2451 723 2775 792 advertere
2804 744 2892 810 po·

408 814 669 883 tuisset.
727 818 1031 882 Mortuus
1084 812 1303 881 vivere
1338 867 1352 893 ,
1405 829 1470 882 et
1510 813 1741 881 vivens
1792 825 2108 881 mortuus
2170 813 2583 899 putabatur:
2634 811 2783 880 adeo
2823 808 2892 878 nil

406 901 773 981 intercidit,
809 901 990 988 quod
1026 900 1434 970 alterutrum
1471 900 2003 970 disterminaret.
2051 900 2301 970 Eadem
2341 901 2658 970 vivacitas
2685 899 2893 974 vultus,

407 991 735 1061 serenitas
774 990 1037 1070 eadem,
1083 989 1310 1077 qualis
1357 1012 1689 1080 apparere
1725 988 1891 1059 solet
1921 991 1985 1057 in
2023 989 2429 1060 dormiente.
2479 992 2733 1058 Diceres
2759 1009 2896 1056 mor·

409 1095 539 1149 tem
594 1078 763 1149 nihil
816 1080 1060 1149 horum
1113 1078 1376 1159 tulisse,
1434 1080 1656 1169 magis
1704 1079 1978 1148 auxisse
2031 1078 2439 1168 plurimum.
2495 1084 2631 1148 Non
2671 1091 2760 1146 est
2791 1098 2898 1144 mu·

406 1182 609 1250 tatus,
669 1168 784 1237 sed
837 1169 984 1258 ipse
1043 1168 1327 1236 mutavit
1372 1189 1637 1236 omnes.
1695 1168 1939 1236 Mirum
1991 1167 2061 1235 in
2117 1166 2397 1237 modum
2453 1166 2677 1236 luctus
2718 1178 2775 1234 et
2816 1185 2900 1252 ge·

407 1258 618 1327 mitus
667 1257 979 1326 omniurn
1031 1257 1258 1326 subito
1298 1257 1761 1342 conquiescit:
1817 1268 2126 1325 mutatur
2164 1257 2229 1324 in
2276 1257 2609 1346 gaudium
2656 1274 2895 1330 moeror,

406 1347 761 1447 planctum
812 1358 1057 1414 cantus
1103 1344 1425 1413 excludit.
1481 1346 1812 1424 Effertur,
1875 1345 2192 1414 feruntur
2249 1345 2316 1413 in
2370 1345 2637 1415 coelum
2696 1365 2895 1418 voces,

407 1434 698 1503 infertur
730 1434 1022 1503 oratorio
1055 1435 1387 1502 Abbatum
1419 1433 1751 1503 humeris.
1787 1432 1957 1502 vicii
1993 1434 2189 1517 fides;
2228 1433 2610 1524 triumphat
2639 1433 2896 1504 affectus}

407 1545 515 1593 res
566 1523 632 1591 in
673 1545 874 1592 suum
913 1522 1185 1590 devenit
1233 1536 1524 1593 statum:
1571 1535 1820 1592 cuncta
1873 1535 2208 1614 geruntur
2251 1543 2328 1591 ex
2371 1523 2653 1602 ordine;
2703 1532 2904 1590 cuncta

405 1634 484 1681 ex
523 1613 784 1681 ratione
824 1610 1219 1698 procedunt.

495 1703 530 1787 ξ
582 1706 744 1771 28.
799 1705 875 1770 Et
924 1721 1154 1769 revera
1209 1699 1373 1787 quid
1436 1699 1720 1772 rationis
1777 1699 1981 1769 habet
2043 1700 2569 1770 immoderatius
2630 1698 2904 1789 plangere

406 1789 838 1869 Malachiam,
894 1789 1093 1875 quasi
1127 1810 1259 1857 non
1297 1789 1383 1857 sit
1419 1789 1715 1878 pretiosa
1766 1811 1949 1858 mors
1980 1789 2149 1874 ejus,
2205 1791 2401 1877 quasi
2442 1810 2576 1857 non
2615 1789 2701 1857 sit
2732 1786 2906 1875 magis

408 1900 717 1958 soanS,
753 1899 960 1964 quarn
1014 1899 1238 1948 mors:
1290 1877 1491 1963 quasi
1527 1899 1660 1947 non
1699 1877 1787 1946 sit
1827 1878 2064 1947 mortis
2116 1891 2375 1967 portus,
2414 1891 2478 1947 et
2514 1892 2706 1967 porta
2738 1875 2906 1944 vitae?

408 1966 777 2036 Malachias
825 1966 1093 2036 amicus
1142 1980 1371 2037 noster
1417 1965 1695 2047 dormit,
1736 1983 1799 2035 et
1838 1988 1961 2056 ego
2012 1966 2285 2057 lugeam
2314 1971 2346 2035 ⁶?
2377 1972 2630 2036 Luctus
2665 1968 2782 2036 iste
2812 1983 2914 2033 usu

406 2078 501 2136 se,
556 2077 687 2124 non
746 2055 1027 2136 ratione,
1085 2069 1335 2125 tuetur.
1384 2056 1449 2124 Si
1507 2056 1833 2126 Dominus
1882 2055 2070 2124 dedit
2109 2057 2359 2126 dilecto
2415 2078 2539 2126 suo
2578 2076 2908 2128 somnum.

404 2156 469 2213 et
519 2143 718 2213 talem
773 2166 1121 2220 somnum,
1176 2145 1244 2212 in
1295 2165 1431 2231 quo
1481 2144 1867 2213 haereditas
1918 2145 2229 2225 Domini,
2294 2144 2418 2213 filii
2473 2166 2754 2224 merces,
2802 2141 2914 2211 fru-

405 2247 555 2302 ctus
605 2234 893 2302 ventris:
947 2232 1113 2318 quid
1169 2233 1414 2302 horum
1467 2232 1735 2302 videtur
1784 2234 2018 2301 fletum
2069 2234 2425 2303 indicere?
2474 2239 2705 2322 Egone
2751 2233 2914 2301 fleam

406 2321 630 2402 illurn,
687 2323 807 2409 qui
857 2322 1091 2391 fletum
1143 2321 1407 2390 evasit?
1454 2321 1576 2390 Ille
1620 2322 1973 2411 tripudiat,
2031 2322 2144 2398 ille
2203 2321 2632 2412 triumphat3
2687 2321 2797 2390 ille
2838 2320 2914 2387 in·

407 2410 762 2481 troductus
808 2422 909 2481 est
974 2411 1045 2478 in
1110 2410 1442 2501 gaudium
1515 2410 1782 2480 Domini
1833 2411 1990 2493 sui,
2058 2425 2123 2481 et
2183 2435 2308 2502 ego
2357 2434 2513 2481 eum
2579 2403 2916 2502 plangam?

407 2500 619 2590 Cupio
678 2499 847 2568 mihi
897 2499 1065 2568 haec
1099 2553 1114 2579 ,
1171 2521 1303 2568 non
1357 2499 1456 2568 illi
1516 2500 1808 2569 invideo.
1866 2500 2144 2570 Interim
2201 2514 2531 2591 parantur
2578 2500 2912 2588 exequiae;

406 2589 687 2658 offertur
789 2610 860 2657 ro
907 2609 985 2657 eo
1026 2588 1494 2670 sacrificium;
1551 2604 2127 2659 consummantur
2173 2612 2251 2659 ex
2303 2613 2489 2660 more
2528 2591 2763 2660 omnia
2793 2604 2918 2657 cum

407 2699 680 2746 summa
763 2678 1091 2747 evotione.
1140 2677 1370 2747 Stabat
1426 2678 1700 2747 eminus
1757 2700 1949 2767 puer,
2010 2679 2122 2748 cui
2172 2693 2562 2749 emortuum
2622 2677 2920 2768 pendebat

406 2788 445 2833 a
494 2765 701 2834 latere
740 2765 1127 2844 brachium,
1170 2766 1389 2856 magis
1421 2766 1523 2835 illi
1559 2767 2074 2857 impedimento,
2114 2790 2321 2855 quam
2365 2768 2550 2837 usui.
2591 2774 2741 2850 Quo
2770 2785 2920 2834 com-

408 2866 621 2942 perto,
663 2854 886 2934 innui,
935 2868 1012 2924 ut
1050 2855 1421 2937 accederet,
1475 2869 1540 2924 et
1591 2856 2092 2945 apprehensam
2144 2857 2409 2926 aridam
2473 2878 2795 2935 manum,
2835 2872 2926 2951 ap-

408 2942 623 3032 plicui
657 2942 739 3011 ad
786 2965 1065 3013 manum
1113 2943 1472 3034 Episcopi:
1537 2957 1601 3013 et
1650 2944 2016 3014 vivificavit
2063 2967 2238 3014 eam.
2293 2951 2548 3035 Nempe
2588 2946 2844 3014 vivebat
2871 2960 2924 3007 m

408 3044 677 3100 mortuo
756 3032 921 3101 ratia
951 3032 1321 3102 sanitatum
1352 3057 1367 3113 ;
1403 3047 1467 3101 et
1501 3055 1748 3103 manus
1781 3035 1927 3119 ejus
1962 3034 2090 3103 fuit
2126 3048 2433 3104 mortuae
2471 3035 2736 3113 manui,
2775 3024 2920 3119 quod

409 3134 680 3189 mortuo
772 3122 988 3190 omini
1047 3121 1334 3191 Eliseus.
1382 3126 1557 3190 Puer
1616 3122 1728 3191 ille
1784 3123 1868 3191 de
1910 3123 2111 3213 longe
2160 3135 2457 3203 venerat,
2517 3135 2581 3191 et
2626 3140 2920 3195 manum,

404 3231 611 3297 quam
669 3210 1074 3298 pendentem
1141 3210 1504 3291 attulerat,
1564 3233 1800 3280 sanam
1854 3213 1923 3279 in
1994 3212 2283 3302 patriam
2351 3212 2740 3302 reportavit.
2807 3208 2922 3275 lam

404 3298 730 3368 omnibus
780 3300 906 3368 rite
940 3298 1256 3388 peractis,
1316 3300 1384 3367 in
1439 3300 1589 3388 ipso
1623 3301 1917 3370 oratorio
1968 3314 2244 3370 sanctae
2283 3302 2394 3370 Dei
2429 3300 2788 3391 genitricis
2820 3302 2926 3365 Ma·

407 3387 569 3469 riae,
623 3387 691 3455 in
744 3410 879 3474 quo
915 3387 1046 3456 sibi
1088 3388 1261 3456 bene
1292 3389 1736 3477 complacuit,
1793 3389 2163 3459 Malachias
2199 3389 2495 3459 traditur
2528 3389 2920 3478 sepulturae,

405 3498 585 3546 anno
619 3475 704 3544 ab
733 3475 1206 3545 incarnatione
1238 3478 1505 3545 Domini
1544 3478 1933 3560 millesimo,
1967 3479 2362 3559 centesimO,
2387 3477 2924 3567 quadragesimo·

404 3577 660 3645 octavO,
702 3579 946 3652 quarto
980 3571 1203 3634 Nonas
1237 3566 1661 3636 Novembris.
1701 3573 1920 3637 Tuum
1952 3580 2074 3649 est,
2113 3574 2278 3637 ,lesu
2305 3567 2504 3647 bone,
2537 3566 2922 3656 depositum,

405 3654 584 3739 quod
631 3655 829 3722 nobis
870 3654 1207 3723 creditum
1252 3666 1390 3722 est:
1449 3669 1610 3724 tuus
1654 3654 2068 3737 thesauru5‚
2124 3657 2244 3744 qui
2305 3656 2701 3725 reconditur
2751 3668 2926 3743 penes

408 3763 553 3811 nos.
595 3748 959 3812 Servamus
995 3742 1192 3811 illum
1232 3743 1730 3833 resignandum
1775 3744 1841 3812 in
1898 3759 2224 3834 tempore,
2278 3766 2413 3832 quo
2457 3741 2926 3833 reposcendum

404 3833 779 3912 censueriS,
816 3844 1080 3901 tantum
1118 3843 1193 3901 ut
1226 3831 1484 3918 absque
1521 3833 2136 3904 contubernalibus
2173 3834 2317 3902 suis
2356 3857 2487 3903 non
2525 3832 2923 3924 egrediatur:

407 3919 522 3987 sed
559 3941 760 4005 quem
801 3920 1179 3991 habuimus
1221 3920 1584 4011 hospitem,
1640 3922 2022 3991 habeamus
2071 3923 2347 4003 ducem,
2409 3937 2628 3992 tecum
2682 3934 2746 3988 et
2792 3936 2926 3986 cum

408 4007 555 4095 ipso
598 4010 851 4097 pariter
885 4010 1237 4099 regnaturi
1274 4010 1340 4078 in
1386 4010 1620 4079 secula
1661 4010 2077 4093 seculorum,
2117 4016 2325 4080 Amen
2367 4011 2458 4079 ⁴²⁴².

459 4116 483 4141 ⁸
513 4117 657 4159 Anno.
686 4119 739 4156 ut
758 4115 978 4167 superius
995 4121 1097 4167 jam
1120 4118 1462 4165 adnotavimus,
1485 4122 1601 4159 1148.

458 4169 510 4195 ‘⁴‘
540 4170 582 4209 S.
614 4169 865 4211 Malachiae
896 4183 922 4211 a.
950 4174 1076 4220 Papa
1105 4173 1346 4212 Clemente·
1380 4174 1462 4219 111.
1487 4183 1609 4212 anno
1646 4174 1763 4222 1189,
1800 4170 1923 4213 inter
1953 4174 2153 4213 coelites
2177 4173 2521 4213 adnumeratus
2542 4174 2683 4211 est·-
2700 4169 2782 4209 Hic
2801 4167 2928 4205 obser·

402 4223 607 4263 vandum
637 4223 773 4263 nobis
793 4223 994 4271 videtur,
1012 4227 1237 4274 quasdam
1257 4227 1482 4266 obscuras
1502 4227 1837 4275 ambiguusque
1859 4225 2149 4276 prophetias,
2171 4236 2291 4275 quae
2314 4227 2400 4266 sub
2423 4228 2466 4266 S.
2491 4225 2748 4265 Malachiae
2768 4220 2926 4260 nomin-2

402 4276 696 4325 prodierunt,
727 4276 915 4318 minime
944 4289 1139 4327 prorsus
1170 4280 1227 4318 ab
1258 4289 1311 4319 eo
1342 4282 1548 4327 prolatas
1569 4280 1729 4320 fuisse.
1754 4281 1856 4319 Non
1879 4278 2003 4319 enim
2027 4290 2105 4319 cus
2131 4282 2173 4319 S.
2197 4281 2480 4323 Bernartius,
2501 4279 2580 4328 qut
2601 4277 2725 4317 omni
2749 4286 2799 4315 ex
2819 4276 2927 4322 parte

405 4329 449 4367 S.
480 4330 737 4370 Malachiae
768 4332 922 4371 Vitam
951 4334 1250 4381 virtutesque
1279 4335 1545 4381 explicavit,
1575 4334 1801 4373 meminit.
1830 4335 1965 4383 Ipsus
1994 4343 2134 4381 porro
2165 4335 2411 4379 Batonius,
2432 4332 2644 4376 Bzovius,
2666 4329 2925 4385 §pomeray-‘2

406 4382 690 4428 Raynamus,
719 4384 826 4428 ete..
856 4385 991 4432 parvi
1021 4386 1245 4433 pendunt.
1278 4386 1626 4433 Papebrochius
1654 4397 1731 4426 eas
1766 4390 1900 4425 vocat
1935 4396 2144 4437 operosas
2175 4400 2318 4436 ”nycte
2337 4393 2374 4425 et
2396 4388 2739 4435 vanafiymenta.
2761 4384 2924 4421 Concin-

406 4436 907 4537 ffiggssfgifflfflssggmo
936 4438 1249 4478 decimosexto
1279 4435 1493 4478 nonnulli
1526 4450 1604 4479 eas
1640 4440 1925 4480 existimant.
1949 4441 2142 4480 Certum
2167 4443 2239 4481 est
2261 4450 2384 4480 anno
2406 4442 2508 4480 1595
2528 4448 2728 4489 primum
2748 4438 2859 4485 ipsas
2878 4428 2922 4468 ²41

622 4500 689 4528 ro(
827 4518 837 4529 .
