2993 4837
97 350 243 417 NOV.
294 354 370 417 ⁴3
912 372 988 416 ne
1037 371 1093 416 s.
1149 369 1374 418 mnAco
1422 368 1724 417 coxrssss.
2373 356 2502 419 453

93 454 467 544 providentia
502 453 841 529 sedemus,
882 455 1280 523 auctoritate
1310 468 1373 522 et
1402 467 1749 542 potestate,
1783 454 2078 541 denique
2102 455 2398 544 Spiritus
2424 461 2586 525 San-

88 543 156 611 cti
185 544 501 634 singulari
539 544 917 633 patrocinio
955 558 1157 630 atque
1200 543 1548 612 infallibili
1583 544 1970 612 assistentia
2002 567 2040 612 a
2094 549 2221 613 Deo
2258 545 2325 612 in
2361 546 2589 613 omni-

30 655 31 722 3
88 632 190 701 bus
220 634 430 702 verbis
459 634 606 701 suis
641 632 824 701 fideli
877 635 1241 721 promissa,
1272 654 1492 720 usque
1528 632 1608 700 ad
1647 633 2319 702 consummationem
2371 634 2588 702 seculi

30 743 31 756 ¹
86 735 373 810 perpetuo
412 722 736 798 affutura,
775 722 1033 807 quibus
1074 721 1523 811 gubernatur,
1564 744 1640 789 ea
1683 722 1986 790 diximus
2033 744 2210 808 quae
2243 744 2492 790 causae
2525 735 2590 792 et

84 812 371 898 temporis
421 811 592 879 ratio
629 810 1064 899 potissimum
1106 811 1450 896 requirere
1485 810 1866 880 videbatur.
1911 816 2191 879 Demum
2245 834 2284 880 a
2335 812 2589 878 Fratri-

82 897 191 967 bus
236 900 476 968 nostris
520 900 888 988 petivimus
936 910 1012 966 ut
1072 899 1254 985 quod
1306 899 1477 966 alias
1526 912 1856 967 statutum
1918 912 2117 980 esset,
2165 914 2239 967 ut
2280 899 2363 967 ad
2409 899 2584 969 ulte-

82 987 232 1054 riora
300 989 365 1055 in
445 988 572 1056 hoc
628 988 900 1076 negotio
963 988 1485 1074 procederetur,
1543 1010 1730 1056 nunc
1791 989 2092 1075 praecise
2155 1002 2219 1057 et
2266 1010 2586 1076 expresse

79 1074 369 1157 dicerent,
411 1098 499 1144 an
550 1077 748 1145 exiis
796 1077 968 1144 actis
1026 1098 1203 1161 quae
1254 1077 1380 1164 ipsi
1423 1076 1733 1145 viderant
1765 1088 1829 1145 et
1876 1077 2303 1158 audiverant,
2345 1078 2584 1147 beatus

82 1164 340 1234 Didacus
387 1178 568 1234 esset
623 1163 1165 1233 canonizandus.
1222 1167 1439 1253 Igitur
1487 1187 1524 1232 a
1577 1169 1640 1232 S.
1685 1169 1759 1233 R.
1798 1169 1867 1233 E.
1909 1165 2389 1235 cardinalibus
2442 1167 2592 1255 pri-⁴

79 1274 263 1332 mum,
296 1253 548 1322 deinde
588 1275 626 1322 a
675 1253 1106 1332 Patriarcbis,
1157 1253 1703 1342 Arcbiepiscopis
1751 1266 1814 1321 et
1858 1255 2210 1343 Episcopis
2248 1255 2379 1343 pie,
2426 1278 2585 1344 gra-

74 1343 218 1409 viter
259 1357 320 1412 et
367 1342 636 1411 erudite
685 1342 1040 1411 sententiis
1088 1343 1313 1423 dictis,
1353 1365 1593 1410 omnes
1645 1343 2009 1412 unanimes
2044 1344 2110 1411 id
2140 1345 2381 1431 ipsum
2436 1366 2585 1412 sen-

76 1429 306 1512 tientes,
343 1433 672 1500 dixerunt
729 1430 861 1499 sibi
914 1431 1149 1508 videri,
1193 1453 1274 1500 ex
1325 1431 1408 1499 iis
1462 1452 1639 1515 quae
1690 1444 1956 1501 mature
2005 1432 2136 1521 ipsi
2183 1433 2307 1500 bac
2369 1431 2452 1499 de
2517 1453 2585 1500 re

73 1518 350 1590 viderant
408 1534 473 1589 et
521 1519 966 1600 audiverant,
1031 1521 1302 1590 beatum
1386 1519 1713 1588 Didacum
1780 1543 1819 1588 a
1871 1520 2067 1590 nobis
2118 1522 2357 1589 merito
2413 1521 2589 1589 inter

70 1609 319 1678 Sanctos
367 1630 519 1678 esse
568 1608 1128 1678 adscribendum.
1175 1613 1302 1677 Deo
1343 1619 1596 1688 autem,
1636 1609 1756 1694 qui
1809 1610 1874 1676 in
1913 1609 2118 1679 domo
2168 1633 2292 1679 sua
2343 1608 2584 1679 fratres

64 1695 119 1763 in
168 1719 375 1767 unum
417 1698 726 1766 habitare
772 1697 957 1776 facit,
994 1697 1250 1787 gratias
1282 1711 1560 1786 agentes
1613 1697 1695 1765 de
1738 1710 1921 1766 tanta
1973 1703 2283 1767 Fratrum
2324 1712 2586 1768 nostro·

66 1806 197 1854 rum
254 1786 732 1864 consensione,
792 1785 1113 1873 quodque
1160 1787 1244 1855 ad
1298 1807 1570 1855 servum
1619 1799 1683 1853 et
1732 1788 2033 1855 amicum
2078 1811 2309 1866 suum,
2359 1810 2583 1873 quan-

67 1885 186 1942 tum
238 1877 439 1946 nobis
487 1875 666 1955 licet,
707 1875 1185 1945 honorandum
1238 1874 1444 1944 corda
1490 1886 1715 1943 nostra
1769 1874 2149 1964 impelleret
2186 1890 2249 1945 et
2285 1877 2586 1945 illustra-

65 1976 165 2041 ret,
206 1987 362 2033 cum
407 1986 528 2053 per
565 1964 714 2054 ejus
747 1965 1036 2054 gratiam
1075 1965 1436 2049 hucusque
1475 1963 1705 2032 omnia
1756 1963 1876 2032 rite
1924 1979 2126 2050 atque
2165 1965 2404 2032 ordine
2435 1966 2581 2053 jam

64 2066 187 2118 acta
232 2068 488 2132 essent,
528 2053 710 2138 quod
763 2052 1103 2139 reliquum
1147 2066 1313 2135 erat,
1367 2052 1548 2120 diem
1593 2053 2138 2121 canonizationis
2189 2053 2585 2142 praestitui-

65 2160 196 2208 mus
241 2142 323 2211 ad
366 2154 634 2210 sextum
675 2163 889 2210 nonas
920 2140 1107 2220 Julii,
1160 2163 1299 2227 quo
1348 2141 1458 2208 die
1495 2141 1824 2209 memoria
1883 2141 2288 2209 visitationis
2346 2147 2585 2210 Beatae

64 2248 307 2317 semper
347 2230 645 2320 Virginis
694 2230 776 2298 ad
829 2245 1133 2298 sanctam
1188 2228 1533 2299 Elisabeth
1585 2228 1692 2319 pie
1746 2229 1832 2298 ab
1882 2230 2178 2298 Ecclesia
2232 2230 2577 2309 recolitur,

59 2328 120 2383 ut
158 2318 468 2407 ejusdem
521 2318 811 2388 humani
867 2318 1136 2408 generis
1184 2319 1549 2389 advocatae
1602 2319 2002 2406 patrocinio,
2062 2318 2330 2386 tandem
2389 2319 2580 2408 pium

61 2401 165 2503 boc
216 2430 399 2497 opus
451 2430 772 2497 prospere
827 2423 892 2477 et
955 2408 1346 2477 salutariter
1393 2432 1430 2477 a
1496 2408 1696 2477 nobis
1770 2408 2259 2478 absolveretur.
2315 2413 2581 2476 Fratres

57 2508 288 2565 interea
345 2513 618 2566 nostros
673 2498 920 2566 hortati
975 2520 1222 2567 sumus
1269 2512 1368 2577 ut,
1408 2497 1814 2566 intermedio
1870 2512 2196 2586 tempore,
2252 2520 2391 2566 una
2458 2518 2582 2565 no-

55 2581 300 2653 biscum
342 2586 695 2675 precibuS,
739 2585 1195 2676 eleemosynis
1230 2586 1435 2676 (quas
1472 2608 1597 2654 nos
1629 2599 1696 2654 et
1740 2587 2030 2656 libenter
2076 2599 2140 2654 et
2190 2587 2298 2676 pie
2345 2607 2582 2676 eroga-

50 2671 279 2753 vimus,
320 2674 914 2761 quemadmodum
965 2687 1030 2744 et
1077 2676 1280 2765 Regis
1331 2676 1608 2744 nomine
1648 2675 1733 2743 ab
1765 2677 1985 2764 ipsius
2023 2689 2287 2744 oratore
2327 2674 2582 2743 factum

48 2759 207 2850 fuit),
238 2764 563 2853 jejuniis,
605 2763 987 2843 sacrificiiS,
1033 2765 1141 2832 Dei
1184 2763 1518 2832 auxilium
1557 2764 1872 2833 invocare
1910 2787 2038 2833 non
2078 2777 2446 2834 cessarent.
2551 2762 2556 2769 ’

119 2854 154 2937 §
199 2859 347 2925 15.
401 2857 468 2923 Is
517 2852 727 2942 igitur
764 2850 981 2922 festus
1029 2852 1449 2921 Visitationis
1484 2852 1655 2933 dies,
1712 2853 1777 2921 id
1830 2866 1931 2921 est
1979 2853 2383 2933 hodiernu5‚
2423 2873 2583 2921 cum

46 2938 472 3021 advenisset,
527 2963 651 3010 nos
697 2952 762 3010 et
810 2940 1050 3011 fratres
1100 2942 1313 3009 nostri
1357 2941 1773 3019 Cardinales,
1814 2942 2268 3020 Patriarchae,
2309 2941 2583 3011 Archie-

45 3028 298 3126 piscopi
335 3045 407 3100 et
446 3030 789 3120 Episcopi,
823 3030 1039 3099 sacris
1076 3030 1377 3099 vestibus
1427 3029 1678 3109 induti,
1721 3030 2037 3099 inchoato
2078 3052 2194 3117 per
2234 3053 2359 3100 nos
2401 3031 2588 3120 ipsos

40 3137 101 3184 in
151 3133 391 3189 nostra
444 3119 796 3208 pontificia
830 3118 1145 3208 cappella
1179 3118 1440 3207 hymno
1489 3124 1627 3187 Ave
1671 3119 1883 3187 maris
1914 3122 2139 3197 stella,
2187 3133 2586 3187 cantorum-

40 3225 161 3291 que
206 3208 430 3277 choro
482 3221 935 3297 prosequente
965 3262 979 3288 ,
1033 3220 1108 3276 ut
1156 3207 1303 3296 ipsa
1332 3259 1351 3285 ,
1411 3228 1588 3293 quae
1637 3211 1846 3274 Mater
1894 3221 1994 3275 est
2042 3208 2325 3296 gratiae,
2385 3205 2587 3275 nobis

37 3297 330 3381 praeiret
373 3309 439 3365 et
489 3296 934 3384 praeluceret.
974 3295 1260 3365 caeteris
1308 3294 1514 3363 etiam
1574 3300 1920 3363 Romanae
1972 3296 2211 3363 Curiae
2263 3293 2586 3384 praelatis

34 3397 93 3450 et
122 3384 548 3454 officialibus
581 3384 1181 3471 familiaribusque
1217 3384 1493 3463 nostrie„
1532 3404 1612 3451 ac
1653 3383 1973 3452 universo
2015 3383 2315 3474 regulari
2366 3394 2431 3451 et
2481 3403 2583 3450 se-

31 3472 244 3541 culari
299 3473 514 3553 clem,
556 3473 761 3562 longo
808 3472 1182 3560 devotoque
1231 3471 1471 3541 ordine
1523 3470 2146 3562 progredientibus,
2199 3492 2438 3540 omnes
2487 3472 2582 3539 si-

33 3561 172 3629 mul
225 3583 563 3631 accensos
602 3583 834 3631 cereos
884 3563 952 3629 in
998 3562 1322 3631 manibus
1370 3573 1715 3650 gestantes
1763 3560 1830 3628 in
1882 3564 2033 3649 ejus
2075 3559 2427 3638 honorem,
2458 3559 2582 3646 qui

29 3664 121 3717 est
155 3649 277 3719 lux
333 3672 516 3729 vera,
562 3649 780 3740 gloria
829 3664 894 3718 et
933 3650 1260 3740 splendor
1301 3654 1733 3725 Sanctorum,
1780 3672 1816 3717 e
1851 3648 2101 3738 palatio
2144 3660 2371 3718 nostro
2405 3654 2582 3737 Apo-

29 3737 267 3807 stolico
320 3738 723 3807 solemniter
773 3739 1235 3827 processimus
1290 3738 1375 3806 ad
1429 3738 1985 3824 antiquissimam
2038 3752 2102 3805 et
2145 3736 2581 3827 religiosissi-

29 3847 202 3895 mam
237 3826 607 3896 basilicam
642 3827 982 3916 Principis
1009 3826 1511 3915 Apostolorum,
1545 3826 1612 3894 in
1642 3828 1848 3914 cujus
1882 3826 2108 3894 medio
2146 3826 2580 3916 peramplum

29 3929 442 4005 suggestum
494 3937 566 3983 re
618 3915 683 3982 io
723 3927 1007 4004 sumptu
1056 3927 1438 3985 extructum
1489 3929 1674 3996 erat,
1731 3928 2187 4007 paratumque
2233 3914 2447 3984 altare
2493 3913 2579 3983 ad

29 4024 297 4075 sacram
369 4005 557 4092 ponti
614 4003 829 4072 calem
892 4005 1169 4072 Missam
1219 4004 1732 4084 celebrandam,
1773 4017 2047 4091 totaque
2087 4003 2327 4093 templi
2374 4002 2583 4072 facies

29 4092 85 4159 in
120 4093 494 4163 communi
531 4092 871 4161 Ecclesiae
906 4092 1160 4162 laetitia
1200 4092 1441 4161 hilaris
1470 4106 1535 4161 et
1572 4092 1921 4182 pontificio
1962 4107 2298 4182 apparatu
2329 4091 2583 4162 decen-

29 4192 118 4250 ter
166 4195 451 4261 ornata,
517 4181 889 4267 omniaque
950 4180 1431 4271 spiritualibus
1477 4182 1767 4251 canticis
1803 4183 2285 4272 personabant,
2325 4180 2582 4250 sanalia

30 4286 77 4338 at
126 4271 325 4340 faces
380 4270 921 4356 circumquaque
982 4268 1336 4350 ardebant,
1400 4281 1464 4339 et
1510 4268 1758 4338 vexilla
1806 4292 2136 4360 appensa,
2190 4271 2257 4339 in
2322 4270 2588 4357 quibus

29 4360 200 4428 beati
236 4358 383 4426 viri
426 4360 659 4447 imago
707 4379 1023 4448 expressa
1072 4371 1238 4438 erat,
1272 4359 1390 4446 qui
1428 4378 1711 4443 corpore
1759 4373 1981 4428 erecto
2028 4359 2369 4447 depictu8‚
2425 4360 2584 4430 dex-

29 4462 153 4517 tera
213 4468 445 4519 manu
494 4467 821 4515 coronam
885 4446 1325 4517 Beatissimae
1374 4448 1487 4517 Dei
1540 4446 1929 4530 Genitricis,
1970 4448 2247 4520 sinistra
2297 4453 2582 4519 Crucem

2775 4440 2836 4481 s
