2993 4837
76 335 215 400 NOV.
270 337 339 400 14
603 356 680 401 DE
729 357 785 403 s.
837 356 1192 404 mmmmm
1240 355 1535 403 Ancmm‘.
1589 358 1966 405 ΒυΒιιΝΕΝει
2341 344 2469 408 483

72 439 446 508 discretionis
474 440 912 509 moderamen
948 441 1341 524 adhibebat,
1370 463 1493 511 nec
1525 443 1673 511 sine
1697 442 1965 531 judicio
1996 442 2387 533 flagellabat
2412 467 2557 513 car-

54 547 187 602 ,nem
228 525 489 617 p'ropter
520 528 782 598 dictum
814 529 985 598 illud
1027 531 1408 620 Sapientis:
1442 533 1672 600 Sinon
1704 532 2021 600 obedierit
2065 555 2315 612 servus,
2352 556 2564 603 curva

54 618 223 704 fillum
244 617 678 706 compedibus:
696 641 931 687 verum
953 620 1364 709 sinejudicz'o
1386 621 1564 688 nihil
1581 623 1803 708 facias
1827 621 2282 709 qraveOEcclz'.
2305 623 2552 711 xxxm).

54 699 191 788 litam
223 706 569 794 Apostolus
618 706 703 775 ad
738 705 1105 796 perfectam
1157 709 1388 778 carnis
1424 709 2023 778 mortificationem
2060 731 2183 778 nos
2233 709 2552 790 invitanS,

54 813 185 860 ‘cum
234 795 711 882 praemisisset,
759 798 1031 865 Obsecro
1057 819 1173 865 vos
1191 820 1317 887 per
1340 799 1866 866 misericordiam
1891 800 2034 876 Dei,
2076 808 2148 866 ut
2183 799 2560 867 exhibeatis

60 902 291 969 corpora
316 894 533 952 vestra
559 886 847 954 hostiam
884 887 1236 966 viventem,
1273 897 1601 966 sanctam,
1637 892 1767 955 Deo
1803 889 2208 976 placentem:
2236 887 2553 975 subjecit,

60 973 430 1041 Rationabz‘le
476 974 863 1065 obsequium
919 986 1213 1043 vestrum
1257 974 1504 1064 (Rom.
1559 974 1724 1064 xu),
1788 974 2101 1044 videlicet
2167 976 2549 1044 secundum

60 1058 385 1140 ethnicum,
440 1075 517 1132 ut
566 1084 650 1131 ne
704 1062 869 1149 quid
924 1063 1156 1132 nimis.
1211 1067 1259 1131 Α
1306 1063 1636 1132 carnibus
1681 1063 1958 1150 quidem
2031 1085 2302 1152 semper
2347 1065 2557 1133 absti-

62 1149 198 1228 nuit,
250 1162 601 1236 postquam
652 1151 1030 1220 canonicus
1079 1151 1230 1221 fuit:
1284 1152 1475 1222 omni
1526 1173 1679 1220 vero
1734 1165 2036 1240 tempore
2092 1174 2130 1220 a
2191 1152 2553 1223 desideriis

59 1236 430 1307 carnalibus.
486 1241 685 1308 Sexta
731 1239 900 1318 feria
939 1240 1084 1309 solo
1136 1262 1310 1329 pane
1342 1240 1742 1310 vescebatur
1789 1253 1852 1309 et
1899 1242 2100 1326 aqua,
2133 1253 2197 1312 et
2235 1239 2554 1328 frequen-

60 1333 137 1390 ter
176 1346 286 1393 nec
326 1349 568 1415 panem
605 1328 918 1398 sumebat
967 1329 1083 1398 illo
1132 1329 1265 1409 die,
1309 1350 1434 1397 nec
1482 1328 1744 1416 aliquid
1803 1328 2191 1398 refectionis
2229 1351 2548 1419 corpora·

56 1409 143 1492 lis,
189 1415 440 1485 cibatus
490 1416 637 1486 solo
686 1440 863 1507 pane
901 1429 965 1485 et
994 1439 1172 1504 aqua
1205 1416 1461 1486 doloris
1488 1439 1568 1485 ex
1616 1418 2093 1506 compassione
2127 1419 2361 1488 Crucis
2394 1422 2553 1488 Jesu

58 1499 286 1583 Christi,
338 1527 497 1574 cum
549 1526 685 1593 quo
735 1527 807 1575 se
853 1506 1087 1575 animo
1134 1505 1604 1595 crucifigebat.
1663 1511 1873 1594 Saepe
1920 1508 2122 1574 etiam
2177 1529 2421 1595 panem
2471 1506 2554 1575 li-

55 1588 201 1658 xivio
266 1593 550 1662 mixtum
604 1593 862 1664 solebat
930 1593 1170 1675 edere,
1222 1607 1301 1663 ut
1351 1607 1578 1682 posset
1632 1594 1858 1663 dicere
1915 1617 2070 1663 cum
2146 1595 2547 1665 Psalmista:

60 1679 311 1748 Cinerem
345 1693 691 1772 tamquam
773 1705 968 1752 anem
1011 1684 1526 1764 manducabam,
1568 1694 1631 1752 et
1663 1694 1894 1774 potum
1933 1705 2149 1752 meum
2198 1707 2345 1752 cum
2391 1685 2557 1774 fletu

55 1770 358 1838 mescebam
396 1771 537 1859 (Ps.
594 1706 772 1860 101ςῖ

121 1857 319 1940 ἓίιί.
374 1865 532 1929 Erat
581 1882 734 1928 vero
784 1858 1080 1928 multum
1133 1858 1440 1928 liberalis
1472 1880 1606 1928 non
1660 1858 1881 1929 solum
1938 1861 2383 1949 pauperibus,
2431 1861 2546 1930 sed

55 1955 102 2009 et
133 1944 465 2028 divitibus,
508 1946 870 2037 hospitalis
902 1961 967 2016 et
998 1947 1361 2028 discretu5‚
1400 1969 1945 2034 unumquenque
1980 1950 2100 2030 sic,
2133 1962 2209 2018 ut
2242 1950 2543 2030 decebat,

57 2035 201 2102 susci
254 2036 416 2115 iens,
452 2059 837 2125 pauperum
877 2037 991 2105 ino
1045 2037 1149 2105 iae
1198 2037 1688 2117 succurrendo,
1729 2037 1970 2106 divites
2008 2060 2159 2106 vero
2201 2039 2552 2107 invitando

58 2121 169 2189 suis
253 2126 556 2194 eneficiis
603 2125 688 2193 ad
740 2138 965 2194 sectan
1023 2148 1062 2193 a
1115 2125 1469 2194 charitatis
1527 2148 1766 2215 opera:
1831 2139 1906 2194 ut
1966 2125 2171 2194 simul
2250 2126 2438 2196 dives
2486 2140 2552 2196 et

60 2228 277 2298 pauper
321 2214 407 2282 ab
455 2235 597 2282 uno
630 2215 770 2283 acci
829 2226 1017 2283 erent
1068 2234 1199 2281 non
1252 2213 1474 2283 solum
1538 2213 1907 2303 temporale
1956 2214 2371 2294 subsidium,
2430 2215 2545 2283 sed

56 2308 104 2363 et
142 2301 491 2371 consilium
530 2304 767 2392 spirita
803 2324 862 2371 e.
917 2303 1025 2372 Sic
1058 2304 1241 2371 enim
1278 2302 1560 2372 decebat
1601 2317 1944 2392 pastorem·
1976 2304 2231 2372 bonum
2272 2325 2550 2392 pascere

56 2405 287 2477 gregem
339 2413 569 2461 suum.
614 2397 689 2461 In
742 2391 1067 2461 omnibus
1116 2402 1369 2473 autem,
1414 2392 1669 2479 quibus
1720 2405 1944 2481 posset
1993 2414 2076 2481 po
2133 2391 2390 2462 ularem
2441 2413 2551 2461 ex-

55 2474 224 2546 citare
267 2479 589 2563 favorem,
644 2493 841 2551 caute
880 2503 951 2550 se
998 2481 1297 2571 gerebat,
1340 2481 1609 2550 inanem
1644 2480 1930 2570 gloriam
1967 2494 2031 2549 et
2106 2482 2389 2582 upinam
2429 2482 2550 2571 hy-

56 2568 330 2649 pocrisim
370 2583 718 2656 tamquam
764 2582 1021 2659 pestem
1072 2570 1357 2638 evitans.
1411 2575 1576 2639 Nam
1633 2571 1949 2659 propriae
1987 2593 2215 2639 carnis
2245 2592 2548 2639 macera-

56 2662 150 2747 tor,
197 2671 453 2728 amator
501 2658 954 2728 abstinentiae
1005 2679 1140 2727 non
1193 2670 1455 2727 tantum
1510 2658 1901 2747 hospitibus
1963 2682 2033 2729 se
2104 2658 2543 2748 splendidum

54 2758 104 2805 tn
134 2747 436 2830 panibus,
486 2746 909 2817 ferculorum
963 2747 1282 2816 varietate
1342 2760 1547 2832 atque
1597 2761 1798 2836 potus
1845 2747 2133 2817 diversis
2181 2748 2550 2837 generibus

54 2828 401 2904 exhibebat:
448 2857 682 2905 verum
721 2837 923 2905 etiarn
976 2857 1133 2903 cum
1170 2834 1308 2903 illis
1341 2834 1713 2921 aliquando
1747 2835 2215 2914 discumbenS,
2270 2847 2334 2905 et
2376 2837 2551 2904 inter

56 2919 265 2991 multas
308 2924 551 3013 epulas
584 2923 757 2993 cibis
807 2923 1164 2992 vilioribus
1213 2936 1436 3004 utenS,
1478 2937 1596 2992 aut
1642 2923 1839 2991 edere
1891 2945 1961 2993 se
2009 2923 2370 3003 simulanS,
2437 2926 2549 3014 pia

59 3010 309 3089 quadam
343 3013 786 3082 simulatione
832 3033 1269 3081 communem
1322 3034 1392 3082 se
1442 3012 1581 3081 illis
1619 3011 2041 3081 ostendebat.
2096 3017 2171 3081 Et
2217 3013 2397 3098 quod
2450 3026 2552 3082 est

57 3112 497 3185 argumentum
550 3102 763 3170 mirae
813 3101 1240 3192 prudentiae,
1282 3122 1482 3190 saepe
1519 3122 1783 3170 merum
1835 3101 2068 3169 bibere
2114 3103 2543 3181 credebatur,

56 3202 181 3252 eum
229 3211 355 3259 non
406 3203 585 3259 esset
634 3211 924 3270 merum,
980 3189 1096 3258 sed
1147 3210 1324 3275 aqua
1358 3191 1586 3289 potius
1637 3188 1889 3257 modici
1951 3188 2090 3256 vini
2131 3188 2550 3258 admixtione

56 3270 131 3369 sic
178 3276 403 3359 tincta,
440 3290 515 3347 ut
564 3279 795 3347 vinum
831 3302 870 3347 a
909 3278 1510 3348 discumbentibus
1546 3289 1922 3378 putaretur.
1963 3277 2270 3366 Singulis
2318 3290 2546 3373 autem

56 3358 262 3454 diebus
293 3388 626 3456 pauperes
660 3368 1032 3456 sexaginta,
1074 3378 1191 3435 aut
1228 3367 1686 3455 quadraginta
1722 3366 1822 3434 vel
1867 3366 2231 3434 minimum
2269 3366 2548 3454 triginta

57 3467 108 3514 tn
142 3470 495 3543 conspectu
536 3477 661 3525 suo
709 3456 895 3525 refici
929 3455 1238 3536 faciebat,
1274 3456 1572 3546 exceptis
1605 3454 1760 3524 aliis
1792 3453 2237 3544 pauperibuS,
2282 3454 2365 3523 dc
2394 3453 2550 3540 qui-

57 3532 161 3607 bus
190 3541 355 3613 infra
396 3546 732 3613 dicemus,

121 3629 152 3713 ἓ
194 3636 329 3703 15.
371 3639 528 3702 Erat
574 3647 799 3703 autem
844 3634 946 3702 vir
992 3646 1275 3703 sanctus
1314 3632 1687 3702 admodum
1742 3653 2061 3722 procerae
2107 3642 2172 3703 et
2218 3630 2550 3731 elegantis

54 3724 333 3789 staturae.
369 3724 778 3791 Vestimenta
813 3723 966 3808 ejus
1016 3744 1138 3792 nec
1180 3722 1397 3791 nitida
1447 3722 1766 3800 nimium,
1839 3742 1962 3788 nec
2017 3718 2285 3806 abjecta
2336 3717 2552 3808 pluri·

56 3821 238 3887 mum,
275 3810 385 3878 sed
436 3834 516 3880 ex
566 3812 913 3881 moderato
951 3826 1015 3880 et
1062 3811 1474 3911 competenti
1522 3810 1759 3879 habitu
1792 3820 2006 3877 erant.
2052 3809 2353 3877 Exterior
2398 3808 2550 3897 ejus

54 3886 313 3977 habitus,
349 3912 623 3988 propter
671 3902 908 3969 rudem
959 3913 1025 3969 et
1063 3898 1371 3969 servilem
1412 3897 1770 3989 populum,
1827 3897 2294 3966 auctoritatem
2346 3909 2410 3965 et
2443 3918 2545 3965 re-

57 3985 379 4053 verentiam
406 3987 762 4077 pontificis
800 4010 959 4078 prae
1009 4010 1079 4057 se
1112 3989 1406 4057 ferebat:
1447 3988 1716 4055 medius
1767 4007 1946 4067 verO,
2002 3986 2408 4055 canonicum
2447 4007 2547 4052 re·

56 4069 365 4149 gularem:
420 4076 501 4145 ad
544 4098 847 4158 carnem,
887 4076 1112 4146 cilicia
1145 4090 1209 4145 et
1258 4076 1494 4144 talaris
1544 4075 1862 4155 interula,
1904 4076 2383 4163 poenitentem.
2428 4078 2555 4142 Per

58 4154 193 4226 haec
221 4175 281 4229 et
311 4163 439 4233 alia
482 4165 724 4235 beatus
756 4164 1054 4253 pontifex
1095 4178 1442 4251 tamquam
1484 4164 1762 4252 sapiens
1795 4163 2208 4233 architectus
2242 4163 2546 4253 seipsum

59 4238 249 4330 dabat,
302 4252 365 4320 in
418 4252 942 4324 similitudinem
995 4254 1342 4342 picturae,
1404 4252 1792 4341 exemplum
1845 4253 2181 4321 bonorum
2234 4272 2548 4341 operum,

59 4342 108 4395 et
146 4338 478 4427 sculpebat
527 4342 594 4409 in
639 4342 934 4412 subditis
984 4340 1341 4431 signacula
1385 4341 1806 4418 sanctitatis,
1862 4355 1926 4410 et
1974 4340 2371 4409 assiduitate
2424 4361 2549 4409 sua

62 4422 323 4497 variabat
366 4431 751 4518 picturam:
806 4442 868 4501 et
899 4431 965 4498 in
1011 4430 1157 4521 lege
1207 4429 1475 4498 Domini
1512 4427 1870 4515 judicabat
1919 4430 2590 4519 congregationem:
