2993 4837
67 339 211 406 Not:
260 342 295 406 4
862 360 940 406 na
986 361 1040 406 s.
1096 358 1335 408 canoro
1385 356 1724 407 nonnosum
2099 326 2104 331 ’
2349 344 2475 408 233

68 442 595 525 dissimulatione,
653 442 1116 531 patientiaque
1155 465 1360 535 saepe
1389 444 1623 525 alitur,
1675 444 1859 532 quod
1911 445 1979 513 in
2026 444 2246 514 Caroli
2280 446 2565 535 privatis

66 531 229 602 rebus
251 532 681 623 argumentis
711 553 847 601 non
931 534 1125 603 aucis
1163 533 1475 624 cognovi:
1517 555 1677 602 nam
1713 533 2091 604 familiares
2132 534 2451 604 nonnulli
2488 535 2557 604 in

64 621 180 709 ejus
196 643 465 721 corpore
505 621 859 692 incommo
910 642 969 703 e,
1005 621 1402 710 duriterque
1428 621 1770 702 habendo,
1811 621 2099 692 mirifice
2131 644 2290 692 cum
2326 623 2566 694 Carolo

62 710 577 790 consentiebant;
629 723 694 780 et
741 709 803 780 ei
853 709 1216 780 commoda
1271 733 1397 781 sua
1460 733 1546 780 ne
1600 710 1886 802 ligenti,
1945 711 2360 802 negligentia
2410 712 2563 802 ipsa

62 797 374 888 diligenter
427 798 928 869 inserviebant:
993 811 1070 868 ut
1127 800 1479 870 verissime
1580 801 1773 869 ixerit
1809 800 2195 890 quispiam:
2229 823 2266 867 «
2301 801 2422 888 qui
2455 823 2562 871 res

64 886 524 968 incommodaS,
588 888 1007 974 acerbasque
1072 900 1422 976 sequatur,
1481 888 1583 959 vel
1640 889 2042 978 abjectione,
2098 889 2564 978 patientiaque

38 976 307 1063 fexerceri
335 976 517 1057 velit,
556 998 719 1046 eum
758 977 1098 1064 plurimos
1131 977 1437 1047 invenire
1478 978 1736 1068 passim
1766 977 2203 1067 adjutores.»
2228 982 2304 1047 At
2332 992 2554 1059 erant,

38 1064 154 1151 iqui
184 1077 313 1134 tum
360 1065 694 1155 exiguum
732 1087 934 1153 saepe
981 1066 1407 1148 comitatum,
1464 1078 1607 1135 tum
1661 1066 1794 1135 alia
1844 1066 2181 1153 quaedam
2218 1067 2286 1134 in
2318 1067 2557 1137 Carolo

38 1151 127 1237 {ad
164 1154 563 1223 christianae
600 1153 1012 1223 humilitatis
1045 1154 1362 1225 virtutem
1403 1154 1813 1256 pertinentia
1854 1154 2453 1245 reprehenderent,
2491 1169 2557 1226 et

38 1242 352 1331 {summam
390 1242 805 1329 dignitatern
855 1243 1087 1330 aliquo
1149 1242 1353 1313 modo
1407 1257 1501 1313 ita
1556 1244 1881 1313 imminui
1920 1256 2392 1332 quererentur;
2448 1267 2557 1314 res

38 1327 220 1411 {zeniam
265 1330 341 1400 ad
386 1332 624 1419 ipsum
673 1331 1069 1402 Pontificem
1138 1332 1334 1401 Pium
1393 1338 1441 1401 V
1516 1331 1932 1420 quandoque
1993 1332 2202 1403 relata
2248 1346 2387 1403 est:
2442 1334 2557 1402 cui

40 1418 289 1493 karolus
356 1420 448 1489 ita
514 1419 682 1489 facti
743 1421 853 1490 sui
918 1421 1246 1490 rationem
1300 1415 1638 1500 reddidit,
1695 1433 1773 1491 ut
1840 1422 2012 1491 nihil
2061 1421 2341 1492 haberet
2386 1423 2560 1511 opti-

42 1525 184 1591 {mus
209 1512 413 1591 Pater,
457 1508 648 1596 quod
688 1507 1129 1599 improbaret.
1174 1514 1425 1578 Eorum
1460 1511 1580 1597 qui
1619 1510 1736 1579 Dei
1793 1511 2093 1580 ministri
2147 1522 2395 1590 essent,
2454 1510 2555 1579 di·

42 1598 49 1609 ‘
132 1594 358 1677 itatem,
396 1620 476 1667 ae
508 1598 1113 1678 existimationem,
1140 1597 1431 1679 dicebat,
1466 1620 1602 1668 non
1637 1600 1708 1667 in
1745 1598 2073 1669 humanis
2100 1600 2548 1679 ornamentis,

168 1706 198 1754 e
225 1697 440 1756 tamen
483 1686 574 1756 ad
617 1698 879 1756 certum
934 1686 1213 1757 modum
1267 1686 1587 1777 pluribus
1633 1687 1717 1756 de
1768 1688 2035 1758 caussis
2081 1700 2311 1759 essent
2356 1687 2557 1757 adhi-

125 1772 261 1854 nda,
311 1775 427 1844 sed
480 1776 550 1844 in
609 1773 951 1865 religiosis
985 1775 1352 1846 virtutibus
1377 1777 1774 1846 consistere.
1809 1782 1938 1846 Res
1977 1778 2127 1867 ipsa
2157 1776 2550 1858 declaravit,

48 1946 57 1955 ἲ
120 1864 439 1953 -superius
490 1877 772 1933 narrata
838 1865 1355 1934 demonstrant:
1423 1865 1638 1934 Caroli
1708 1865 2206 1954 abjectionem,
2284 1888 2554 1935 morum

162 1952 340 2021 vitate
385 1953 891 2039 sanctitateque
928 1953 1393 2041 conjunctam,
1432 1955 1755 2032 summis,
1808 1966 2012 2041 atque
2059 1954 2320 2023 infimis
2367 1965 2554 2025 tanto

121 2059 282 2130 mper
313 2040 379 2110 in
428 2041 695 2111 honore
743 2041 994 2123 fuisse,
1032 2055 1367 2129 quantum
1409 2042 1601 2112 nulla
1643 2042 1891 2112 terreni
1920 2042 2308 2132 splendoris
2355 2064 2555 2112 orna-

119 2142 246 2197 enta
289 2130 623 2231 consequi
672 2131 1077 2220 potuissent.

129 2216 312 2301 521.
393 2219 818 2309 Religiosam
883 2231 1350 2320 paupertatem
1421 2218 1701 2290 Carolus
1758 2220 2061 2299 amavit,
2123 2231 2188 2287 et
2257 2219 2410 2306 ejus
2458 2217 2555 2286 of-

139 2306 191 2373 ia
233 2307 331 2395 pie
362 2308 607 2391 coluit;
643 2308 795 2395 ejus
845 2320 1063 2378 victus
1114 2309 1419 2395 vitaeque
1450 2308 1682 2378 cultus
1729 2308 1895 2378 satis
1937 2307 2254 2389 ostendit,
2294 2307 2353 2377 si
2384 2306 2553 2394 quid

103 2414 382 2491 ‘mensib
435 2409 499 2466 et
533 2396 825 2468 omnino
873 2398 942 2466 in
995 2396 1368 2468 domestico
1416 2409 1702 2486 sumptu
1744 2396 1951 2487 paulo
1990 2396 2361 2488 copiosius,
2418 2395 2554 2466 lar-

64 2493 69 2504 '
119 2502 253 2553 usve
297 2485 441 2555 fieri
491 2486 1088 2567 animadverteret,
1120 2486 1379 2556 solebat
1425 2488 1654 2556 statim
1697 2487 2061 2578 corrigere:
2101 2485 2165 2555 id
2221 2495 2375 2555 'vero
2414 2499 2550 2555 tam

124 2567 191 2640 lsi
219 2574 421 2643 animi
463 2576 592 2656 vir,
639 2576 759 2662 qui
799 2597 1039 2645 omnes
1070 2574 1328 2662 alioqui
1369 2575 1453 2645 de
1493 2598 1564 2645 re
1603 2574 1927 2645 familiari
1961 2597 2187 2654 curas,
2224 2575 2549 2656 minutaS,

52 2655 526 2814 &cogitatione
578 2685 708 2732 sua
756 2663 1078 2754 indignas
1102 2663 1484 2754 judicabat,
1534 2664 1802 2734 virtutis
1858 2666 2105 2735 caussa
2152 2663 2555 2734 observabat

104 2744 391 2838 tltgenter.
444 2757 659 2822 Poma
694 2763 987 2832 tantum,
1040 2767 1159 2822 aut
1190 2752 1537 2839 ejusmodi
1586 2753 2005 2823 munuscula
2057 2752 2315 2825 solebat
2369 2753 2551 2823 acci-

50 2811 209 2940 {pet-e,
253 2860 456 2928 eaque
506 2840 651 2910 fere
698 2862 738 2909 a
788 2840 1125 2931 religiosis
1158 2841 1365 2910 viris:
1404 2863 1581 2928 quae
1620 2842 1769 2930 ipsa
1809 2843 1995 2922 item,
2053 2853 2129 2912 ut
2175 2841 2554 2931 eleemosy-

52 2937 192 3023 :Ptttp
234 2928 490 3017 pietatis
523 2928 750 3019 gratia
777 2929 1032 3010 datam,
1075 2930 1373 3020 recipere
1407 2929 1787 3000 videbatur.
1834 2936 2049 3014 Quam
2104 2952 2255 3000 vero
2304 2952 2555 3021 parcus

50 3025 219 3102 {tuus
253 3029 411 3099 erat,
462 3039 649 3104 quae
696 3017 782 3086 ad
833 3019 942 3087 sui
989 3039 1107 3088 cor
1159 3019 1297 3088 oris
1336 3019 1816 3100 commodum,
1871 3020 2401 3089 domesticamve
2457 3017 2555 3088 af-

38 3093 360 3186 ,fluentiam
413 3107 760 3197 pertinere
794 3128 991 3197 posse
1022 3108 1081 3175 vi
1136 3120 1434 3187 crentur,
1481 3121 1614 3176 tam
1648 3121 1791 3177 erat
1818 3109 1887 3177 in
1920 3108 2161 3178 ceteris
2199 3107 2548 3186 omnibu&

52 3201 207 3270 quae
243 3194 462 3282 pietati
513 3194 1002 3277 conducerent,
1049 3195 1352 3265 liberalis
1381 3250 1396 3274 ,
1455 3217 1874 3283 prorsusque
1921 3218 2130 3285 opum
2187 3196 2554 3286 magnani-

52 3287 191 3346 tmus
228 3297 644 3375 contemptor
693 3283 1185 3355 humanarum.
1227 3284 1400 3367 Quid
1443 3284 1750 3375 amplius
1785 3285 1853 3353 in
1908 3284 2036 3354 hoc
2074 3306 2319 3375 genere
2366 3304 2552 3353 com-

52 3371 407 3462 memorem,
456 3385 612 3463 post
663 3373 997 3442 maximas
1050 3373 1379 3464 pecunias
1429 3373 1781 3463 religionis
1828 3395 1989 3474 ergo
2038 3373 2347 3452 donatas,
2407 3393 2556 3439 am-

52 3443 365 3546 ‘flltssimas
404 3461 767 3531 facultates
815 3460 1183 3532 dimissas:
1237 3462 1638 3531 exhaustam
1692 3461 2061 3563 magnilica
2126 3474 2191 3531 et
2237 3459 2553 3550 pulcher-

40 3601 41 3604 ,
72 3555 210 3610 rima
229 3549 628 3638 supellectili
656 3548 968 3631 domum,
991 3549 1626 3620 administrationes
1652 3550 2013 3639 officiaque
2042 3548 2547 3628 honestissima,

76 3643 194 3724 ἐμω
240 3632 566 3733 fructibus
616 3652 682 3708 et
720 3638 1170 3729 vectigalibus
1202 3639 1573 3710 uberrimis
1623 3639 1897 3720 relicta;
1935 3653 2089 3741 post
2134 3662 2209 3709 ea
2260 3637 2557 3722 denique

76 3727 293 3798 pietatis
320 3730 565 3797 caussa
613 3740 1024 3818 contempta,
1066 3749 1243 3814 quae
1292 3728 1547 3796 summi
1598 3750 1799 3820 saepe
1827 3730 1951 3798 viri
1990 3728 2295 3802 studiose
2342 3746 2553 3812 quae-

74 3817 230 3905 ¹'¹‚¹⁰};
277 3813 647 3904 eademque
704 3827 889 3894 tanta
950 3816 1423 3886 munificentia
1485 3816 1774 3902 donata,
1843 3830 1918 3886 ut
1988 3817 2121 3886 nisi
2173 3814 2551 3885 christiana

76 3885 382 3988 divinaque
431 3904 806 3974 liberalitas
853 3925 929 3973 ea
1004 3905 1282 3986 fuisset,
1336 3904 1741 3975 dissolutam
1808 3927 2093 3995 prorsus
2149 3903 2552 3974 effusionem

74 3995 185 4052 esse
212 4007 466 4062 necesse
499 3992 726 4063 fuerit.
783 3992 908 4062 Sed
959 3992 1219 4080 aliquid
1272 3994 1474 4063 etiam
1530 4009 1841 4085 superest
1891 3995 2180 4063 minime
2220 4013 2554 4084 spernen-

78 4063 222 4166 dum5
258 4097 453 4163 quam
494 4082 685 4151 daret
714 4103 794 4151 ex
825 4081 1269 4151 facultatibus
1298 4104 1474 4169 quae
1505 4096 1977 4153 remanserant
2011 4083 2545 4183 eleemosynam,

82 4170 177 4227 110ss
208 4183 366 4252 opus
400 4183 501 4240 est
546 4170 908 4259 explicare;
963 4170 1092 4241 hoc
1153 4169 1430 4250 sufficit,
1485 4170 1822 4258 quidquid
1883 4194 2054 4250 suo,
2109 4171 2550 4258 familiaeque

84 4255 398 4350 necessario
443 4259 753 4347 sumptui
803 4273 1200 4349 supererat,
1255 4271 1467 4330 totum
1522 4260 1654 4349 pie,
1717 4282 1794 4329 ac
1859 4260 2174 4351 religiose
2221 4259 2545 4330 donabat.

82 4329 373 4435 Egentium
414 4346 843 4416 sacerdotum
884 4346 1375 4437 postulationes
1426 4348 1720 4438 benigne
1754 4348 2087 4430 tribuenS,
2129 4347 2302 4419 alias
2341 4369 2547 4437 supe-

86 4431 228 4504 ram,
260 4430 417 4502 alias
457 4436 823 4525 praevenit,
872 4437 953 4506 iis
983 4436 1102 4523 qui
1137 4435 1320 4523 apud
1349 4458 1498 4506 eam
1525 4435 1853 4506 ecclesiae
1877 4460 2151 4530 operam
2190 4438 2544 4515 dederant,
