2993 4837
557 260 681 326 534
1154 278 1229 322 m:
1279 277 1334 322 s.
1389 275 1682 321 monvsm
1733 276 1831 320 Er.
1885 273 2325 320 ALssxAnnnnso
2679 256 2835 320 Not.
2879 259 2936 320 tt

471 363 691 440 Decio,
746 375 1113 447 antequam
1168 360 1550 448 persecutio
1601 358 1826 448 palam
1870 371 2102 428 contra
2146 357 2566 427 Christianos
2603 357 2936 432 ediceretur.

466 474 623 519 cum
686 449 980 518 Sabinus
1029 448 1096 516 id
1165 448 1491 537 temporis
1553 446 2083 517 frumentarium
2144 447 2228 516 ad
2296 468 2405 516 me
2473 448 2942 536 perquirendum

470 539 791 616 misisset,
844 560 968 626 ego
1002 538 1373 625 quatriduo
1421 538 1492 605 in
1545 537 1834 606 aedibus
1890 549 2398 616 commoratus,
2443 537 2595 625 ejus
2642 537 2942 604 adventum

470 628 746 697 assidue
796 627 1202 714 exspectavi.
1259 626 1380 694 Ille
1428 638 1653 694 autem
1699 626 2010 712 undique
2063 627 2407 704 circumit,
2472 626 2660 706 viaS,
2721 626 2938 698 fluvios,

468 739 693 805 agros,
753 717 1004 805 passim
1056 715 1174 784 ubi
1215 737 1320 784 me
1369 715 1657 795 latitare,
1712 728 1829 783 aut
1867 737 2002 802 quo
2043 736 2146 783 me
2192 714 2572 804 profectum
2609 736 2755 783 esse
2782 713 2941 801 suspi-

468 818 779 883 caretur,
827 804 1066 873 sedulo
1124 805 1573 894 pervestigat:
1630 803 1744 872 sed
1797 803 2121 872 caecitate
2168 816 2233 871 et
2270 805 2469 890 quasi
2530 803 2845 893 caligine,
2882 823 2944 868 ne

470 894 670 962 aedes
711 905 1088 979 quaereret,
1125 894 1596 963 circumfusus
1634 892 2011 961 tenebatur.
2048 893 2190 961 Sibi
2226 913 2526 979 namque
2559 905 2946 981 persuaserat.

473 1005 578 1051 me
616 984 1084 1071 persecutione
1115 983 1523 1072 appetitum,
1563 982 1749 1050 domi
1791 982 1967 1050 nolle
2004 1004 2263 1050 moram
2301 981 2548 1050 facere.
2596 982 2709 1049 Vix
2742 979 2948 1048 tandem

472 1085 621 1160 post
650 1071 796 1140 dies
830 1086 1147 1157 quatuor,
1189 1077 1319 1139 Deo
1358 1071 1553 1149 milti,
1602 1084 1678 1138 ut
1711 1069 1868 1138 inde
1901 1070 2386 1159 demigrarem,
2427 1071 2883 1160 praecipiente,
2910 1081 2950 1134 et

468 1184 539 1229 se
586 1159 977 1228 mirandum
1033 1160 1099 1227 in
1161 1159 1441 1228 modum
1494 1160 1695 1245 quasi
1743 1159 1988 1228 ducem
2036 1159 2299 1227 itineris
2345 1159 2762 1246 praebente,
2811 1159 2915 1244 ipse

472 1249 664 1318 liberi
715 1262 778 1317 et
809 1250 925 1317 alii
974 1247 1169 1317 multi
1203 1247 1444 1316 fratres
1495 1248 1701 1317 simul
1741 1247 1947 1317 domo
1980 1248 2237 1336 egressi
2272 1270 2545 1317 sumus.
2588 1248 2777 1330 Quod
2817 1247 2868 1334 pl

467 1339 740 1406 divinae
795 1337 1257 1426 providentiae
1306 1359 1483 1426 opus
1533 1336 1746 1405 fuisse
1777 1391 1791 1414 ,
1857 1359 2085 1405 rerum
2136 1351 2411 1416 eventa,
2467 1359 2647 1423 quae
2696 1336 2872 1404 deinc

470 1427 958 1511 sequebantur,
1022 1426 1204 1494 unde
1261 1448 1391 1494 non
1449 1448 1690 1514 parum
1751 1424 2098 1494 commodi
2155 1425 2882 1513 fortasse'quibusdam

469 1516 784 1584 utilitatis
817 1515 1083 1600 obtigit,
1139 1515 1302 1584 satis
1342 1515 1702 1604 perspicue
1736 1514 2198 1583 declararunt.
2230 1538 2264 1578 »

558 1613 593 1684 ἓ
643 1610 723 1675 ².
782 1603 1032 1672 Deinde
1075 1604 1314 1693 paucis
1366 1604 1810 1692 interpositiS,
1864 1626 1940 1671 ea
1973 1603 2247 1690 quaein
2284 1603 2443 1693 suga
2496 1603 2631 1670 sibi
2673 1602 2877 1671 contin

468 1695 656 1772 bant,
711 1692 1057 1761 evidenter
1103 1693 1444 1781 explanat,
1495 1693 1760 1779 istaque
1794 1692 2175 1760 subnectit:
2235 1715 2269 1756 «
2305 1696 2441 1780 Ego
2494 1714 2632 1760 una
2680 1713 2832 1759 cum
2867 1691 2904 1755 h,

467 1783 585 1868 qui
640 1804 907 1851 mecum
952 1794 1189 1859 erant,
1244 1779 1411 1849 forte
1460 1781 1602 1849 sole
1650 1780 2004 1849 occidente
2055 1781 2120 1847 in
2174 1779 2546 1849 satellitum
2606 1781 2892 1848 manusl

467 1872 748 1950 cidenS,
821 1870 907 1938 ab
958 1870 1093 1939 illis
1143 1870 1224 1937 ad
1285 1871 1666 1958 Taposirim
1728 1870 1760 1903 ⁴*
1822 1869 2257 1938 deducebar:
2341 1870 2453 1937 sed
2510 1883 2788 1942 tamen,
2835 1867 2874 1933 si

465 1973 609 2028 erat
646 1961 755 2027 Dei
797 1959 1221 2048 providentia
1262 1972 1722 2048 prospectum,
1761 1959 2182 2038 TimotlleuS‚
2221 1959 2386 2043 quia
2421 1980 2554 2026 non
2589 1981 2732 2025 una
2761 1956 2932 2024 aderat

472 2049 866 2136 neutiquam
933 2048 1313 2135 prehensus
1362 2059 1483 2115 est.
1556 2047 1904 2116 Profectus
1953 2046 2165 2136 igitur
2216 2059 2408 2135 post.
2473 2047 2802 2123 offendit,
2848 2063 2936 2110 cua

467 2137 670 2208 aedes
710 2150 997 2218 nostra5‚
1040 2151 1518 2227 praeterquam
1555 2135 1736 2222 quod
1777 2135 2070 2204 ministri
2106 2158 2221 2204 eas
2249 2135 2705 2214 custodirent,
2742 2133 2934 2203 omnmo

468 2227 769 2296 desertas
814 2248 1007 2304 esse,
1072 2239 1215 2294 tum
1286 2247 1408 2293 nos
1464 2225 1681 2292 instar
1724 2225 2229 2313 mancipiorum
2284 2219 2643 2294 abductos.
2687 2247 2722 2290 ›>
2775 2217 2932 2291 Deinde

468 2316 870 2405 subjungit:
927 2320 1207 2397 «Quam
1245 2313 1678 2382 admirabilis
1722 2313 1980 2401 (dicam
2035 2314 2216 2381 enim
2273 2313 2454 2398 quod
2509 2335 2747 2381 verum
2782 2314 2930 2386 estlffl

467 2405 741 2473 divinae
785 2404 1196 2494 provisionis
1246 2403 1415 2473 ratio
1464 2401 1591 2471 fuit
1623 2402 1751 2471 ista
1782 2402 2121 2490 quidem?
2171 2401 2503 2492 Indigena
2538 2397 2932 2489 quidamsorte

467 2495 741 2563 fortuna
791 2494 1142 2563 Timotheo
1178 2514 1462 2582 propere
1513 2491 1797 2581 fugienti
1831 2504 1895 2561 et
1934 2492 2339 2560 conturbato
2377 2491 2450 2560 fit
2490 2493 2786 2568 obviam,
2819 2496 2930 2574 ragal

469 2583 927 2652 festinationis
994 2604 1326 2651 causam:
1402 2582 1525 2649 iste
1588 2603 1822 2649 verum
1893 2594 2146 2649 narrat.
2227 2579 2346 2648 Ille
2419 2604 2581 2649 cum
2652 2577 2936 2669 audivisse

465 2672 771 2761 (abierat
819 2672 1001 2739 enim
1053 2671 1137 2739 ad
1194 2670 1470 2760 nuptias
1537 2669 1718 2738 laute
1780 2669 2185 2758 epulatum:
2240 2669 2500 2758 quippe
2553 2691 2702 2737 mos
2749 2680 2932 2736 est.1t³

466 2760 865 2847 hujusmodi
933 2760 1289 2828 hominum
1343 2758 1798 2827 conventibus
1849 2771 2055 2827 totam
2119 2771 2383 2826 noctem
2439 2759 2506 2825 in
2571 2757 2932 2826 hilaritate&

470 2849 721 2917 laetitia
763 2847 1200 2935 consumere)
1240 2848 1593 2937 ingressus
1636 2847 1702 2914 in
1741 2846 2025 2914 domum
2068 2846 2387 2925 convivii,
2446 2842 2933 2915 accumbentibas

470 2938 782 3005 nuntiat:
836 2938 952 3023 qui
1005 2937 1285 3023 quidem
1339 2957 1578 3004 omnes
1631 2957 1767 3004 uno
1821 2936 2104 3024 impetu,
2171 2950 2524 3021 tamquam
2588 2936 2777 3025 signo
2818 2932 2928 2998 dan

467 3039 1076 3106 consurrexerunt,
1131 3039 1193 3093 et
1248 3038 1515 3092 maturo
1564 3023 1787 3113 gradu
1841 3038 2327 3112 properanteS,
2381 3038 2755 3111 coeperunt
2796 3036 2930 3105 quam

466 3113 821 3183 celerrime
856 3115 938 3182 ad
982 3138 1102 3183 nos
1136 3113 1594 3184 contendere:
1648 3114 1768 3199 qui
1810 3136 1967 3181 cum
2015 3113 2079 3180 in
2138 3135 2259 3182 nos
2301 3112 2709 3191 inciderent,
2746 3121 2932 3178 summi}

468 3203 721 3287 gaudio
771 3203 1099 3283 exultare,
1156 3218 1361 3289 atque
1415 3201 1869 3280 satellitibu5‚
1915 3202 2033 3287 qui
2083 3224 2204 3270 nos
2251 3201 2729 3279 observabant,
2779 3198 2934 3287 fugam

468 3292 904 3372 facientibuS,
953 3315 1100 3373 nos,
1145 3304 1222 3361 ut
1268 3313 1568 3371 eramus,
1624 3291 1929 3379 grabatis
1966 3289 2157 3359 valde
2197 3290 2371 3358 male
2422 3292 2659 3359 stratis
2695 3300 2934 3371 conquie-

468 3395 778 3463 scentes,
834 3381 918 3449 de
969 3380 1342 3471 improviso
1390 3401 1753 3469 occupare.
1810 3384 1947 3469 Ego
1999 3392 2178 3448 certe
2210 3379 2439 3468 (Deus
2492 3380 2684 3448 testis
2725 3384 2938 3453 est)e⁰÷

468 3484 544 3539 ut
593 3471 777 3540 fures
827 3471 1130 3559 primum
1185 3482 1537 3558 reputanS,
1588 3468 1705 3555 qui
1751 3467 1834 3535 ad
1895 3468 2114 3556 spolia
2163 3482 2226 3536 et
2277 3467 2594 3555 rapinam
2650 3468 2930 3535 venerant·

469 3561 689 3629 mansi
745 3560 810 3627 in
866 3559 1036 3629 lecto
1072 3558 1302 3627 nudus
1340 3557 1563 3647 plane,
1606 3570 1679 3626 ut
1718 3579 1930 3637 eram,
1972 3556 2117 3626 solo
2168 3554 2447 3626 indusio
2482 3579 2607 3626 coo
2661 3569 2843 3623 ertus:
2871 3564 2932 3611 re·

470 3648 511 3715 li
570 3672 737 3717 uum
775 3660 1004 3717 autem
1042 3648 1358 3716 vestitum
1398 3668 1606 3735 prope
1642 3667 1747 3714 me
1836 3646 2089 3715 ositum
2146 3645 2436 3734 porrexi.
2494 3650 2572 3713 At
2669 3644 2688 3711 i
2733 3649 2934 3723 surgere-

456 3737 540 3826 ju
595 3750 743 3815 ent,
791 3750 855 3805 et
908 3759 1117 3825 quam
1157 3758 1307 3805 mox
1348 3736 1564 3804 abire.
1613 3740 1754 3803 Tan
1813 3757 1917 3803 em
1978 3733 2538 3803 animadvertens
2571 3729 2927 3820 quamobrem

469 3825 972 3907 adventassent,
1026 3825 1219 3914 coepi
1253 3824 1633 3904 vociferari,
1680 3823 1970 3913 supplex
2019 3822 2175 3893 illos
2231 3837 2569 3912 precatus,
2623 3817 2925 3899 utabirent,

473 3930 730 4002 nosque
781 3915 921 3983 illic
959 3935 1234 3983 manere
1267 3927 1684 4000 paterentur.
1725 3913 1903 3994 Quin
1940 3912 2143 3979 etiam
2186 3912 2496 4000 petebam
2534 3911 2616 3979 ab
2660 3910 2767 3983 eis,
2809 3913 2864 3999 ut
2893 3914 2924 3960 3¹

466 4026 604 4090 quo
655 4026 760 4072 me
811 4003 1143 4073 beneficio
1193 4001 1463 4071 afficere
1511 4014 1864 4090 cuperent,
1922 4000 2053 4087 ipsi
2106 4014 2314 4089 caput
2368 4022 2591 4069 meum
2639 3987 2924 4065 cei-vicilia<

470 4092 874 4161 abscindere
922 4092 1415 4181 dignarentur,
1475 4092 1709 4178 sicque
1759 4088 2194 4169 satellitibuS,
2248 4090 2367 4176 qui
2436 4110 2540 4158 me
2591 4094 2788 4156 essent
2824 4093 2919 4144 cru·

470 4182 725 4251 ciatum
756 4181 1149 4261 abducturi,
1198 4190 1717 4252 anteverterent.
1755 4178 1890 4259 Illi,
1930 4178 2096 4248 dum
2128 4178 2294 4247 haec
2326 4177 2620 4247 clamore
2650 4166 2916 4242 efferebam

515 4342 540 4367 ¹·
572 4339 800 4399 oppiuum
832 4344 917 4385 est,
938 4344 1077 4381 unius
1100 4343 1193 4381 dici
1216 4340 1466 4383 itiner-emb
1486 4342 1766 4381 Alexandria
1793 4341 2032 4381 dissitum,
2051 4336 2130 4379 ubi
2152 4340 2194 4379 S.
2214 4340 2469 4388 Dionysius
2490 4346 2629 4388 usque
2643 4334 2692 4375 ss
2708 4335 2842 4372 mmm
2857 4319 2910 4359 ²5³²

470 4400 565 4453 quo
584 4396 785 4433 Decmna
805 4397 1073 4442 persecutio
1094 4396 1234 4434 finem
1249 4394 1448 4444 accepit,
1469 4395 1656 4435 mansit.
