2993 4837
29 294 161 359 toi:
215 295 295 358 24
846 313 922 357 na
972 313 1026 358 s.
1076 311 1383 360 roanANo
1431 312 1668 358 Anaua
2309 296 2435 358 663

29 396 333 466 :asculum
389 395 734 465 scinditur
775 395 1129 476 medium,
1187 418 1265 464 ac
1316 396 1545 464 vinum
1584 453 1598 475 ‚
1651 395 1830 482 quod
1889 397 2059 464 intra
2115 396 2513 475 tenebatur,

30 508 137 555 ÷um
202 486 552 554 immenso
612 491 922 574 serpente
988 497 1203 553 terrae
1264 484 1698 553 diffunditur.
1756 483 1946 566 Quod
1996 496 2351 553 cernentes
2405 484 2524 570 qui

30 575 532 652 tderaut‚·rnetu
587 572 924 651 exterriti,
978 573 1062 640 ad
1117 572 1320 662 pedes
1371 573 1543 641 beati
1595 574 1728 640 Viri
1783 571 2153 652 decidunt,
2212 572 2529 641 lambunt

30 663 285 751 t‘estigia,
340 661 748 731 osculantur
794 674 857 731 et
894 662 1205 749 plantas:
1264 662 1602 730 mirantur
1650 682 1889 729 omnes
1932 663 2244 729 virtutem
2289 662 2475 729 senis
2507 716 2522 738 ,

30 752 321 818 nirantur
353 764 420 819 et
460 772 536 819 se
573 751 659 819 ab
694 751 912 836 iniqui
962 751 1211 839 anguis
1261 752 1411 818 viru
1444 750 1777 817 divinitus
1823 749 2036 818 fuisse
2079 749 2394 818 salvatos.
2433 750 2524 818 Ad

34 838 162 907 stud
202 838 622 908 miraculum
654 841 1002 908 concurrit
1030 839 1257 907 omnis
1282 839 1641 917 exercituS‚
1670 836 1874 906 vallat
1905 837 2271 906 multitudo
2300 839 2530 906 omnis

29 939 254 997 ›eatum
315 929 606 1004 Virum,
660 929 948 1015 cupiens
994 929 1147 1013 ejus
1196 926 1505 995 fimbrias
1556 948 1769 995 manu
1817 938 2130 1015 tangere,
2169 927 2240 995 ·si
2294 926 2530 996 osculo

30 1037 314 1084 tonorare
365 1038 503 1084 non
563 1028 840 1104 poterat.
896 1021 973 1084 Et
1004 1021 1139 1084 Rex
1187 1014 1375 1083 exilit
1407 1015 1490 1082 de
1531 1026 1749 1083 stratu
1781 1036 1929 1092 suo,
1971 1016 2407 1100 accurritque
2441 1014 2527 1084 ad

30 1105 163 1172 leati
211 1104 635 1174 confessoris
684 1105 1088 1180 adventum‚·
1134 1103 1388 1190 illoque
1429 1116 1711 1183 tacente,
1758 1115 2066 1183 cunctos,
2112 1124 2285 1189 quos
2335 1125 2529 1191 repe-

29 1191 200 1272 abat,
259 1194 571 1283 captivos
620 1193 929 1271 absolvit,
984 1205 1048 1261 et
1098 1192 1395 1279 reliquos
1442 1189 1791 1281 deinceps,
1845 1205 1922 1260 ut
1969 1191 2204 1272 voluit,
2246 1192 2344 1260 sic
2396 1204 2529 1261 tra-

29 1282 207 1349 :tavit
263 1281 529 1370 Duplex
565 1282 655 1350 ibi
695 1281 1131 1356 beneficium,
1195 1282 1480 1350 Domino
1527 1294 1956 1370 cooperante,
2004 1280 2326 1370 largitum
2378 1293 2524 1349 est:

29 1382 258 1437 namet
292 1369 451 1440 illos
489 1394 527 1438 a
567 1383 779 1440 morte
809 1371 1011 1447 eruit,
1050 1381 1115 1438 et
1156 1372 1279 1440 bos
1326 1393 1363 1438 a
1391 1370 1565 1459 jugo
1598 1369 2011 1458 captivitatis
2044 1370 2311 1438 exemit.

93 1460 240 1556 55.
298 1465 429 1528 Nec
484 1460 850 1548 praeterire
912 1458 1145 1539 volui,
1217 1458 1398 1545 quod
1449 1480 1605 1528 eum
1670 1457 1987 1527 diabolus
2047 1457 2336 1526 diversis
2385 1480 2534 1525 ma-

29 1544 216 1615 chmis
261 1560 555 1616 conatus
605 1548 936 1618 illudere.
994 1568 1153 1616 cum
1214 1547 1462 1616 videret
1530 1568 1600 1616 se
1658 1546 1826 1615 nibil
1877 1546 1937 1614 ei
1991 1567 2188 1635 posse
2238 1567 2477 1616 nocere
2513 1600 2529 1631 ,

29 1633 380 1706 visibilibus
426 1658 589 1706 eum
639 1637 913 1726 proeliis
958 1648 1061 1704 est
1107 1657 1496 1725 aggressus.
1556 1639 1719 1704 Nam
1771 1648 1968 1704 nocte
2015 1634 2310 1721 quadam
2362 1635 2529 1703 dum

29 1742 85 1817 se
116 1726 326 1812 sopori
354 1724 684 1806 dedisset,
719 1726 947 1794 subito
978 1723 1516 1814 expergefactus,
1552 1723 1717 1792 vidit
1745 1722 2062 1792 cellulam
2110 1745 2304 1792 suam
2338 1724 2538 1811 quasi

30 1813 307 1881 lucendio
340 1836 807 1893 concremare,
846 1834 1357 1903 exsurgensque
1392 1813 1787 1902 perterritus
1816 1813 2065 1880 ostium
2101 1812 2309 1899 petiit.
2343 1810 2533 1896 Quod

32 1919 158 1966 cum
211 1922 508 1972 reserare
545 1905 880 1989 nequiret,
939 1903 1005 1971 in
1055 1904 1361 1971 oratione
1413 1901 1886 1991 prosternitur,
1928 1901 2202 1990 signum
2242 1900 2539 1970 salutare

36 2007 225 2055 coram
275 2014 367 2071 se,
423 2004 490 2061 et
537 1992 800 2061 circum
856 2014 926 2060 se
972 1989 1254 2072 facienS,
1317 2013 1396 2060 ac
1449 1992 1761 2078 protinus
1815 1988 2171 2078 phantasia
2224 1988 2540 2056 flamma-

41 2094 184 2154 rum,
238 2099 409 2164 quae
469 2093 930 2170 apparuerat,
987 2080 1294 2160 evanuit,
1348 2078 1802 2168 cognovitque
1850 2066 1977 2145 hoc
2023 2076 2279 2145 diaboli
2329 2074 2541 2145 fuisse

44 2160 359 2235 fallaciam.
420 2169 497 2237 Id
548 2170 775 2237 statim
821 2168 1188 2237 revelatum
1225 2180 1325 2237 est
1359 2167 1554 2236 beato
1587 2165 1958 2244 prothasio.
1997 2166 2113 2251 qui
2159 2179 2320 2233 tunc
2355 2165 2537 2253 apud

50 2252 551 2326 Candidobrense
588 2259 1074 2327 monasterium
1128 2256 1509 2326 habebatur
1538 2255 1870 2324 reclusus.
1918 2255 2229 2336 Quicum
2270 2268 2539 2321 summa

52 2335 426 2413 festinatione
481 2347 893 2414 monachum
946 2368 1024 2414 ex
1072 2345 1316 2414 cellula
1370 2368 1492 2413 sua
1545 2344 1626 2412 ad
1680 2344 1952 2412 fratrem
1999 2342 2327 2433 dirigens,
2388 2343 2545 2409 bor-

50 2438 191 2499 tatus
231 2449 348 2513 est,
404 2435 696 2504 dicens:
752 2459 785 2500 «
830 2440 1101 2524 Oportet
1149 2448 1233 2514 te,
1287 2433 1731 2503 dilectissime
1771 2433 2021 2511 frater,
2081 2431 2352 2500 insidiis
2401 2430 2546 2498 dia-

46 2511 154 2582 boli
186 2523 500 2618 'resistere
555 2524 858 2601 viriliter,
903 2537 966 2593 et
1016 2522 1187 2592 nihil
1246 2524 1331 2592 de
1376 2525 1526 2612 ejus
1575 2522 1930 2591 dolositate
1981 2542 2371 2610 pavescere:
2428 2518 2542 2588 sed

46 2622 236 2676 omnia
280 2633 457 2697 quae
493 2612 824 2687 intulerit.
870 2613 1173 2681 oratione
1220 2612 1524 2692 assidua,
1580 2634 1657 2680 ac
1710 2611 1907 2699 signo
1957 2610 2192 2678 Crucis
2240 2630 2274 2676 e
2313 2620 2545 2676 contra

47 2698 314 2791 apposito
361 2702 723 2775 evincere,
777 2701 938 2787 quia
998 2699 1248 2768 talibus
1298 2721 1569 2787 semper
1618 2698 2108 2768 tentationibus
2156 2719 2384 2766 servos
2436 2696 2546 2764 Dei

49 2792 254 2853 nititur
281 2808 697 2879 expugnare.
733 2814 766 2853 ι»

113 2870 269 2965 ἓθ.
326 2878 566 2946 Senuit
615 2890 839 2946 autem
895 2877 996 2945 vir
1053 2877 1313 2956 beatus,
1373 2889 1436 2944 et
1498 2875 1776 2964 impleto
1816 2874 1973 2943 boni
2026 2875 2252 2964 operis
2309 2896 2542 2954 cursu,

54 2964 332 3052 migravit
365 2966 448 3033 ad
498 2967 891 3034 Dominum.
939 2964 1149 3051 Cujus
1187 2986 1372 3034 nunc
1415 2962 1729 3036 tumulus
1756 2965 1785 2996 ⁴
1820 2963 2095 3050 saepius
2127 2962 2382 3032 divinis
2413 2963 2550 3051 glo-

52 3044 317 3142 rtlicatur
352 3055 743 3125 virtutibus.
802 3059 981 3122 Haec
1019 3064 1281 3122 tantum
1319 3053 1402 3122 de
1442 3066 1679 3122 sancto
1731 3052 1872 3120 viro
1904 3053 2378 3141 cognovimuS‚
2418 3073 2548 3120 non

52 3127 469 3229 dqudicantes
518 3143 733 3222 alios,
795 3144 911 3229 qui
978 3143 1229 3230 majora
1283 3140 1365 3210 de
1421 3163 1500 3217 eo
1560 3155 2060 3230 cognoverunt.
2119 3140 2176 3207 si
2219 3139 2555 3209 voluerint

53 3216 244 3307 aliqua
280 3230 343 3297 in
387 3234 538 3319 ejus
579 3231 848 3300 laudem
893 3231 1346 3301 conscribere.
2299 3240 2302 3245 ’

96 3398 112 3416 ’
139 3402 174 3439 S·
192 3405 430 3451 Pon-timus
449 3411 499 3452 in
520 3423 606 3452 nuo
627 3414 910 3453 monasterio
931 3411 1019 3452 ruit
1042 3412 1323 3452 tumulatus.
1352 3414 1466 3460 EJus
1487 3420 1672 3450 sacrum
1696 3419 1882 3458 corpus,
1902 3410 2063 3448 seculo
2089 3418 2118 3447 x
2148 3408 2348 3452 labente.
2377 3418 2402 3447 e
2433 3408 2559 3447 terra

56 3446 229 3512 l“Mt-um
248 3465 338 3501 est:
356 3462 523 3506 exinde
542 3470 685 3516 caput
706 3469 755 3506 et
778 3464 958 3514 aliquot
979 3466 1069 3505 alia.
1088 3475 1198 3505 ossa
1220 3476 1247 3505 a
1268 3465 1549 3505 Not-mannis
1569 3464 1851 3512 quibusdam
1871 3459 2038 3502 furtim
2061 3461 2233 3506 ablat&
2254 3472 2305 3500 sc
2325 3462 2374 3501 in
2394 3471 2555 3502 eorum

56 3506 223 3587 futrum
249 3515 488 3565 translata,
518 3520 761 3559 recondita
787 3521 902 3559 sunt
930 3520 978 3559 in
1010 3520 1207 3559 ecclesis
1238 3519 1282 3557 S.
1311 3515 1503 3558 Martini
1525 3518 1647 3568 apud
1668 3514 1905 3567 oppidum,
1924 3516 2049 3565 quod
2071 3515 2213 3564 vulgo
2232 3516 2389 3565 1'An'01e
2406 3516 2560 3564 appel·

71 3560 169 3616 stur.
195 3563 419 3610 Haeretici
446 3582 559 3612 vero
601 3574 742 3622 caput
784 3581 983 3621 ossaque
1017 3572 1105 3612 illa
1136 3572 1311 3612 sectilis
1345 3571 1684 3621 posterioribus
1718 3568 1859 3619 impie
1891 3565 2178 3616 confregere.
2208 3588 2254 3594 —
2286 3570 2419 3608 Circa.
2448 3577 2562 3609 voro

59 3610 89 3644 b·
112 3611 295 3658 Portum
316 3626 651 3667 monasterium
672 3626 919 3675 paullatim
940 3624 1163 3676 oppidum
1188 3626 1453 3665 extructum
1481 3626 1569 3670 est,
1587 3624 1712 3674 quod
1734 3621 2114 3673 saint-Pometia
2136 3622 2417 3671 appellatur.
