2993 4837
558 352 683 414 446
1294 369 1371 414 na
1418 370 1474 414 s.
1527 367 1766 416 canoro
1824 368 2152 416 aoaaomzo
2704 350 2858 418 Nov.
2906 434 2909 437 ,

463 453 719 522 amoris
774 464 838 521 et
896 452 1362 522 observantiae
1425 452 1976 542 significatione,
2030 454 2197 522 civis
2262 467 2328 522 et
2389 458 2615 524 Pastor
2667 466 2902 612 exte?

461 553 563 611 est
601 564 641 609 a
675 539 1295 611 Mediolanensibus
1348 540 1536 621 suis;
1586 543 1958 631 praecipua
1990 563 2284 629 namque
2333 541 2583 613 laetitia
2624 564 2750 630 qua
2823 564 2858 612 a

462 642 666 716 atque
741 628 1052 698 hilaritas
1118 629 1269 720 ejus
1333 629 1717 708 adventus,
1800 631 2292 719 ingressusque
2361 643 2700 721 tempore,
2771 631 2834 700 in
2892 662 2901 689 =

463 720 729 788 mnium
779 718 997 798 vultu,
1051 729 1254 805 atque
1300 740 1415 788 ore
1466 719 1719 788 versari
1772 719 2168 800 videbatur;
2209 741 2287 789 ac
2337 721 2617 789 memini
2675 741 2774 788 me

462 805 1046 877 adolescentulum
1100 803 1403 878 audiisse
1432 863 1447 888 ,
1501 809 1621 894 qui
1669 829 1748 878 eo
1796 809 2135 877 civitatem
2189 807 2613 898 ingrediente
2647 807 2923 897 praedi.-

463 908 635 975 rent‚
690 894 979 965 alterum
1040 896 1666 965 Mediolanensibus
1707 897 2136 966 Ambrosium
2188 897 2566 968 advenisse.
2612 897 2831 967 Urbem
2862 897 2903 965 i

466 1005 746 1074 gressus
803 997 904 1053 est
965 984 1076 1054 die
1130 984 1479 1053 dominico
1519 1007 1582 1054 ix
1633 984 1771 1054 Cal.
1827 986 2060 1054 Octob.
2116 986 2278 1054 anni
2322 1008 2360 1054 a
2412 986 2539 1056 sal.
2584 1009 2772 1055 111)va
2819 1008 2850 1054 e

465 1095 611 1142 xxvi
672 1075 909 1142 aetatis
957 1094 1216 1143 annum
1267 1086 1495 1174 ageret
1523 1073 1579 1142 ¹⁶.
1635 1073 2113 1163 Triumphales
2158 1087 2407 1163 portas,
2470 1074 2794 1165 symbola,
2839 1080 2921 1142 e·-·'

465 1161 711 1253 giaque
747 1161 1465 1238 honorificentissima,
1521 1184 1598 1230 ac
1648 1163 1913 1232 viarum
1965 1174 2271 1242 ornatuS,
2331 1185 2466 1232 non
2515 1178 2616 1233 est
2669 1185 2829 1248 opus
2869 1168 2913 1202 ·'

465 1251 765 1341 plicare:
818 1274 854 1318 e
900 1250 1186 1320 Basilica
1240 1255 1330 1319 Re
1384 1272 1528 1332 um,
1585 1273 1760 1338 quae
1810 1272 1993 1320 nunc
2043 1251 2493 1342 Eustorgiana
2528 1264 2653 1328 est,
2691 1251 2770 1320 de
2799 1273 2895 1320 ι·

462 1340 664 1408 mitra
697 1353 762 1408 et
807 1340 1090 1409 caeteris
1124 1339 1315 1407 Ponti
1348 1338 1641 1408 icalibus
1690 1338 2116 1409 indumentis
2177 1352 2460 1409 ornatus
2512 1340 2789 1430 prodiit;
2826 1338 2921 1408 al

460 1450 659 1514 equo,
700 1428 1025 1519 stragulis
1072 1427 1320 1498 coloris
1357 1429 1663 1516 ejusdem
1717 1429 1954 1499 sericis
2002 1427 2354 1510 adhibitis,
2409 1429 2771 1500 insidebat.
2816 1433 2902 1498 Co

462 1515 830 1586 faloneriae
884 1515 1231 1595 familiae,
1305 1517 1506 1607 cujus
1555 1515 1724 1585 illud
1775 1529 1876 1586 est
1922 1517 2043 1606 jus
2103 1531 2168 1587 et
2238 1517 2669 1599 institutum,
2734 1514 2888 1586 nobil

462 1606 612 1684 viri,
661 1606 871 1675 rubeo
909 1618 974 1674 et
1010 1604 1372 1695 splendido
1412 1607 1657 1675 vestitu
1708 1605 1964 1693 pedites
2013 1628 2170 1675 eum
2223 1606 2331 1675 cin
2387 1607 2644 1676 ebant:
2701 1606 2824 1675 seri
2888 1636 2895 1659 ·

460 1694 946 1763 umbraculum
983 1694 1213 1762 itidem
1248 1692 1507 1772 album,
1550 1693 1844 1762 subhme
1879 1716 2086 1782 super
2130 1716 2287 1763 eum
2362 1697 2686 1777 erebant;
2730 1695 2902 1765 cleri

461 1794 526 1852 et
566 1782 922 1852 monachis
968 1782 1206 1851 ordine
1238 1782 1750 1871 praeeuntibus,
1786 1782 1870 1851 ad
1910 1783 2233 1870 majorem
2271 1783 2631 1854 ecclesiam
2671 1805 2848 1854 sacra
2882 1810 2899 1821 ·’

460 1870 674 1940 lemni
720 1892 968 1960 pompa
1003 1870 1350 1960 processit.
1387 1875 1530 1939 Dux
1561 1869 1630 1903 '‘¹'‘
1674 1892 1832 1940 cum
1873 1875 2123 1941 Senatu
2160 1885 2225 1941 et
2273 1872 2428 1943 aliis
2460 1871 2903 1964 Magistratib·

462 1971 528 2028 et
557 1960 746 2028 omni
778 1958 914 2028 fere
964 1959 1313 2028 nobilitate
1361 1959 1727 2028 comitatus
1772 1972 1910 2029 est:
1965 1959 2284 2030 universa
2324 1962 2561 2031 civitas
2614 1983 2856 2032 concur
2896 1992 2903 2033 ;

464 2048 726 2134 reliqua
776 2061 948 2127 acta,
987 2061 1190 2136 atque
1223 2047 1531 2117 adhibita
1576 2069 1696 2136 pro
1732 2048 1867 2117 ritu
1901 2062 2251 2119 consueto.
2291 2050 2607 2120 Proxima
2642 2051 2753 2120 die
2783 2049 2881 2119 do

463 2137 641 2218 nica,
680 2137 1120 2207 celeberrima
1164 2149 1640 2206 sacrosanctae
1689 2137 1932 2207 Missae
1972 2137 2305 2207 solemnia
2334 2161 2517 2220 cum,
2558 2153 2638 2209 ut
2683 2162 2799 2229 par
2824 2159 2856 2207 e

463 2228 761 2296 maxima
790 2227 1101 2297 omnium
1136 2225 1457 2295 ordinum
1498 2225 1596 2293 fre
1651 2226 1902 2307 uentia,
1942 2229 2008 2295 in
2050 2226 2295 2315 majori
2329 2227 2580 2317 templo
2623 2248 2855 2319 perage
2894 2274 2901 2281 ·

461 2314 547 2383 ad
597 2315 805 2385 altare
853 2316 1099 2385 sedens
1146 2315 1545 2384 concionem
1667 2313 1905 2394 abuit,
1961 2336 2132 2384 novo
2202 2315 2403 2405 plane
2457 2315 2901 2407 ejus'tempo

459 2404 793 2494 exemplO,
829 2403 913 2473 de
961 2402 1164 2473 rebus
1212 2402 1633 2474 salutaribus
1682 2401 1764 2473 ad
1821 2403 2180 2505 populum.
2218 2404 2494 2474 Interim
2534 2428 2715 2493 quae
2754 2427 2885 2496 syn

461 2515 669 2562 causa
707 2494 1082 2583 oportebat,
1137 2494 1312 2561 inter
1358 2491 1678 2562 assiduas
1710 2492 1963 2562 civium
2002 2493 2444 2564 salutationes
2482 2502 2739 2586 magno
2774 2494 2887 2564 lab

462 2582 770 2661 curavit;
824 2602 1117 2667 quarum
1183 2603 1411 2650 rerum
1469 2603 1681 2651 causa
1721 2582 1864 2669 jam
1919 2593 2060 2650 tum
2112 2584 2378 2672 coepit,
2437 2605 2661 2672 neque
2710 2604 2901 2653 somn

464 2690 683 2755 neque
729 2669 1013 2738 caeteris
1061 2668 1232 2739 vitae
1280 2669 1883 2740 commoditatibus
1919 2692 2276 2759 parcere...

554 2764 590 2838 g
640 2762 776 2830 u.
834 2759 955 2827 His
1007 2758 1210 2827 rebus
1243 2758 1551 2827 celeriter
1596 2759 1829 2849 gestis,
1886 2758 2119 2829 Carolo
2157 2762 2677 2850 quamprimum
2719 2767 2903 2838 Rom

463 2858 605 2915 erat
646 2845 1117 2923 redeundum,
1171 2848 1261 2915 ita
1301 2847 1586 2935 jubente
1627 2848 1949 2917 Pontifice
2004 2848 2069 2916 in
2133 2849 2417 2937 primis;
2472 2849 2585 2919 sed
2647 2848 2896 2940 postul

467 2935 648 3004 tibus
680 2936 884 3005 etiam
923 2936 1128 3006 rebus
1163 2936 1179 3004 i
1236 2935 1354 3014 sis,
1413 2957 1494 3004 ne
1547 2937 1837 3023 otiisquc
1875 2936 1958 3005 ad
1999 2938 2388 3007 universam
2439 2938 2807 3009 Ecclesiam
2842 2960 2893 3027 p

464 3023 880 3094 tinentibus:
933 3025 1003 3093 in
1057 3026 1172 3110 qui
1229 3047 1311 3095 us
1350 3024 1477 3093 illu
1571 3026 2019 3115 praecipuum
2073 3040 2215 3096 erat
2262 3039 2326 3095 et
2363 3028 2871 3117 gravissimum,

466 3112 533 3180 in
570 3113 948 3182 Tridentini
995 3113 1268 3183 concilii
1322 3114 1590 3183 decreta
1642 3114 2132 3196 conservanda,
2177 3128 2411 3185 contra
2445 3115 2848 3203 frequentes,
2887 3147 2892 3172 ··

463 3201 833 3289 dentesque
883 3202 1256 3272 multorum
1326 3203 1823 3292 postulationes
1880 3203 2387 3273 incumberet...
2450 3205 2733 3275 Circiter
2777 3210 2858 3275 No

465 3292 855 3362 Decembris
887 3291 991 3325 *⁸*
1039 3291 1302 3381 accepit
1349 3290 1431 3359 de
1480 3292 1668 3382 gravi
1704 3291 2076 3361 admodum
2130 3293 2475 3362 Pontificis
2526 3295 2797 3374 morbo;
2845 3299 2913 3360 t·'

464 3380 718 3451 relictis
750 3380 1101 3459 omnibus,
1155 3402 1367 3449 cursu
1405 3385 1687 3449 Romam
1724 3380 2110 3449 contendit:
2151 3394 2353 3467 atque
2401 3382 2490 3451 ita
2545 3396 2809 3453 mature
2850 3409 2902 3442 ·

464 3470 644 3538 venit
674 3524 688 3548 ‚
743 3482 816 3537 ut
863 3468 1205 3539 avunculo
1254 3468 1480 3538 adhuc
1534 3470 1702 3548 vivo,
1761 3491 1890 3538 non
1933 3469 2134 3540 modo
2180 3482 2555 3539 extremum
2599 3494 2766 3541 suae
2805 3493 2841 3560 p

463 3559 718 3627 sentiae
781 3558 1097 3628 solatium
1174 3558 1462 3637 afferre,
1532 3557 1648 3628 sed
1720 3558 1869 3646 ipsa
1936 3557 2168 3628 divina
2231 3557 2475 3628 salutis
2544 3558 2923 3654 instrumeu¹

462 3647 849 3716 necessario
876 3659 1179 3737 tempore
1203 3648 1498 3737 potuerit
1523 3646 1870 3716 adhibere.
1905 3647 2008 3716 Ibi
2035 3647 2286 3717 dicitur
2315 3659 2470 3715 ante
2502 3651 2733 3717 omnia
2767 3657 2895 3717 stati

464 3735 766 3806 medicos
810 3735 893 3805 ad
933 3757 1002 3806 se
1035 3757 1333 3815 vocasse,
1384 3736 1821 3826 petiisseque‚
1871 3757 2034 3805 num
2079 3758 2234 3826 spes
2267 3736 2440 3804 vitae
2482 3735 2742 3825 reliqua
2774 3758 2901 3804 ess

462 3825 717 3909 quibus
754 3824 1164 3915 negantibus
1194 3879 1209 3905 ‚
1264 3838 1405 3893 tum
1444 3824 1698 3895 adiisse
1735 3824 2158 3907 Pontificem,
2194 3824 2618 3911 dixisseque:
2674 3824 2832 3896 nihil
2873 3851 2915 3884 ι·

463 3913 649 3982 tiisse
698 3926 895 3983 antea
943 3936 1295 4002 unquam,
1348 3913 1529 4000 quod
1583 3915 1669 3983 ab
1716 3914 1867 4001 eJus
1915 3914 2335 4004 benignitate
2384 3935 2519 3982 non
2579 3913 2923 4004 accepisse

462 4022 680 4070 unum
724 4002 952 4072 adhuc
1004 4016 1266 4093 petere,
1327 4002 1511 4090 quod
1572 4003 1881 4073 omnium
1954 4003 2241 4072 minime
2293 4002 2426 4070 sibi
2484 4005 2714 4092 negari
2770 3998 2915 4068 vell·-

464 4092 628 4157 Cum
698 4092 1054 4162 annuisset
1120 4091 1463 4173 Pontifex,
1532 4092 1727 4161 enixe
1793 4093 1956 4181 petit
2031 4104 2233 4181 atque
2295 4091 2649 4172 obsecrat,
2719 4110 2917 4177 quan·-

466 4200 623 4267 spes
652 4179 825 4247 vitae
858 4186 1330 4272 prorogandae
1361 4181 1590 4251 omnis
1628 4196 1859 4271 erepta
1899 4196 2099 4262 esset,
2140 4180 2306 4250 nihil
2360 4179 2545 4249 aliud
2601 4181 2851 4271 penitus
2897 4201 2909 4232 ι

515 4374 540 4401 *
572 4374 889 4414 Mediolanum
909 4376 952 4416 8.
977 4376 1173 4418 caroius
1194 4386 1414 4418 reversus
1434 4379 1521 4423 est,
1541 4378 1675 4417 sexto
1696 4380 1944 4426 postquam
1964 4379 2073 4418 hinc
2096 4375 2377 4419 discesserat
2398 4388 2533 4422 anno.

516 4428 568 4454 ⁴¹*
598 4427 785 4467 Gabriel
809 4439 834 4467 a
853 4430 1020 4475 Cueva,
1038 4431 1141 4470 Dux
1166 4430 1479 4479 Albaquercit,
1500 4432 1777 4481 provinciae
1795 4431 2157 4473 mediolanensis
2182 4433 2489 4473 Gubernator.

518 4482 596 4507 Μ*
626 4483 850 4529 Ejusdem
871 4482 982 4522 anni
1001 4484 1115 4523 1565.
