2993 4837
538 300 665 362 698
1180 315 1259 359 nn
1308 315 1362 360 s.
1415 313 1649 360 JACOBO
1699 313 2025 361 lxi'ssnciso
2076 316 2263 360 staur.
2655 298 2798 360 Not.
2839 299 2894 360 Ξῖ

448 402 785 468 Jacobus:
828 421 862 462 ‹<
908 404 1099 466 Nunc
1133 398 1410 467 offeram
1452 421 1708 466 munus
1761 398 2032 467 coelesti
2085 402 2275 486 Regi,
2335 422 2451 488 pro
2503 399 2695 485 cujus
2733 423 2900 468 amore

452 490 615 556 haec
653 488 893 577 patior.
928 510 964 552 »
996 486 1447 555 Absciderunt
1478 501 1544 555 et
1581 487 1820 574 pedem
1858 488 2244 563 sinistrum:
2269 501 2335 557 et
2365 494 2435 555 B.
2461 489 2740 556 lacobus
2761 487 2900 554 dixit:

451 601 485 641 «
519 583 618 645 Tu
651 599 722 644 es
753 575 871 661 qui
907 576 1074 644 facis
1112 576 1479 656 mirabilia,
1518 575 1790 653 exaudi,
1833 576 2138 654 Domine,
2178 591 2241 646 et
2292 576 2473 646 salva
2529 598 2653 644 me.
2691 577 2910 645 »Absci-

449 665 1022 733 deruntdextram
1065 686 1375 743 manum,
1402 679 1465 732 et
1495 666 1612 733 ait:
1653 687 1689 730 «
1729 665 2231 734 Misericordiae
2258 678 2412 733 tuae
2440 664 2748 755 adjuvent
2778 687 2911 731 mea·

450 753 537 821 Ad
586 754 934 822 sinistram
985 752 1118 820 ait:
1175 776 1210 818 «
1261 758 1357 821 Tu
1405 775 1477 822 es
1531 758 1729 831 DeuS,
1787 754 1906 840 qui
1963 753 2130 822 facis
2183 752 2554 823 mirabilia.
2602 753 2914 822 »Abscide-

452 856 611 911 runt
658 842 971 911 dextrum
1011 841 1397 922 brachium,
1440 856 1507 911 et
1554 843 1688 910 ait:
1726 865 1760 907 «
1803 842 2055 922 Lauda,
2095 844 2329 911 anima
2368 864 2543 916 mea,
2593 844 2911 910 Dominum.

450 930 744 999 laudabo
780 930 1143 999 Dominum
1180 932 1246 997 in
1288 932 1421 999 vita
1456 952 1626 1008 mea,
1676 930 1964 1019 psallam
2006 936 2135 1000 Deo
2169 953 2319 999 meo
2349 931 2688 1019 quamdiu
2725 930 2918 998 suero.-

451 1019 900 1088 Absciderunt
944 1032 1010 1087 et
1057 1020 1411 1089 sinistrum
1444 1075 1458 1096 ‚
1510 1034 1573 1089 et
1622 1021 1758 1089 ait:
1806 1043 1841 1084 «
1905 1019 2525 1089 Circumdederunt
2577 1042 2680 1088 me
2716 1020 2920 1087 dolores

454 1111 713 1188 mortiS,
766 1122 830 1177 et
877 1109 944 1175 in
1001 1108 1277 1176 nomine
1315 1108 1583 1177 Domini
1634 1107 2033 1177 vindicabor
2073 1110 2140 1176 in
2191 1110 2314 1177 eis.
2354 1133 2390 1174 »
2427 1115 2622 1176 Tunc
2667 1108 2918 1176 acceden-

453 1210 573 1276 tes,
627 1196 1071 1266 absciderunt
1105 1218 1335 1264 suram
1372 1197 1588 1266 dextri
1628 1196 1844 1286 pedis,
1898 1197 2290 1266 scindentes
2349 1220 2576 1283 usque
2616 1197 2697 1264 ad
2744 1198 2912 1264 femus.

452 1293 641 1355 Tunc
677 1292 746 1354 B.
797 1285 1091 1354 lacobus
1139 1285 1463 1354 ineffabili
1501 1285 1735 1354 dolore
1776 1300 2099 1374 gravatus
2148 1285 2577 1358 exclamans,
2616 1287 2737 1353 ait:
2785 1309 2810 1348 ει
2848 1291 2914 1350 [la

455 1376 639 1444 mine
685 1380 851 1442 Jesu
883 1374 1167 1452 Christe,
1206 1373 1457 1462 adjuva
1494 1396 1624 1455 me,
1679 1375 1843 1462 quia
1884 1374 2497 1448 circumdederunt
2551 1397 2658 1443 me
2705 1375 2914 1462 gemina

457 1463 715 1532 mortis.
757 1485 791 1528 »
829 1468 905 1530 Et
952 1461 1047 1530 ait
1080 1463 1163 1530 ad
1216 1463 1598 1532 carnifices:
1640 1487 1675 1529 «
1714 1468 1996 1532 Carnem
2054 1485 2294 1531 novam
2339 1464 2591 1532 induet
2627 1487 2728 1531 me
2774 1463 2900 1528 Domi

457 1574 611 1630 nuS,
653 1573 859 1637 quam
914 1564 1131 1620 vestra
1183 1551 1461 1620 vulnera
1517 1550 1864 1620 maculare
1914 1552 2320 1640 nequibunt.
2362 1576 2398 1616 »
2437 1559 2594 1620 Jam
2645 1549 2915 1619 carnifices

455 1640 842 1708 defecerant
889 1660 966 1706 eo
1014 1639 1196 1726 quod
1233 1663 1272 1708 a
1327 1642 1545 1730 prima
1600 1641 1765 1710 hora
1816 1640 1948 1708 diei
2003 1663 2222 1727 usque
2270 1641 2352 1708 ad
2421 1663 2681 1710 nonam
2731 1641 2789 1707 in
2829 1639 2916 1722 ejas

455 1729 789 1797 incisione
824 1727 1209 1797 sudassent.
1249 1734 1436 1799 Tunc
1471 1729 1717 1798 iterum
1755 1729 2176 1802 accedentes,
2205 1730 2473 1798 sinistri
2507 1730 2729 1798 cruris
2760 1747 2914 1794 suram

455 1816 898 1887 absciderunt
947 1839 1162 1903 usque
1201 1817 1283 1885 ad
1336 1818 1583 1887 femur.
1642 1823 1829 1886 Tunc
1874 1816 2267 1886 exclamans
2315 1822 2387 1885 B.
2447 1819 2741 1887 lacobus
2781 1816 2914 1882 dixiit

458 1931 493 1972 «
551 1907 940 1975 Dominator
990 1907 1314 1986 Domine,
1368 1907 1618 1975 exaudi
1669 1929 1776 1975 me
1840 1907 2245 1975 semivivum
2284 1962 2298 1986 ,
2345 1908 2662 1975 vivorum
2703 1918 2759 1973 et
2804 1923 2917 1971 mnr-

459 2009 731 2065 tuorum
787 2000 985 2063 Deus.
1042 1994 1318 2084 Digitos,
1377 1997 1682 2072 Domine,
1740 2017 1872 2064 non
1918 1996 2157 2070 liabeo,
2203 2008 2277 2064 ut
2320 1997 2513 2085 ipsos
2549 1995 2634 2064 ad
2672 2008 2728 2062 te
2773 1993 2917 2080 porri·

458 2107 641 2171 gam:
700 2104 821 2151 nec
874 2105 1144 2162 manus,
1187 2097 1259 2152 ut
1304 2106 1419 2152 eas
1453 2084 1540 2152 ad
1578 2098 1635 2152 te
1683 2084 2066 2152 extendam.
2124 2082 2334 2152 Pedes
2386 2085 2524 2152 mei
2569 2083 2850 2152 truncati.
2887 2095 2944 2162 ri,

506 2196 686 2242 enua
722 2193 869 2240 mea
919 2172 1239 2241 demolita
1278 2186 1460 2254 sunt,
1503 2185 1577 2241 ut
1625 2173 1748 2241 tibi
1795 2194 2020 2262 genua
2076 2174 2344 2241 flectere
2399 2195 2540 2241 non
2605 2172 2850 2240 valeam.
2885 2165 2944 2238 a]

486 2276 677 2331 actus
738 2283 891 2328 sum
960 2260 1143 2329 velut
1202 2283 1444 2330 casura
1513 2261 1762 2331 domus
1811 2261 2058 2331 ablatis
2104 2262 2365 2348 quibus
2416 2273 2818 2331 sustentatur
2850 2277 2918 2348 co·

461 2350 743 2420 lumniS.
782 2348 1035 2417 Exaudi
1092 2371 1222 2431 me,
1268 2351 1547 2418 Domine
1593 2356 1758 2418 Jesu
1793 2350 2075 2429 Christe,
2111 2363 2176 2418 et
2213 2350 2388 2418 educ
2424 2350 2511 2418 de
2549 2368 2794 2418 carcere
2822 2365 2918 2440 am·

464 2464 643 2509 mam
701 2461 946 2508 meam.
998 2466 1018 2501 ι)
1066 2444 1206 2508 Hoc
1256 2462 1414 2508 cum
1472 2440 1777 2519 dixisset,
1834 2462 2017 2509 unus
2057 2439 2142 2507 de
2181 2440 2641 2510 carnificibus
2685 2448 2913 2506 accessit,

459 2542 524 2596 et
556 2541 762 2617 caput
809 2528 957 2613 ejus
1005 2530 1406 2618 amputavit.
1449 2529 1811 2597 Christiani
1857 2530 2066 2618 igitur
2112 2528 2377 2597 occulte
2424 2540 2848 2597 accesserunt,
2881 2538 2916 2585 e:

462 2638 714 2706 corpus
762 2618 913 2701 ejus
982 2619 1321 2706 rapientes
1376 2618 1749 2686 honorilice
1810 2617 2252 2706 sepelierunt.
2315 2622 2574 2687 Passus
2622 2628 2715 2686 est
2764 2625 2912 2681 autem

462 2707 704 2792 quinto
737 2704 1069 2774 Calendas
1105 2706 1515 2775 Decembris.

873 2955 1008 3031 DE
1065 2955 1427 3033 EODEM
1483 2956 1553 3032 S.
1618 2955 2005 3033 JAOOBO
2065 2955 2605 3033 INTERGISO

510 3153 585 3200 Ex
634 3152 968 3200 NICEPHORt
1016 3152 1292 3201 CALms'ri
1342 3133 1849 3200 Ecclesiaste'cae
1895 3133 2259 3212 Historiae,
2318 3132 2434 3200 lib.
2497 3142 2599 3213 14,
2651 3154 2779 3218 cap.
2823 3133 2887 3189 2¹³-

554 3326 831 3395 Infinita
881 3348 1035 3396 vero
1083 3326 1219 3395 alia
1266 3326 1351 3395 ab
1401 3325 1785 3395 audacibus
1833 3339 1898 3393 et
1953 3326 2190 3415 impiis
2241 3326 2378 3395 illis
2427 3346 2697 3414 quoque
2740 3330 2911 3411 tentata

466 3430 649 3485 sunt.
681 3415 891 3497 Quale
924 3415 1234 3484 videlicet
1260 3429 1322 3483 et
1353 3414 1525 3483 illud
1565 3415 1764 3484 estin
1796 3414 2048 3484 Jacobo
2080 3419 2281 3483 Persa
2319 3428 2682 3503 patratum.
2711 3417 2771 3508 Is
2794 3421 2910 3475 emffl

465 3526 622 3572 cum
675 3505 1104 3573 Christianus
1158 3517 1353 3572 antea
1405 3504 1669 3583 suisset,
1728 3516 2004 3593 propter
2065 3504 2593 3572 intercedentem
2661 3500 2773 3573 sibi
2810 3508 2908 3585 cu}U

469 3593 818 3683 Isdigerde
868 3599 1224 3662 Persarum
1278 3598 1458 3681 Rege
1506 3592 1926 3673 amicitiam,
1976 3605 2333 3681 paternam
2387 3592 2763 3682 religionem
2805 3598 2910 3661 reli·

410 3755 419 3769 ,
466 3696 672 3750 cerat.
720 3687 1083 3769 Postquam
1127 3695 1352 3749 autem
1393 3703 1511 3769 per
1562 3692 1845 3749 matrem
1882 3695 1946 3748 et
1987 3681 2351 3770 conjugem
2389 3703 2630 3749 rursus
2664 3676 2735 3747 ad
2778 3668 2908 3740 fidem

471 3770 720 3840 Christi
754 3770 1151 3839 admonitus
1194 3770 1487 3849 revertit,
1530 3782 1594 3837 et
1637 3791 1788 3837 eam
1827 3790 1970 3837 rem
2010 3770 2333 3856 princeps
2380 3791 2580 3859 aegre
2621 3766 2768 3841 tulit,
2794 3772 2909 3851 acet·

471 3859 625 3928 bam
678 3859 1078 3945 quamdam,
1118 3872 1181 3926 et
1218 3871 1492 3948 propter
1529 3858 1892 3925 novitatem
1937 3857 2445 3937 admirandam,
2486 3871 2630 3946 post
2664 3846 2906 3938 supplwla
2939 3898 2940 3901 =

471 3948 689 4016 multa
732 3949 945 4016 subiit
995 3959 1308 4016 mortem.
1354 3952 1519 4015 Nam
1572 3946 1691 4015 ubi
1734 3945 2045 4015 articulis
2093 3960 2157 4015 et
2197 3947 2549 4032 juncturis
2594 3944 2900 4033 quibusque
2939 3948 2940 3967 ³

475 4038 540 4104 in
595 4037 953 4105 commoda
1016 4049 1081 4104 et
1133 4050 1290 4124 apta
1350 4035 1558 4103 totius
1609 4035 1919 4123 corporis
1952 4035 2417 4103 membrorum
2455 4034 2900 4116 conformatione·

471 4147 547 4194 ex
595 4127 939 4205 manibuS,
996 4124 1321 4204 brachiiS,
1366 4122 1659 4213 pedibus
1689 4137 1753 4191 et
1801 4124 1984 4207 suris
2018 4124 2077 4191 ei
2118 4123 2419 4199 resectis,
2459 4124 2761 4209 reliquum
2793 4100 2900 4197 nthss

472 4236 680 4299 quam
719 4236 859 4282 una
908 4236 1066 4283 cum
1127 4228 1354 4282 ventre
1403 4225 1612 4300 caput
1647 4211 1867 4282 solum
1910 4212 2170 4293 habuit,
2204 4212 2532 4298 quoniam
2572 4234 2647 4280 ne
2674 4222 2784 4275 tum
2806 4213 2900 4280 qm·

477 4303 629 4367 dem
677 4300 877 4369 fidem
923 4304 991 4370 in
1030 4302 1372 4370 Christum
1407 4301 1679 4401 abjecit,
1720 4314 1785 4369 et
1833 4300 2134 4399 idipsum
2185 4313 2530 4400 postremo
2569 4300 2719 4367 ferro
2741 4301 2896 4384 ampu-

482 4399 692 4455 tatum
722 4405 842 4457 est.
883 4390 1158 4458 Minime
1189 4411 1341 4458 vero
1385 4388 1807 4468 mirandum,
1834 4411 1887 4457 st
1920 4411 2146 4458 rcrum
2179 4410 2645 4459 universarum
2674 4385 2894 4452 Domfflffi
