2993 4837
56 293 196 358 NOV.
245 295 281 356 :3
760 312 837 356 niz
885 313 941 357 s.
996 309 1283 357 nussam
1332 312 1429 357 er.
1488 311 1812 358 montensi
2393 296 2473 358 73

17 450 20 471 .
118 399 149 480 ξ
186 401 317 467 15.
368 399 555 464 Haec
589 395 677 464 de
729 397 862 464 vita
893 407 957 464 et
985 395 1422 466 mirabilibus
1473 396 1648 464 beati
1686 395 1972 464 Huberti
2007 397 2332 466 antistitis
2364 396 2555 478 almi,

17 501 96 552 Γιιι
133 484 205 552 de
248 484 349 552 bis
390 503 581 570 quae
644 484 830 553 circa
890 506 1141 574 corpus
1201 486 1351 586 ejus
1398 485 1486 554 ob
1536 484 1759 574 ipsius
1812 485 2256 554 reverentiam
2307 498 2373 554 et
2431 489 2556 562 Do-

17 574 187 685 {mini
223 573 634 641 immensam
671 572 960 662 gloriam
1015 573 1573 660 praedicandam,
1619 573 1863 662 priscis
1916 573 2343 664 temporibus
2376 574 2556 643 cele·
2603 583 2639 613 ⁸

17 663 206 730 ibi-ata
248 674 425 740 sunt,
448 682 895 751 quamquam
950 661 1364 742 infacundo,
1422 662 1606 731 fideli
1679 675 1900 731 tamen
1936 718 1952 743 ,
2008 663 2184 752 stylo
2236 676 2509 732 exarata
2537 711 2571 744 ,-

47 751 115 818 ad
163 772 269 819 nos
308 751 571 840 scripta
620 764 1121 820 commearunt.
1176 752 1438 821 Abhinc
1487 763 1718 820 autem
1754 751 2102 840 quomodo
2152 751 2558 840 qualiterve,

17 840 342 918 monente,
398 840 618 908 immo
671 838 1125 928 compellente
1174 841 1421 909 Christi
1471 840 1730 908 honore
1785 853 1848 908 et
1896 862 2155 920 amore,
2211 853 2562 911 crescente

17 929 214 996 ·etiam
262 941 463 1016 atque
514 929 856 1017 flagrante
901 951 1064 1018 erga
1117 928 1431 998 divinum
1483 929 1759 997 cultum·
1805 929 2330 1018 piissimamque
2399 950 2562 998 san-

17 1010 269 1086 'ctorum
314 1018 427 1085 Dei
474 1018 982 1086 venerationem
1022 1017 1330 1086 fidelium
1360 1017 1737 1095 devotione,
1776 1017 1905 1086 sub
1948 1018 2261 1105 piissimo
2299 1019 2554 1108 Deique

46 1105 479 1174 amantissimo
532 1105 875 1176 Ludovico
928 1111 1375 1207 Imperatore,
1433 1107 1501 1174 in
1559 1104 2030 1176 transferendo
2086 1108 2441 1176 memorati
2493 1121 2559 1177 et

46 1215 213 1292 saepe
258 1194 689 1264 memorandi
739 1195 1157 1264 sanctissimi
1211 1196 1334 1264 viri
1385 1216 1666 1283 corpore
1717 1195 1804 1264 sit
1836 1208 2092 1274 actum,
2137 1196 2422 1265 breviter
2471 1196 2554 1264 fi-

84 1282 374 1371 eliterque
420 1296 694 1353 constat
741 1305 889 1352 esse
938 1284 1350 1352 subnexum.
1386 1289 1575 1352 Anno
1609 1282 1949 1383 siquidem
1988 1285 2558 1374 octingentesimo

65 1371 369 1441 odecimo
416 1372 865 1441 felicissimae
914 1373 1412 1441 incarnationis
1456 1371 1720 1442 Domini
1775 1373 1989 1441 nostri
2034 1374 2209 1442 Jesu
2258 1374 2552 1454 Christi,

46 1473 313 1549 exempto
352 1461 564 1530 rebus
617 1461 944 1530 humanis
983 1460 1442 1531 famosis=imo
1476 1466 1890 1551 Imperatore
1940 1462 2197 1536 Carolo.
2240 1463 2557 1531 victorio-

44 1548 280 1620 sissimo
312 1550 636 1656 piisgimo
668 1554 995 1707 Αιιὶιιεῑο,
1050 1551 1165 1638 qui
1215 1551 1406 1640 regni
1468 1555 1884 1619 Francorum
1930 1553 2149 1640 spatia
2214 1551 2415 1651 longe
2465 1550 2559 1619 la·

50 1649 215 1726 teque
254 1638 590 1719 dilatavit,
628 1652 693 1708 et
746 1644 788 1706 C
846 1640 993 1708 risti
1046 1639 1333 1728 gloriam
1390 1643 1456 1708 in
1510 1640 1655 1709 suis
1713 1639 1972 1708 sinibus
2020 1639 2399 1729 ampliavit,
2457 1639 2559 1708 in-

39 1750 117 1795 „u
195 1741 308 1797 ret
340 1728 725 1796 multarum
763 1728 1069 1817 gentium
1103 1729 1494 1797 caecitatem
1548 1740 1806 1817 quanta
1845 1730 2060 1817 potuit
2112 1730 2357 1799 virtute
2410 1749 2562 1819 per-

43 1862 50 1865 --
122 1748 211 1892 ffi.
257 1829 669 1905 ereptasque
732 1816 1092 1905 profundis
1143 1818 1463 1897 tenebriS‚
1539 1817 1714 1886 lucis
1778 1817 2087 1887 claritate
2143 1817 2556 1919 conspicuas

68 1905 323 1985 ‚widin
377 1905 776 1974 Ludovicus
824 1906 1167 1994 gloriosus
1204 1905 1389 1976 filius
1444 1906 1618 1994 ejus,
1673 1919 1938 1995 sceptra
1991 1906 2375 1996 imperialia
2425 1907 2558 1976 sibi

55 1991 243 2062 .·-.·,hua
270 2008 471 2084 atque
531 1993 622 2063 ab
671 2015 751 2062 eo
800 1994 1070 2072 tradita,
1127 2008 1275 2084 post
1330 2017 1489 2064 eum
1541 1993 1828 2063 feliciter
1890 1996 2215 2085 suscepit.
2278 1996 2559 2064 Decebat

57 2081 265 2171 ”vspme
305 2083 689 2160 Christum,
748 2082 945 2176 talem
1000 2105 1077 2152 ac
1113 2095 1374 2153 tanturn
1432 2082 1722 2172 imperio
1771 2104 1896 2152 suo
1948 2084 2311 2172 praeficere
2373 2085 2562 2172 prin-

64 2167 257 2258 cipem,
295 2172 360 2245 in
413 2192 563 2261 quo
600 2193 734 2240 non
796 2172 996 2240 modo
1035 2172 1195 2242 aviti
1244 2173 1593 2262 specimen
1641 2171 1939 2240 eluceret
1990 2172 2283 2263 imperii,
2340 2171 2456 2240 sed
2498 2185 2563 2240 et

72 2256 171 2326 ¹ui
200 2262 417 2330 mentis
451 2260 816 2330 nobilitate
850 2261 1167 2350 insigniS‚
1225 2260 1590 2349 prudentia
1633 2260 2032 2350 singulam,
2113 2260 2559 2348 moribusque

64 2343 383 2506 iflffltlts,
445 2350 727 2421 cunctis
782 2349 913 2418 sibi
973 2350 1301 2439 subjectis
1359 2349 1549 2420 fieret
1618 2361 1708 2417 tot
1774 2350 2098 2418 virtutum
2166 2349 2560 2418 excellentia

45 2475 64 2498 ·.
98 2461 124 2492 ι·
260 2462 382 2508 iis.

55 2581 60 2586 -
132 2526 330 2610 518.
382 2528 513 2597 Hic
556 2548 721 2615 ergo
760 2527 1031 2617 imperii
1090 2528 1198 2597 sui
1249 2528 1627 2617 primordia
1675 2528 1927 2597 talibus
1979 2528 2320 2616 tantisque
2370 2526 2562 2596 dedi-

215 2615 499 2687 instituit
549 2615 907 2703 auspiciis,
939 2629 1013 2686 ut
1046 2616 1423 2686 incorrecta
1472 2617 2002 2705 corrigerentur,
2046 2620 2223 2687 bona
2256 2617 2562 2705 collapsa

63 2729 84 2756 ¹-
126 2699 479 2801 'gerentur,
554 2716 621 2773 et
667 2704 961 2791 quisque
1010 2705 1178 2774 ordo
1242 2706 1308 2773 in
1362 2727 1571 2796 regno
1620 2706 1749 2775 sibi
1806 2706 2050 2776 tradito
2116 2729 2247 2776 non
2304 2705 2559 2796 passim

17 2845 18 2852 ,
57 2805 282 2888 *ritate
302 2794 606 2879 jactatus
640 2815 679 2861 a
717 2793 990 2883 propria
1042 2793 1280 2893 regula
1319 2795 1767 2863 exorbitaret:
1823 2795 1936 2862 sed
1978 2795 2195 2865 laicus
2236 2795 2403 2865 ordo
2447 2795 2562 2882 ju-

270 2881 664 2962 deserviret‚
719 2894 923 2968 atque
970 2903 1185 2951 armis
1236 2904 1470 2971 pacem
1526 2895 1800 2953 sanctae
1849 2884 2190 2953 Ecclesiae
2237 2884 2560 2952 defende-

72 2974 185 3041 rat
219 2973 629 3044 monasticus
666 2970 835 3039 ordo
865 2971 1160 3057 quietem
1223 2971 1577 3061 diligeret,
1633 2972 1921 3040 orationi
1991 2986 2278 3053 vacaret,
2334 2987 2398 3042 et
2443 2972 2562 3059 qui

69 3097 78 3110 -·
120 3104 123 3105 ν
158 3060 401 3129 a-aeculi
458 3060 757 3128 fastibus
806 3061 1223 3139 secrevisset,
1260 3060 1515 3129 eisdem
1556 3061 1799 3130 iterum
1856 3083 1977 3130 nec
2031 3062 2397 3145 voluntate,
2442 3083 2562 3129 nec

67 3157 410 3218 *oi-minis
446 3160 666 3219 semet
715 3147 1075 3227 subderet;
1132 3148 1557 3238 Episcopalis
1606 3165 1831 3218 autem
1885 3150 2074 3229 ord0,
2136 3163 2209 3218 ut
2259 3150 2365 3218 his
2416 3173 2562 3218 om-

25 3229 232 3304 ··.·=ihus
266 3236 898 3328 superintenderet;
951 3237 1232 3315 scilicet,
1288 3253 1363 3307 ut
1410 3239 1467 3306 si
1523 3239 1643 3324 qui
1692 3238 1778 3307 ab
1831 3238 1936 3308 liis
1996 3252 2115 3306 aut
2163 3238 2508 3307 voluntate
2540 3293 2554 3318 ,

17 3369 18 3382 i
77 3333 159 3389 ut
198 3327 587 3395 necessitate
621 3325 992 3404 deviarent,
1036 3348 1274 3396 eorum
1318 3325 1549 3396 solerti
1591 3326 1844 3396 'udicio
1897 3326 2355 3416 prudentique
2393 3348 2560 3395 con-

19 3438 26 3445 ι
90 3406 185 3478 ilio
225 3413 302 3481 ad
354 3413 608 3484 lineam
662 3414 1096 3485 rectitudinis
1145 3418 1428 3484 correcti
1484 3349 1804 3487 redirent.
1865 3420 1937 3483 In
1989 3414 2268 3502 quibuS‚
2329 3427 2407 3483 ut
2464 3435 2562 3482 re-

59 3517 181 3567 em
210 3500 415 3584 decet,
460 3526 619 3573 curn
676 3502 875 3572 multi
913 3503 1289 3573 imitatione
1337 3504 1749 3595 dignissima
1792 3504 2046 3574 talibus
2084 3504 2236 3593 ejus
2286 3502 2564 3571 monitis

17 3633 20 3654 2
77 3587 421 3662 meberent
480 3592 1142 3681 obtemperantiam,
1201 3615 1358 3681 pars
1452 3595 1697 3662 horum
1768 3615 1899 3662 non
1978 3593 2265 3661 minima
2345 3591 2578 3661 extiti?

17 3705 20 3708 ¹
67 3675 433 3772 ’.εΙοιιηόιιε
466 3681 898 3752 venerandus
947 3682 1349 3772 Episcopus.
1391 3687 1455 3750 Is
1487 3683 1674 3750 enim
1728 3683 1972 3771 partim
2025 3682 2408 3750 divinitatis
2456 3680 2561 3748 in-

75 3773 300 3847 tinctu,
337 3780 403 3838 et
451 3770 789 3839 mercedis
830 3770 1108 3850 intuitu;
1149 3771 1397 3859 partim
1451 3793 1606 3840 vero
1638 3770 1852 3857 hujus
1891 3770 2338 3840 sacratissimi
2377 3770 2562 3858 prin-

59 3849 204 4008 ἱεὶς
250 3857 497 3927 talibus
546 3858 1046 3928 monitionibus
1081 3859 1426 3939 incitatu5‚
1465 3859 1781 3929 studebat
1830 3881 2243 3949 magnopere
2296 3858 2558 3958 plebem

57 3961 104 4002 ει
150 3963 165 4009 ι
207 3964 243 4010 a
293 3947 573 4016 Domino
623 3947 969 4027 traditam,
1034 3948 1370 4017 bonorum
1425 3970 1710 4038 operum
1762 3948 2104 4017 exercitiis
2154 3946 2558 4025 nobilitare,

77 4029 222 4100 ide
268 4033 463 4103 bonis
508 4035 592 4104 ad
639 4035 921 4105 meliora
970 4058 1241 4125 semper
1288 4037 1594 4118 evehere,
1635 4059 1713 4105 ac
1772 4038 1825 4105 si
1875 4035 2042 4122 quid
2099 4037 2164 4104 in
2216 4037 2565 4126 episcopio

63 4138 164 4184 wo
211 4122 563 4195 resedisset
608 4124 1088 4194 emendatione
1149 4124 1482 4215 dignum,
1549 4126 1704 4195 totis
1756 4126 2025 4195 nisibus
2092 4124 2156 4192 in
2212 4125 2559 4194 meliorem

85 4218 276 4279 tum
328 4233 483 4281 recu
536 4235 751 4282 erare.
812 4213 1002 4282 Unde
1050 4212 1226 4283 inter
1275 4227 1562 4295 caetera,
1616 4237 1792 4302 quae
1839 4212 2385 4283 emendationem
2448 4235 2565 4301 po-

69 4294 397 4381 -tulabant,
450 4235 696 4372 osstulit
730 4323 801 4371 se
844 4303 993 4392 ejus
1045 4301 1560 4372 munificentiae
1620 4301 1790 4372 cella
1839 4300 2224 4388 quaedam,
2285 4302 2569 4388 antiquo

74 4386 306 4491 nomine
356 4402 579 4460 vocata
608 4390 1020 4481 Andagium,
1055 4411 1233 4478 quae
1271 4390 1433 4460 olim
1466 4390 1744 4478 quidem
1789 4389 2365 4459 inhabitatoribus
2399 4409 2569 4477 pene
