2993 4837
92 333 250 397 NOV.
308 335 345 397 7
642 352 716 396 ns
765 353 818 398 s.
873 349 1275 398 ENGELaaaTo
1323 349 1618 398 anemae.
1676 351 2042 399 commatum
2405 337 2532 401 323

90 438 308 511 inerat,
356 448 450 516 ut,
491 435 552 503 si
606 435 669 503 in
708 436 926 504 turbis
978 437 1265 525 positus,
1307 436 1772 506 consideraret
1819 459 1898 505 ex
1934 450 2190 506 remoto
2243 460 2614 529 pauperem

90 524 197 592 sibi
249 523 435 611 loqui
485 523 845 605 volentem,
905 538 1099 605 nutu,
1155 524 1295 594 sive
1346 546 1465 615 per
1521 527 1880 605 nuncium,
1939 525 2135 595 illum
2194 541 2503 600 vocaret.
2558 542 2621 595 et

86 613 517 698 querimoniis
567 613 713 703 ejus
762 634 921 680 cum
976 612 1192 682 multa
1244 614 1571 702 patientia
1622 614 2022 703 perauditis,
2086 614 2451 686 efficaciter
2507 638 2620 684 ex-

86 701 347 789 pediret.
424 704 566 770 Hoc
643 700 920 791 saepius
989 701 1093 770 illi
1162 702 1534 792 contigisse
1603 716 1865 773 certum
1933 716 2056 773 est.
2129 708 2344 786 Quam
2416 704 2621 795 pleno

87 789 226 858 sinu
263 789 786 946 necessitatibus
834 789 1238 861 afflictorum
1296 791 1382 861 sit
1429 813 1860 880 compassuS,
1906 791 2218 880 subjecta
2266 792 2621 863 declarant

86 899 302 966 exemp
336 901 398 948 a.

159 969 189 1052 ξ
234 970 313 1038 8.
368 967 655 1037 Sedente
686 989 764 1036 eo
792 967 1107 1036 Coloniae
1145 968 1210 1036 in
1249 968 1502 1058 palatio
1553 968 1939 1059 Episcopali
1977 969 2044 1037 in
2074 970 2369 1059 judicio,
2409 971 2616 1039 vidua

85 1056 399 1141 quaedam
452 1078 735 1126 causam
788 1055 1075 1136 habens,
1132 1058 1418 1146 propius
1468 1057 1775 1138 accessit,
1833 1070 2069 1146 petens
2119 1060 2251 1128 sibi
2300 1060 2452 1128 dari
2502 1060 2620 1128 ad-

86 1157 398 1223 vocatum,
439 1145 557 1232 qui
592 1146 743 1233 ejus
788 1146 1258 1231 querimonias
1311 1158 1738 1235 proponeret.
1794 1147 1913 1214 Cui
1967 1147 2208 1218 beatus
2237 1149 2619 1238 Episcopus

86 1253 489 1322 eompassuS,
526 1233 1012 1303 advocatorum
1066 1233 1420 1302 avaritiam
1468 1256 1602 1303 non
1646 1235 1662 1301 i
1722 1256 1997 1316 noranS,
2053 1236 2300 1306 viduae
2335 1258 2619 1325 respon-

89 1321 211 1389 dit:
272 1348 294 1384 «
352 1328 538 1391 Bona
586 1323 913 1403 domina,
972 1322 1169 1391 liceat
1219 1322 1340 1391 tibi
1441 1344 1513 1391 ro
1564 1335 1625 1391 te
1700 1324 1913 1409 oqui:
1994 1338 2067 1393 tu
2144 1325 2390 1395 melius
2442 1326 2618 1396 nosti

88 1432 237 1495 quae
285 1412 656 1481 necessitas
688 1423 747 1479 te
782 1425 1042 1501 urgeat,
1097 1433 1306 1497 quam
1349 1434 1384 1479 a
1421 1411 1491 1480 ii.
1531 1434 1567 1478 »
1620 1412 2014 1482 Dicentibus
2065 1413 2405 1483 scabinis:
2444 1419 2596 1484 «Do

89 1500 271 1578 mine,
327 1500 456 1569 boc
505 1514 608 1569 est
654 1512 893 1569 contra
934 1498 1054 1588 jus
1095 1500 1496 1569 civitatis:»
1550 1522 1684 1569 non
1736 1501 2025 1571 advertit
2058 1502 2257 1571 verba
2297 1501 2612 1570 illorum:

91 1586 195 1656 hoc
244 1601 466 1657 tamen
519 1588 898 1675 adJ'iciens:
952 1612 989 1654 «
1042 1593 1171 1658 Nos
1221 1589 1393 1659 bene
1449 1588 1905 1678 intelligimus
1955 1589 2157 1659 verba
2204 1592 2444 1680 ejus.»
2475 1591 2619 1660 Alio

87 1690 389 1765 tempore,
430 1677 887 1746 descendente
926 1700 1005 1746 eo
1044 1677 1128 1746 de
1165 1678 1439 1766 palatiO,
1485 1679 1784 1747 occurrit
1817 1679 2127 1765 quidam,
2183 1680 2252 1748 in
2306 1679 2620 1770 partibus

89 1766 541 1852 superioribus
598 1768 825 1835 nescio
874 1788 911 1834 a
960 1787 1100 1853 quo
1146 1788 1218 1835 se
1267 1766 1634 1856 spoliatum
1694 1788 2146 1853 conquerens.
2204 1769 2332 1851 Qui
2387 1768 2616 1837 statim

90 1852 145 1919 in
233 1854 521 1924 radibus
566 1855 859 1945 gradum
916 1855 1134 1944 figens
1169 1909 1183 1935 ,
1240 1855 1330 1923 ita
1380 1868 1453 1924 ut
1503 1869 1648 1924 erat
1695 1856 1998 1925 vestibus
2046 1857 2128 1925 ad
2171 1858 2295 1926 iter
2351 1878 2619 1927 accom-

92 1962 182 2009 mo
233 1945 283 2011 is
334 1944 649 2023 indutuS,
705 1958 768 2013 et
817 1942 1207 2013 calcaribus
1258 1944 1663 2024 instructus,
1719 1944 2045 2024 substitit,
2084 1958 2148 2014 et
2197 1968 2354 2014 cum
2402 1945 2619 2014 multa

94 2032 385 2114 patientia
440 2032 785 2102 hominem
840 2032 1084 2101 audire
1132 2033 1374 2122 coepit.
1431 2031 1813 2101 Marestallo
1861 2032 1895 2067 ⁴¹
1934 2032 2248 2101 dicente:
2306 2035 2613 2112 Domine,

74 2121 409 2190 ascendite
461 2143 743 2220 equum,
798 2122 960 2208 quia
1011 2121 1114 2189 via
1167 2120 1371 2210 longa
1418 2133 1520 2190 est
1566 2135 1631 2190 et
1681 2134 1952 2210 tempus
2003 2121 2245 2189 breve:
2301 2123 2441 2190 acsi
2481 2143 2613 2189 non

98 2206 351 2289 audiret,
409 2210 760 2278 hommem
818 2209 1105 2289 monuit,
1161 2222 1235 2278 ut
1281 2231 1563 2278 causam
1625 2232 1820 2278 suam
1879 2222 2245 2299 peroraret.
2313 2214 2619 2295 Cumque

97 2294 299 2367 iterato
348 2297 680 2367 clamaret
729 2297 1178 2375 MarestalluS,
1233 2319 1606 2367 conversus
1655 2299 1736 2367 ad
1791 2297 1985 2366 illum
2042 2298 2422 2387 Episcopus
2472 2298 2612 2366 ait:

94 2408 120 2445 ε(
152 2388 326 2456 Modo
378 2387 730 2477 negotium
787 2385 1191 2476 produxisti.
1252 2410 1287 2453 »
1338 2392 1646 2474 Cumque
1697 2386 1892 2477 plene
1945 2387 2425 2468 intellexisset,
2495 2385 2619 2455 ubi

94 2473 172 2540 vel
218 2498 249 2542 a
284 2499 423 2563 quo
473 2476 806 2565 spoliatus
853 2488 1029 2545 esset
1082 2477 1308 2556 hom0,
1362 2479 1580 2545 accito
1621 2478 1908 2555 notari0,
1967 2477 2224 2546 litteras
2273 2477 2340 2545 in
2377 2474 2617 2545 eodem

96 2558 215 2630 loco
245 2581 305 2633 et
355 2564 566 2634 scribi
616 2579 678 2634 et
708 2565 1058 2654 obsignari
1085 2564 1319 2651 jussit,
1365 2587 1616 2651 easque
1649 2566 1792 2634 viro
1830 2565 2126 2646 tradens,
2182 2589 2216 2631 «
2252 2564 2455 2645 Vade,
2496 2563 2612 2642 ait,

93 2663 143 2717 et
184 2653 454 2723 ostende
487 2656 595 2734 ei,
650 2654 767 2739 qui
811 2655 932 2724 tibi
985 2667 1096 2722 tua
1157 2653 1491 2730 abstulit,
1552 2654 1672 2723 has
1723 2654 2028 2722 litteras:
2083 2667 2148 2722 et
2197 2653 2254 2722 si
2309 2653 2427 2723 tibi
2482 2674 2617 2721 non

94 2736 317 2810 fuerint
370 2744 677 2811 restituta
709 2796 723 2822 ‚
791 2763 1036 2812 rursus
1085 2742 1169 2810 ad
1223 2764 1329 2810 me
1386 2742 1617 2810 venias
1652 2797 1666 2822 ,
1720 2755 1785 2810 et
1830 2764 1956 2832 ego
2007 2743 2126 2812 tibi
2187 2742 2615 2811 tantumdem

97 2827 394 2898 reddam:
454 2855 489 2897 »
542 2832 775 2918 sicque
824 2853 1077 2918 equum
1130 2830 1463 2910 ascendit,
1500 2842 1564 2899 et
1596 2829 1786 2900 abiit.
1827 2831 2136 2901 Ostendit
2182 2844 2246 2900 et
2280 2829 2472 2901 aliud
2525 2831 2619 2900 si—

99 2936 280 3002 gnum
337 2941 631 3009 magnae
675 2921 963 3007 pietatis.
1019 2924 1210 2987 Anno
1263 2920 1646 3008 praeteritO,
1704 2942 1861 2988 curn
1899 2941 2170 2989 annona
2209 2920 2622 2989 venderetur

99 3023 190 3071 sex
224 3007 483 3089 solidis,
538 3022 601 3077 et
649 3030 727 3077 eo
775 3007 1101 3096 amplius,
1158 3020 1246 3088 et,
1298 3008 1480 3094 quod
1544 3008 1764 3096 magis
1808 3009 2048 3076 terruit
2096 3009 2436 3090 homines»,
2494 3030 2618 3077 nec

101 3090 299 3164 haberi
340 3095 622 3182 quidem
665 3109 884 3186 posset
926 3118 1044 3186 pro
1080 3097 1394 3185 pecunia,
1438 3119 1643 3166 naves
1677 3119 1837 3165 cum
1867 3117 2142 3164 annona
2176 3118 2613 3187 comparanS,

100 3186 470 3253 auctoritate
512 3207 637 3253 sua
687 3207 723 3253 e
773 3186 1118 3274 provincia
1172 3185 1569 3274 Moguntina
1619 3207 1732 3253 eas
1772 3184 1984 3273 jussit
2032 3183 2329 3266 adduci,
2384 3198 2448 3253 et
2499 3207 2622 3274 per

94 3272 414 3356 coenobia,
454 3294 632 3361 quae
685 3274 905 3362 magis
955 3273 1380 3363 indigebant,
1437 3273 1783 3344 distribui.
1841 3271 2090 3342 Eodem
2145 3285 2448 3361 tempore
2498 3278 2619 3342 Co-

94 3354 287 3428 loniae
318 3377 381 3430 et
417 3385 538 3453 per
573 3375 787 3430 totum
832 3362 1316 3451 Episcopatum
1369 3383 1603 3441 suum,
1658 3361 1739 3429 ad
1781 3360 1986 3430 totius
2026 3360 2413 3450 provinciae
2456 3361 2620 3430 sub-

94 3444 348 3530 sidium,
404 3452 802 3520 cerevisiam
854 3452 1056 3538 coqui
1109 3450 1433 3529 inhibuit,
1492 3449 1754 3518 malens
1808 3450 2125 3518 maximis
2178 3447 2614 3530 redditibuS,

92 3553 243 3617 quos
292 3540 660 3630 recipiebat
708 3540 794 3609 ab
843 3538 983 3609 illis
1028 3539 1146 3626 qui
1188 3538 1585 3609 cerevisiam
1636 3538 2043 3623 coquebant,
2097 3559 2351 3619 carere,
2406 3558 2614 3624 quam

90 3639 349 3705 questus
396 3629 501 3698 sui
552 3650 758 3698 causa
811 3627 1102 3718 populos
1149 3625 1329 3696 same
1380 3627 1624 3716 perire.
1694 3626 1954 3715 Spiritu
2019 3626 2286 3698 timoris
2345 3625 2619 3695 Domini

92 3709 337 3782 alienus
386 3739 514 3785 non
548 3729 737 3785 erat:
790 3717 955 3804 quia
994 3715 1231 3784 nullus
1264 3715 1477 3785 nostri
1523 3714 1848 3803 temporis
1896 3714 2300 3804 pontificum
2335 3736 2612 3786 summo

92 3800 372 3871 Pontifici
421 3805 581 3893 plus
643 3804 760 3874 illo
823 3805 1088 3874 timoris
1148 3817 1212 3873 et
1264 3803 1676 3873 reverentiae
1741 3804 2128 3874 exhibebat.
2197 3803 2390 3873 Unde
2449 3824 2611 3871 cum

92 3884 388 3959 dominus
434 3893 779 3962 Honorius
827 3898 1009 3984 Papa
1058 3904 1343 3962 mortem
1394 3893 1547 3993 ejus
1580 3891 2046 3982 deplangeret,
2102 3892 2356 3963 dixisse
2402 3889 2627 3959 fertur

11 4042 12 4045 ,
92 3970 199 4044 hoc
248 3979 566 4051 verbum:
621 4004 656 4048 «
694 3985 944 4052 Omnes
992 3981 1076 4050 de
1122 3983 1547 4062 Alemannta‚
1604 3981 1843 4051 timore
1892 3981 2046 4069 ejus
2096 4004 2204 4050 me
2258 3978 2614 4049 timebant.

92 4065 232 4133 Nam
291 4082 566 4160 propter
623 4070 1131 4152 obedientiam,
1192 4091 1400 4158 quam
1473 4076 1695 4161 Papae
1742 4081 1806 4139 et
1861 4071 2028 4159 Regi
2075 4068 2435 4146 exhibuit,
2506 4086 2626 4135 oc·-

9 4168 18 4241 ᾗ,
95 4151 255 4224 cisus
294 4170 413 4227 est.
459 4184 483 4220 ο

164 4244 330 4328 ὅθ.
382 4245 797 4334 Religiosos,
855 4247 1066 4318 immo
1123 4248 1194 4317 in
1252 4247 1594 4344 religiosis
1656 4246 2053 4325 Christum,
2124 4247 2216 4315 ita
2282 4245 2634 4313 honorare-

9 4350 12 4441 Ξ
97 4330 357 4413 studuit,
399 4346 483 4402 ut
533 4337 835 4422 personis
886 4337 1166 4425 privatis
1216 4348 1629 4426 assurgeret,
1669 4348 1734 4403 et
1771 4348 1904 4404 tam
1945 4334 2302 4405 humiliter
2332 4351 2492 4399 cum
2527 4331 2631 4398 eis

9 4466 12 4535 l

138 4455 154 4474 ³
180 4457 262 4497 Seu
282 4459 618 4505 Marescatcus,
635 4460 814 4502 scilieet
838 4471 1067 4512 equorum
1093 4465 1251 4504 custos
1272 4466 1318 4503 et
1341 4463 1543 4503 curator.
