2993 4837
83 294 281 453 σῃ
971 351 1050 395 na
1098 351 1151 396 s.
1204 347 1444 397 emoto
1495 351 1826 398 aoaaoueo
2478 335 2594 398 173

108 421 523 509 lanterium,
592 431 729 500 vel
798 446 1042 514 aceto,
1080 433 1175 502 vel
1210 434 1479 503 accensi
1522 434 1700 503 cerei
1750 435 2034 503 flamma
2072 447 2417 524 purgaret,
2477 435 2681 505 indu-

126 558 127 561 =
147 520 424 618 ,ntorum
454 540 848 602 suorum,
883 521 1215 611 aegrique
1244 534 1635 592 contactum
1672 522 1978 592 studiose
2004 536 2292 605 caveret,
2321 546 2448 593 sua
2477 524 2684 594 etiam

182 622 287 679 tim
332 620 693 691 mutaret,
738 611 1136 701 purgarive
1184 624 1477 692 curaret,
1525 625 1590 681 et
1629 611 1765 681 alia
1813 612 2201 700 ejusmodi:
2256 613 2684 702 Baptismum

169 720 367 780 ,nim
419 721 571 769 non
619 699 1058 791 mergend0‚
1111 712 1186 768 ut
1218 700 1650 770 Ambrosiani
1703 702 1877 769 ritus
1925 713 2049 781 est,
2107 700 2222 772 sed
2279 723 2530 788 aquam
2585 702 2688 770 in-

177 788 429 860 'mendo
466 788 896 858 ministrari
940 789 1298 859 concessit.
1354 794 1723 879 Impetrata
1772 790 2022 859 deinde
2070 790 2457 880 Apostolica
2489 812 2687 882 prae-

187 925 240 961 ,
280 892 367 949 ut
398 879 553 966 jam
613 878 972 967 inciperet
1021 878 1408 966 impartiri,
1474 877 1949 978 populumque
1983 878 2128 967 jam
2184 892 2395 949 totum
2443 880 2526 948 ad
2580 879 2688 948 di—

151 983 218 1028 ῑ·ιι
283 1000 297 1032 0
384 966 752 1037 auxilium
806 966 1327 1056 implorandum
1360 1022 1374 1047 ,
1436 972 1790 1053 Deumque
1840 989 1908 1035 1n
1963 967 2209 1056 primis
2267 968 2687 1058 placandum

129 1070 574 1136 verteret,
656 1055 985 1145 publicas
1048 1054 1590 1146 supplicationes
1655 1056 1922 1125 indixit.
1997 1058 2264 1127 Litteris
2311 1057 2513 1126 editis
2571 1079 2691 1146 po-

91 1163 133 1234 [ι
174 1168 327 1217 um
398 1145 864 1215 vehementer
908 1144 1304 1214 cohortatus
1343 1158 1443 1214 est
1475 1200 1490 1225 ,
1558 1157 1635 1214 ut
1689 1166 1841 1213 vere
1879 1145 2074 1235 jam,
2137 1157 2409 1233 totoque
2455 1147 2689 1215 animo

105 1249 347 1318 ret,
404 1235 780 1324 jejunium
832 1255 990 1302 cum
1039 1233 1543 1324 supplicatione
1589 1234 2058 1324 conjungeret,
2114 1254 2323 1322 quam
2375 1234 2689 1322 frequen-

69 1324 426 1394 imus
477 1322 934 1399 conveniret,
999 1335 1063 1391 et
1117 1344 1598 1410 quaecumque
1657 1336 1927 1412 posset.
1981 1323 2186 1391 etiam
2236 1324 2683 1404 extrinsecuS‚

241 1413 534 1483 tionis
612 1424 680 1480 et
729 1412 1182 1501 poenitentiae
1251 1411 1506 1480 indicia
1568 1433 1647 1480 ex
1709 1412 1942 1480 animo
2015 1412 2252 1481 daret:
2324 1425 2463 1481 tum
2535 1434 2691 1482 vero

61 1553 66 1558 -
101 1524 512 1593 uper-um
564 1501 943 1580 miseriam,
984 1512 1319 1589 quantum
1361 1512 1612 1590 posset,
1667 1500 1960 1601 quisque
1994 1500 2401 1583 sublevaret,
2439 1514 2504 1570 et
2539 1522 2692 1590 pro—

91 1614 251 1678 ,¹⁴¹⁰
326 1591 467 1660 die
521 1589 901 1670 dominico,
958 1587 1288 1679 postridie
1337 1611 1557 1658 nonas
1606 1589 1956 1670 Octobris,
2004 1590 2508 1661 sanctissimam
2563 1595 2689 1659 Eu·

95 1681 560 1758 aristiam,
619 1691 898 1767 peccata
947 1677 1302 1747 confessus
1336 1679 1747 1769 perciperet;
1785 1678 1906 1765 qui
1948 1677 2015 1747 id
2067 1678 2387 1759 facerent,
2434 1680 2519 1747 iis
2569 1701 2692 1748 au-

105 1771 429 1840 ritate
494 1766 858 1836 Pontificia
924 1766 1398 1856 plenissimam
1475 1778 1908 1856 peccatorum
1962 1769 2228 1836 veniam
2293 1768 2685 1847 concessit;

115 1859 389 1929 ‘inuit
438 1855 634 1924 diem
685 1855 885 1924 illum
937 1868 1410 1926 sacrosanctae
1457 1855 2070 1925 communicationi
2121 1857 2410 1936 dictum,
2456 1857 2691 1927 divino

125 1946 487 2026 eficio,
535 1965 751 2031 eoque
800 1945 1139 2034 singulari
1191 1945 1531 2035 insignem
1584 1967 1755 2025 esse,
1811 1945 1879 2012 in
1931 1967 2069 2031 quo
2120 1958 2276 2014 ante
2317 1967 2537 2015 annos
2586 1968 2689 2015 se-

151 2069 164 2092 -.
233 2067 252 2098 ⁸
318 2034 682 2104 Dominus
713 2033 1191 2104 admirabilem
1228 2049 1465 2103 contra
1499 2039 1754 2102 Turcas
1792 2033 2144 2103 victoriam
2185 2034 2267 2102 ad
2303 2034 2692 2104 Echinadas

165 2126 416 2202 ·'tus
467 2135 661 2192 erat:
718 2123 1004 2211 proinde
1045 2145 1212 2192 nova
1264 2144 1540 2210 quoque
1589 2135 1945 2211 sperarent
1978 2122 2250 2190 divinae
2290 2122 2693 2192 clementiae

167 2253 200 2280 .·
245 2214 493 2282 ficia.
536 2213 873 2293 Quoniam
917 2233 1076 2280 vero
1109 2211 1695 2301 supplicationum
1731 2211 1951 2301 gratia
1989 2232 2315 2299 magnum
2354 2232 2502 2280 esse
2531 2234 2693 2281 con-

185 2339 200 2364 .
254 2325 403 2371 um
459 2303 839 2390 oportebat,
898 2302 1309 2371 verebantur
1359 2301 1654 2369 maximo
1701 2300 1819 2389 qui
1857 2300 2163 2369 humano
2185 2299 2452 2386 judicio
2482 2299 2693 2370 duce-

96 2439 99 2442 >
179 2413 190 2455 ἰ
246 2405 405 2470 tur,
468 2411 554 2458 ne
606 2388 923 2479 pestifera
971 2391 1286 2480 contagio
1337 2390 1757 2476 morbusque
1810 2410 2225 2480 magnopere
2280 2403 2689 2480 augeretur:

191 2513 248 2543 ιι.
279 2502 421 2549 ue
474 2480 913 2568 Magistratus
960 2502 1099 2549 rem
1146 2479 1430 2548 minime
1479 2478 1887 2580 probabant,
1928 2500 2148 2564 neque
2202 2491 2453 2559 tamen,
2505 2492 2694 2550 tanto

261 2572 544 2639 0inente
592 2568 865 2636 divinae
914 2567 1535 2638 animadversionis
1584 2568 1913 2658 periculo,
1958 2589 2376 2657 magnopere
2428 2568 2695 2639 resiste-

197 2673 319 2740 ιιι,
355 2671 423 2726 et
468 2679 623 2726 vero
655 2658 857 2726 etiam
906 2657 1109 2727 rebus
1137 2658 1281 2745 jam
1327 2657 1393 2724 in
1436 2678 1792 2727 summum
1886 2679 2009 2726 ene
2048 2657 2432 2746 periculum
2472 2657 2696 2728 addu-

213 2794 282 2829 ..‚
320 2768 463 2816 non
509 2746 705 2815 valde
738 2745 1106 2835 periclitari
1150 2768 1226 2815 ea
1263 2747 1331 2814 in
1371 2768 1441 2814 re
1480 2746 1722 2817 civitas
1757 2747 1817 2814 vi
1871 2746 2135 2815 ebatur.
2178 2746 2458 2816 Carolus
2485 2748 2700 2837 igitur

108 2891 111 2892 ν
244 2858 326 2906 eo
381 2835 722 2926 perstitit,
770 2849 846 2904 ut
886 2834 969 2903 ad
1023 2835 1567 2925 supplicationes
1625 2836 2148 2904 conveniretur:
2198 2847 2471 2926 ternpus
2510 2838 2696 2906 enim

191 2924 264 3005 ζ-,ιι
324 2924 600 2994 tandem
650 2924 1028 3004 videbatur,
1080 2946 1238 2993 cum
1284 2923 1369 2992 ab
1414 2924 1741 2994 humanis
1791 2924 2141 3005 consiliis,
2202 2925 2700 3026 diligentiaque

108 3029 125 3038 *⁷
223 3013 424 3082 mime
477 3012 901 3103 penderent;
949 3014 1079 3082 vim
1137 3013 1455 3102 publicae
1505 3035 1582 3081 ac
1634 3013 2049 3100 conjunctae
2100 3015 2512 3104 precationis
2564 3038 2698 3085 non

203 3103 543 3182 mahat,
596 3101 856 3193 populo
921 3103 1317 3203 praesertim
1372 3101 1669 3179 afflicto,
1725 3101 2252 3189 salutariterque
2311 3118 2696 3174 commoto:

231 3189 349 3259 nul
395 3190 733 3282 exemplis
801 3212 1139 3280 majorum
1192 3190 1782 3270 confirmabatur,
1840 3203 1982 3260 tum
2037 3189 2435 3282 domesticis
2471 3247 2485 3272 ‚
2557 3206 2700 3261 tum

213 3312 268 3333 -··
322 3282 453 3360 niS,
499 3302 661 3350 nam
700 3279 863 3348 etin
895 3280 1104 3348 simili
1137 3302 1345 3349 causa
1378 3285 1443 3349 S.
1490 3280 1893 3368 Gregorium
1941 3279 2036 3347 ita
2070 3282 2371 3349 suasisse
2405 3280 2698 3360 sciebat;

102 3407 111 3412 ι
236 3370 580 3439 civitatem
636 3367 1237 3450 Mediolanensem,
1295 3382 1674 3458 acceperat,
1731 3390 1888 3437 cum
1944 3367 2109 3436 olim
2174 3368 2466 3437 triennio
2516 3381 2703 3459 peste

181 3456 516 3528 ‘'arasset
551 3513 566 3538 ‚
622 3478 848 3544 neque
909 3457 1332 3527 liberationis
1395 3479 1551 3547 spes
1625 3456 2143 3537 ostenderetur,
2186 3455 2268 3524 ad
2320 3468 2695 3526 extremum

92 3603 97 3608 .
199 3548 327 3617 »nni
379 3547 828 3616 multitudine
888 3547 1378 3627 conveniente,
1436 3546 1556 3615 reli
1618 3546 1892 3633 ioseque
1942 3559 2041 3614 ter
2099 3545 2563 3635 supplicatum
2616 3545 2700 3614 ad

209 3650 347 3707 tas
406 3637 735 3706 ecclesias
785 3648 989 3704 eunte
1026 3691 1041 3716 ,
1103 3635 1328 3705 subito
1401 3636 1577 3704 mira
1634 3635 1949 3721 iliterque
1999 3634 2357 3704 liberatam
2391 3689 2405 3716 ‚
2466 3634 2700 3704 minus

250 3749 292 3795 o
332 3737 481 3794 erat
519 3723 972 3804 incommodi,
1023 3724 1185 3810 quia
1233 3723 1549 3802 feminae,
1617 3724 1952 3813 puerique
2002 3724 2382 3793 incautiora
2434 3746 2508 3792 ca
2573 3723 2696 3804 ita,

177 3837 342 3883 mo
410 3814 685 3903 prodire
719 3813 865 3900 jam
918 3812 1137 3881 edicto
1189 3813 1369 3880 vetiti
1429 3825 1646 3881 erant.
1727 3814 1913 3881 Feria
1968 3825 2211 3899 quarta
2261 3835 2417 3882 cum
2476 3836 2511 3879 c
2544 3834 2702 3882 erus

196 3903 582 3996 npulusque
639 3902 1240 3988 frequentissimus
1292 3901 1356 3969 in
1413 3903 1739 3989 majorem
1793 3901 2154 3970 Basilicam
2221 3901 2696 3979 convenisset,

236 3993 318 4062 ad
360 3992 586 4062 sancti
639 3991 976 4060 Ambrosii
1032 3989 1495 4079 supplicatum
1538 3991 1788 4070 iretur,
1850 3991 2249 4080 priusquam
2299 3991 2363 4057 in
2404 3991 2578 4058 viam
2633 4014 2703 4059 se

182 4096 401 4162 rent,
442 4081 730 4152 Carolus
780 4079 1069 4158 cineres,
1125 4091 1294 4146 stata
1341 4079 1796 4168 poenitentiae
1833 4079 2359 4166 significatione,
2405 4079 2704 4169 singulis

169 4173 585 4262 υροηεὺειῐε
643 4170 873 4259 capita
928 4190 1080 4235 vero
1134 4167 1463 4252 plerique,
1518 4181 1580 4235 et
1622 4168 1749 4256 ipsi
1787 4189 2059 4254 quoque
2113 4169 2568 4255 Magistratus,
2610 4169 2704 4238 la·

169 4286 187 4317 ι’·-
252 4274 525 4332 mantes
561 4257 1090 4329 submittebant.
1130 4257 1252 4323 Ivit
1288 4255 1569 4325 Carolus
1618 4260 1859 4346 cappa,
1901 4272 1976 4324 ut
2016 4257 2388 4344 appellant,
2434 4257 2705 4327 funesta

76 4378 79 4429 2
171 4378 204 4429 .·
245 4353 433 4432 titus,
502 4350 715 4437 cujus
756 4346 1041 4435 caputio
1091 4356 1297 4433 caput
1351 4343 1667 4411 induerat
1717 4358 2273 4432 postremamque
2315 4357 2575 4434 partem
2626 4368 2705 4414 ex

69 4495 74 4533 =.
177 4444 437 4515 ειῑῐῑυῑο
469 4439 851 4533 prolixam,
881 4433 1159 4501 nemine
1189 4433 1568 4501 sustinente
1599 4433 1945 4513 trahebam
1982 4434 2186 4503 nudis
2212 4448 2354 4504 erat
2386 4433 2701 4522 pedibusz

2847 4459 2920 4502 f
