2993 4837
53 348 189 414 ΜΝ.
239 350 275 414 4
845 368 920 413 na
970 368 1023 414 s.
1079 366 1319 415 cAaoLo
1368 367 1701 415 nonnonao
2330 353 2461 418 229

54 452 473 538 atronumque
510 451 858 552 pericula;
902 453 1198 542 hospitia
1247 452 1709 532 incommoda,
1745 451 2022 543 frigora,
2062 453 2346 536 calores,
2386 476 2548 524 con·

53 539 369 621 emnebat;
401 539 668 626 quibus
700 539 788 609 de
826 540 1031 610 rebus
1068 562 1266 611 nemo
1296 552 1397 611 est
1429 540 1904 622 familiarium,
1945 542 2069 631 qui
2104 554 2377 632 paratas
2407 564 2544 614 non

54 629 240 697 tabeat
268 629 705 699 narrationes
740 628 1191 699 admiratione
1223 629 1473 731 dignas
1505 653 1521 710 ;
1574 629 1689 699 bic
1716 630 2008 699 verbani
2040 631 2235 701 lacus
2275 630 2540 714 undas»,

54 716 126 786 lle
156 718 480 807 Apennini
530 730 1004 806 tempestatem
1039 729 1105 787 et
1145 719 1454 788 turbines
1484 773 1500 799 ‚
1554 717 2049 809 alius'Alpium
2093 740 2302 811 rupes
2355 742 2548 810 prae-

53 819 251 895 ·uptas,
290 819 354 876 et
383 829 629 877 earum
677 807 928 876 diurna
977 818 1444 894 nocturnaque
1474 806 1778 896 pericula
1816 807 2248 889 recordatur;
2287 810 2543 878 mirum

53 916 161 964 vero
185 895 459 965 omnino
491 949 507 975 ‚
567 907 686 977 tot,
742 896 1085 983 tantisque
1126 896 1485 985 periculiS,
1538 909 1604 965 et
1641 895 1920 966 casibus
1956 897 2540 984 quoquemultiS,

54 1005 216 1068 teque
258 985 339 1062 ei,
396 1005 626 1071 neque
682 984 1010 1053 comitum
1060 985 1386 1072 cuiquam
1442 984 1602 1054 mali
1653 983 1912 1072 aliquid
1974 987 2320 1068 evenisse,
2391 985 2546 1076 pul-

53 1093 218 1141 rcrem
251 1085 502 1141 aestate
552 1072 645 1141 ab
684 1093 800 1142 ore
854 1093 989 1141 non
1030 1073 1476 1160 desjiciebat3
1525 1074 1796 1144 vestitas
1846 1095 2199 1161 nunquam
2253 1074 2548 1144 habebat

54 1182 266 1242 nanus,
315 1174 392 1231 ut
433 1162 716 1240 hieme;
770 1163 1167 1251 praesertim
1211 1162 1270 1231 si
1319 1161 1468 1232 loca
1510 1176 1832 1232 montana
1873 1164 2359 1252 asperioraque
2404 1164 2549 1234 obi-

54 1260 134 1328 tet,
169 1249 457 1319 tumidae
502 1262 861 1340 perpetuo,
909 1249 1285 1340 plenaeque
1323 1249 1677 1321 ulceribus
1706 1273 1744 1320 a
1800 1264 2116 1341 parerent
2147 1276 2163 1336 ;
2200 1252 2544 1323 neminem

53 1336 105 1404 id
143 1337 421 1427 hospitia
457 1338 833 1428 praemitti.
897 1341 1295 1428 praesertim
1349 1339 1599 1429 jejunii
1641 1339 1752 1408 die
1806 1362 1933 1413 us.
1998 1341 2427 1430 patiebatur;
2470 1354 2547 1410 ut

53 1425 225 1495 subito
266 1426 649 1497 adveniens
684 1483 699 1508 ‚
760 1427 1023 1514 aliquid
1083 1449 1356 1519 semper
1403 1428 1654 1498 addere
1701 1430 1849 1498 suis
1900 1442 2126 1518 posset
2170 1431 2549 1499 incommo-

53 1512 238 1583 lomm
273 1515 646 1586 thesauris.
702 1515 1020 1597 Pedibus,
1073 1518 1132 1585 si
1183 1530 1409 1586 tamen
1460 1517 1588 1586 hoc
1629 1518 1806 1586 inter
1853 1518 2072 1588 Caroli
2122 1518 2388 1587 labores
2423 1540 2549 1587 nu-

53 1620 257 1672 merare
276 1605 625 1686 convenit,
664 1626 785 1693 per
815 1605 1054 1675 urbem
1086 1606 1252 1675 ibat:
1290 1606 1422 1675 nisi
1456 1605 1830 1695 hospitium
1863 1606 2265 1678 Praesulum
2300 1610 2548 1676 caussa

53 1708 208 1776 equos
233 1692 577 1763 interdum
611 1692 1015 1774 adhiberet,
1069 1715 1317 1764 currus
1354 1715 1573 1782 neque
1609 1695 1675 1763 in
1711 1696 1906 1776 urbe,
1951 1717 2172 1783 neque
2200 1696 2269 1764 in
2305 1695 2548 1765 itinere

53 1778 427 1861 inminebat,
494 1782 685 1869 quod
731 1802 863 1851 non
919 1783 1012 1852 ita
1068 1782 1312 1853 decore
1361 1784 1654 1854 Antistes
1703 1783 1772 1852 in
1825 1784 1908 1853 iis
1946 1806 2096 1855 esse
2133 1784 2542 1861 videbatur.

53 1886 219 1954 neque
236 1892 396 1940 crux
424 1868 759 1959 praeferri
784 1871 949 1940 satis
968 1870 1286 1942 decenter
1311 1884 1561 1963 posset.
1588 1877 1842 1942 Romae
1872 1884 2097 1943 tamen
2119 1887 2541 1943 caeterorum

53 1970 253 2025 morem
293 1960 359 2028 in
399 1981 480 2028 eo
522 1960 987 2046 sequebatur:
1041 1982 1200 2030 nam
1250 1974 1316 2030 et
1364 1961 1456 2030 ibi
1506 1960 1726 2030 forma
1773 1982 1922 2031 esse
1971 1961 2382 2032 videbantur
2429 1961 2546 2030 de-

53 2045 328 2127 tentiore,
382 2047 813 2118 nostratibus
879 2049 1223 2120 interdum
1274 2072 1446 2119 usus
1493 2060 1594 2120 est
1659 2048 2009 2139 hospitum
2078 2049 2544 2120 cardinalium

53 2146 284 2228 eausam
333 2158 635 2222 quorum
679 2136 1086 2218 commodis,
1123 2138 1523 2228 praesertim
1560 2137 1613 2208 si
1651 2150 1879 2208 essent
1919 2138 2272 2221 imbecilli,
2310 2159 2548 2207 aman-

53 2221 259 2317 tissime
310 2225 692 2305 serviebat,
749 2224 1100 2302 lecticam,
1157 2226 1214 2295 si
1272 2225 1663 2297 vehiculum
1715 2226 2018 2296 Praesuli
2069 2227 2541 2297 adhibendum

53 2320 200 2405 asset,
229 2312 311 2381 ob
355 2312 715 2395 decorum,
767 2326 831 2382 et
867 2313 1138 2405 legendi
1170 2315 1752 2395 commoditate-m,
1799 2316 1869 2383 in
1908 2315 2152 2405 primis
2188 2315 2542 2406 probavit:

53 2412 277 2486 ipseque
314 2415 660 2491 postremo
701 2412 1005 2493 tempore
1056 2415 1198 2473 tum
1260 2403 1609 2495 hospitum
1655 2404 1723 2472 in
1782 2403 1952 2474 urbe
1987 2460 2002 2486 ,
2046 2417 2188 2474 tum
2233 2404 2341 2476 sui
2392 2425 2550 2474 suo-

53 2491 286 2574 rumque
313 2491 680 2560 commodo
712 2492 785 2560 in
822 2493 1064 2562 itinere
1093 2491 1434 2563 adhibuit.

112 2576 315 2659 §OQ
367 2579 800 2669 Praescripta
859 2581 1311 2662 medicorum,
1357 2603 1518 2651 cum
1568 2581 1655 2650 iis
1694 2603 1841 2651 sese
1887 2581 2281 2653 curandum
2336 2580 2545 2651 tradi-

53 2656 214 2744 ὓθτει,
253 2667 337 2736 ita
375 2669 672 2738 servavit
706 2723 721 2746 ,
775 2679 851 2737 ut
890 2669 1062 2738 nihil
1115 2684 1381 2760 praeter
1418 2691 1654 2739 eorum
1700 2670 2002 2758 jussum,
2059 2671 2159 2741 vel
2201 2669 2386 2757 quod
2441 2691 2546 2739 ve·

53 2743 340 2846 &amenter
374 2769 743 2846 expeteret,
807 2758 1123 2844 quamvis
1179 2758 1545 2827 minimum
1607 2759 1968 2860 reciperet,
2026 2759 2125 2829 vel
2166 2758 2347 2847 quod
2401 2780 2549 2828 ma-

52 2851 187 2932 ntne
218 2841 534 2926 horreret,
593 2860 937 2916 recusaret
983 2868 1291 2932 unquam
1328 2871 1342 2931 3
1395 2846 1513 2916 sed
1550 2868 1724 2933 quae
1755 2868 1824 2915 ln
1866 2868 1946 2917 eo
1979 2870 2226 2936 genere
2267 2846 2546 2918 serenda

54 2939 243 3010 essent,
290 2955 366 3002 ea
414 2945 739 3025 prompto
790 2935 1024 3005 animo
1063 2935 1147 3004 ad
1201 2934 1750 3004 exercitationem
1800 2937 2171 3027 asperioris
2219 2937 2393 3006 vitae
2442 2957 2543 3005 re·

56 3007 282 3101 ferebat,
324 3044 629 3110 cumque
662 3043 864 3111 saepe
898 3023 1261 3093 morositas
1294 3023 1660 3110 quaedam,
1708 3035 1912 3111 atque
1949 3024 2301 3095 fastidium
2338 3024 2550 3094 soleat

62 3109 327 3192 aegrotis,
378 3113 588 3181 etiam
655 3110 993 3201 religiosis
1060 3111 1484 3194 condonari,
1541 3133 1675 3181 non
1726 3125 1870 3183 erat
1920 3111 1988 3180 in
2055 3135 2134 3183 eo
2182 3111 2366 3199 quod
2418 3113 2547 3182 ser-

62 3202 199 3262 retur
227 3213 634 3290 aegrotante,
682 3202 904 3291 magis
940 3222 1150 3289 quam
1195 3199 1263 3269 in
1304 3199 1620 3282 valente3
1673 3201 1842 3288 quin
1899 3201 2102 3270 etiam
2160 3201 2388 3272 dicere
2437 3222 2546 3270 so-

58 3271 208 3362 lebat,
256 3287 319 3355 in
367 3289 735 3380 cujusdam
791 3289 1158 3380 voluptatis
1208 3289 1356 3359 loco
1414 3291 1731 3360 morbum
1784 3310 1856 3358 se
1904 3288 2156 3358 habere
2189 3345 2204 3371 ,
2257 3309 2415 3360 cum
2468 3309 2546 3356 eo

54 3373 319 3458 lemtim-e,
370 3378 651 3448 semotis
699 3379 908 3460 curis,
961 3378 1337 3465 quiescere,
1393 3399 1601 3465 seque
1650 3378 1878 3465 ipsum
1930 3376 2219 3448 liberius
2268 3376 2549 3445 daretur

54 3459 370 3551 attendere3
422 3468 481 3537 si
529 3466 810 3554 quando
857 3467 1145 3537 medicis
1209 3478 1564 3557 aegrotum
1612 3465 1829 3535 alium
1881 3487 1884 3488 ⁷
1944 3468 2136 3534 arere
2198 3465 2381 3535 nolle
2428 3486 2544 3534 co·

54 3561 369 3638 gnosceret,
421 3555 1004 3642 reprehendebat,
1056 3568 1122 3625 et
1161 3567 1238 3626 ut
1264 3554 1535 3635 faceret,
1572 3555 1869 3645 graviter
1958 3554 2335 3624 ortabatur.
2379 3556 2545 3622 Cum

54 3629 118 3698 sid
154 3639 249 3706 Dei
293 3643 825 3713 misericordiam
875 3643 1297 3733 pestilentiae
1336 3645 1585 3715 caussa
1619 3643 2158 3734 implorandam,
2205 3663 2349 3713 una
2381 3661 2540 3710 cum

58 3717 193 3814 §lero
216 3739 274 3795 et
299 3732 544 3820 populo
574 3731 658 3802 ad
700 3732 1077 3802 celebriora
1106 3732 1302 3803 urbis
1351 3732 1522 3814 loca,
1569 3754 1689 3803 seu
1736 3733 2037 3823 compita
2072 3730 2544 3822 supplicatum

54 3821 182 3891 net,
228 3833 663 3907 sanctumque
711 3820 988 3891 Clavum
1039 3819 1287 3902 ferret,
1345 3821 1586 3911 pedem
1640 3820 1907 3892 nudum
1972 3820 2237 3891 clathro
2277 3818 2491 3888 ferreo
2524 3871 2539 3899 ,

62 3911 160 3975 quo
198 3903 657 3979 subterraneae
703 3908 915 3978 cellae
955 3908 1246 3979 fenestra
1284 3909 1746 3991 muniebatur,
1804 3910 2127 4000 impegit,
2181 3923 2386 3995 atque
2417 3927 2542 3976 un·

54 3998 218 4078 {Sueto
263 3996 527 4084 majoris
574 3996 774 4087 digiti
834 3999 923 4066 ita
982 3998 1399 4078 summovit,
1451 4011 1529 4065 ut
1578 4010 1711 4068 tota
1763 3999 1892 4079 via,
1948 4018 2125 4085 quae
2176 3996 2391 4066 multa
2440 4017 2546 4065 re-

70 4073 253 4158 8ἶθῦἃῑ,
299 4084 564 4156 abunde
593 4086 1004 4176 sanguinem
1041 4085 1392 4155 funderet:
1448 4107 1669 4172 neque
1709 4099 1932 4155 tamen
1968 4086 2056 4155 ob
2095 4084 2356 4156 doloris
2390 4106 2547 4155 sen-

54 4173 240 4265 lum.
272 4171 381 4257 qui
437 4197 511 4242 ea
554 4184 746 4264 parte
792 4175 1160 4244 vehemens
1219 4195 1368 4245 esse
1418 4172 1636 4254 solet,
1691 4174 1775 4242 de
1833 4175 2112 4243 incessu
2156 4173 2539 4260 quidquam

54 4260 309 4350 ‘'effitstt,
358 4277 584 4331 narrat
635 4262 986 4343 medicus;
1038 4262 1548 4352 supplicatione
1579 4261 1861 4331 demum
1898 4272 2194 4351 peracta,
2235 4283 2393 4331 cum
2432 4285 2546 4333 ac-

77 4348 292 4412 oersttus
335 4362 525 4431 esset,
567 4350 871 4436 inspecto
921 4351 1226 4430 vulnere,
1268 4350 1698 4419 tolerantiam
1753 4349 1878 4417 viri
1928 4370 2000 4417 se
2047 4368 2194 4417 esse
2243 4349 2544 4420 admira-

84 4429 513 4524 ¹um‚cu1nque
565 4439 867 4520 dixisset,
935 4461 1086 4508 esse
1133 4460 1436 4529 unguem
1514 4439 1893 4509 necessario
1957 4436 2540 4513 abscindendum.

2611 4415 2702 4472 κί’
