2993 4837
459 332 622 402 918*

1156 350 1684 398 MARTYROLOGIUM
1747 349 2179 396 lLLUSTRATUH

2642 328 2771 395 oct.
2803 329 2849 393 li

371 437 581 507 narde,
612 434 865 510 aliisque
895 432 1072 493 elaris
1092 434 1488 510 scriptoribus
1517 435 1642 495 exi·
1701 440 1834 493 tans
1877 432 2138 493 consulis
2181 429 2421 501 odium,
2464 430 2536 490 :ib
2583 430 2728 506 liujus
2755 430 2858 488 iiiiii·

367 518 680 577 stimatur:
726 516 822 573 cui
887 529 1027 574 cum
1091 510 1472 575 Gaudentius
1536 530 1641 593 pro
1701 512 1861 572 tibus
1902 511 2165 572 fustibus
2206 528 2274 571 ac
2321 510 2612 588 lapidibus
2650 511 2861 585 impetitus

370 597 601 656 viribus
664 593 1004 662 restitisset,
1053 593 1381 668 imperator
1439 593 1641 655 conci-

367 673 520 734 lium
554 672 824 734 Arimini
857 671 1102 743 indixit,
1132 674 1331 749 specie
1364 674 1638 751 quidem,

368 761 432 814 ut
480 750 817 814 universali
868 751 1155 813 ecclesiae
1212 751 1366 813 bono
1421 769 1638 814 consu·

365 833 542 905 leret,
610 848 825 893 revera
888 838 1118 903 autem,
1173 839 1243 892 ut
1304 839 1505 909 patres
1567 833 1636 894 ad

365 910 874 985 subscribendum
915 908 1229 971 Sirmiensi
1265 913 1635 974 Ariauorum

366 992 720 1070 professioni
754 989 847 1052 vel
895 989 1166 1061 subdole,
1202 990 1295 1051 vel
1340 990 1640 1053 violenter

366 1072 612 1133 tandem
669 1071 1007 1132 induceret.
1068 1070 1297 1131 Verum
1342 1072 1636 1149 quadrin-

365 1155 534 1230 genti
561 1150 902 1228 etamplius
924 1148 1196 1211 catholici
1215 1165 1444 1223 omneS,
1468 1166 1640 1213 exce·

413 1233 485 1292 tis
524 1233 767 1293 Arianis
821 1230 1175 1308 paucis‚qui
1206 1242 1636 1305 convenerant,

364 1249 663 1389 sspiscopi,
686 1308 889 1370 dolum
917 1310 1072 1371 illico
1099 1312 1450 1384 sentienteS,
1473 1308 1640 1372 dam-

366 1401 597 1452 narunt
635 1392 1032 1451 sirmiensem
1079 1388 1535 1466 professionem,
1571 1407 1639 1452 ac

365 1471 502 1531 fidei
528 1469 827 1531 Nicaenae
860 1469 1183 1529 unanimes
1205 1469 1632 1547 subscripsere.

363 1550 705 1612 Praefectus
724 1556 853 1609 erat
875 1564 948 1609 eo
966 1557 1084 1607 tem
1098 1563 1239 1625 pore
1256 1548 1634 1610 Ariminensi

362 1628 596 1691 civitati
654 1628 843 1706 judex
895 1627 1339 1697 severissimus,
1390 1629 1638 1690 nomine

366 1708 624 1775 Taurus,
669 1708 765 1769 cui
824 1705 971 1768 haec
1016 1723 1118 1784 per
1160 1707 1391 1768 litteras
1456 1725 1634 1770 man-

362 1789 530 1850 dasse
591 1787 1015 1850 Constantium
1080 1793 1289 1847 narrat
1337 1787 1640 1865 Sulpitius

361 1867 654 1930 Severus:
700 1891 723 1923 a
754 1875 819 1927 ut
861 1865 1159 1943 synodum
1208 1881 1325 1927 non
1370 1874 1510 1929 ante
1557 1866 1636 1928 la-

365 1955 573 2019 xaret,
636 1962 817 2024 quain
882 1946 1231 2006 consentire
1298 1962 1360 2007 se
1425 1963 1639 2009 omnes

361 2027 904 2106 subscriptionibus
945 2027 1403 2102 profiterentur.
1451 2028 1536 2088 Ac
1587 2030 1632 2087 si

361 2108 499 2184 quis
565 2107 937 2186 pertinacius
999 2105 1398 2178 obsisterent,
1463 2109 1637 2168 dum-

364 2186 546 2248 modo
573 2202 867 2247 numerus
893 2185 1049 2246 intra
1080 2184 1431 2262 quindecim
1455 2195 1634 2259 esset,

363 2266 425 2325 in
471 2266 723 2327 exilium
758 2265 1165 2343 pelleretur.»
1210 2264 1433 2325 Verum
1478 2266 1635 2328 Gau·

361 2346 607 2406 dentius
641 2356 985 2423 caeterique
1015 2344 1284 2405 catholici
1318 2345 1635 2407 Antistites

363 2425 527 2486 hunc
574 2440 899 2486 numerum
931 2424 1326 2495 excedebant,
1372 2441 1634 2489 cernen-

360 2512 588 2583 tesque,
633 2504 780 2567 alios
821 2520 1031 2565 omnes
1075 2505 1296 2565 timore
1335 2506 1635 2582 perculsos

363 2584 746 2661 imperatoris
780 2583 1110 2645 violentiae
1153 2584 1386 2658 cedere,
1417 2603 1447 2646 a
1494 2603 1633 2647 con·

361 2662 522 2734 cilio,
542 2680 677 2725 mox
700 2668 761 2725 in
787 2663 1253 2724 conciliabulum
1277 2668 1633 2739 transitura,

358 2750 568 2818 sponte
590 2760 692 2804 sua
717 2760 778 2804 se
801 2742 1164 2814 subduxere,
1193 2745 1397 2805 virum
1423 2761 1634 2822 quem·

361 2821 498 2884 dam
538 2822 858 2899 eligenteS,
891 2823 990 2883 ubi
1024 2823 1399 2885 conciliabuli
1444 2841 1634 2886 even·

362 2908 494 2962 tum
538 2905 778 2964 eminus
820 2901 1185 2980 spectabant,
1229 2903 1634 2982 populumque

361 2983 600 3058 copiose
644 2981 788 3043 illuc
831 2982 1246 3044 confluentem
1283 2984 1345 3044 in
1390 2984 1511 3045 fide
1542 3000 1635 3046 ca-

362 3060 579 3122 tholica
612 3060 965 3124 solidabant.
997 3060 1181 3122 Vicus
1219 3070 1424 3124 autem
1472 3079 1634 3140 prae·

359 3142 556 3202 dictus
592 3140 901 3203 Galli-oli‘ca
943 3141 1224 3220 deinceps
1271 3142 1383 3203 fuit
1434 3144 1633 3222 appel-

358 3219 533 3294 latus,
551 3223 897 3299 meruitque
915 3221 1093 3298 hujus
1108 3222 1196 3283 rei
1220 3230 1634 3296 monumentO,

360 3299 714 3372 ann01637,
740 3318 769 3361 a
794 3299 1096 3361 Cardinali
1120 3300 1307 3378 Spada
1330 3302 1630 3366 decorari.

360 3377 534 3441 Hunc
586 3381 1001 3457 episcoporum
1065 3396 1363 3442 secessum
1424 3398 1634 3460 aeger·

361 3461 517 3521 rime
578 3459 840 3521 ferentes
904 3459 1240 3539 praefectus
1285 3461 1518 3523 Taurus
1577 3471 1636 3524 et

359 3538 567 3600 consul
613 3538 942 3600 Martianus
1003 3541 1303 3601 dirissima
1358 3558 1634 3620 quaeque

359 3618 641 3680 catholici
705 3620 1247 3694 machinabantur;
1313 3621 1413 3682 sed
1479 3621 1630 3684 nihil

358 3697 455 3759 his
498 3698 698 3761 territi
741 3699 956 3761 invicti
988 3698 1212 3760 Christi
1258 3700 1518 3778 pugileS‚
1566 3702 1631 3762 fi-

359 3777 491 3839 nito
525 3779 650 3855 jam
695 3778 1117 3853 conciliabulO,
1162 3781 1236 3841 ad
1285 3780 1456 3842 sedes
1499 3798 1633 3843 suas

359 3856 638 3936 plerique
676 3859 937 3921 rediere.
967 3857 1347 3921 Gaudentius
1387 3861 1632 3938 quidem

359 3953 499 3998 cum
561 3936 693 3999 aliis
758 3936 1070 4001 nonnullis
1122 3939 1479 4001 Ariminum
1544 3957 1635 4002 re-

360 4031 596 4090 versus,
639 4025 841 4079 coacto
904 4034 1047 4080 mox
1090 4018 1276 4091 clero,
1322 4027 1448 4082 act-a
1493 4036 1632 4082 coii-

356 4096 626 4157 ciliabuli
652 4098 960 4171 rescindit,
985 4104 1046 4159 et
1069 4098 1438 4161 Martianum
1466 4115 1634 4178 prae·

357 4175 699 4253 sbyteruui,
741 4178 1004 4239 consulis
1046 4182 1482 4257 propinquum,
1537 4196 1631 4241 ex·

359 4256 920 4317 communicationis
960 4255 1219 4320 fulmine
1252 4259 1531 4334 percutit,
1562 4275 1632 4320 eo

359 4331 516 4404 quod
580 4332 843 4395 Arianae
915 4336 1156 4398 factioni
1230 4339 1632 4415 pervicaciter

360 4407 739 4472 adhaereret:
789 4415 949 4478 unde
992 4416 1187 4477 acrius
1230 4418 1291 4477 iu
1322 4434 1384 4478 se
1428 4420 1630 4480 conci-

1698 601 1864 652 extra
1925 599 2156 669 portam
2200 591 2468 652 civitatis
2518 592 2752 662 martyrii
2789 589 2861 647 laa-

1698 687 1859 733 ream
1904 679 1994 731 est
2035 671 2288 747 adeptus
2328 686 2497 732 anno
2541 669 2749 730 Domini
2778 665 2860 735 wi,

1698 750 1920 811 Liberii
1968 749 2270 825 pontificis
2317 767 2498 810 non0.
2539 749 2854 833 Summae

1697 831 2025 892 devotione
2087 845 2291 891 sacrae
2333 828 2654 890 Gaudentii
2697 827 2847 905 epm

1695 919 1756 971 et
1779 910 2067 986 martyris
2087 911 2347 971 exuviae
2377 909 2659 970 coluntur
2686 904 2844 969 inalt-
2929 942 2930 945 =

1695 989 1779 1051 sia
1810 987 1870 1051 S.
1906 988 2206 1050 Francisci
2243 987 2471 1049 Montis
2517 988 2680 1048 Bodii
2706 983 2839 1048 inb

1697 1070 1811 1129 cesi
1863 1067 2338 1144 senogalliensi,
2385 1070 2539 1141 (ital.
2588 1063 2839 1147 Siniffl

1698 1148 1823 1220 ubi,
1863 1164 2029 1210 anno
2061 1147 2237 1219 1520,
2269 1146 2506 1209 delatae
2548 1156 2702 1208 sunt.

1902 1342 1959 1404 S.
2004 1341 2524 1406 FORTUNATUS
2565 1343 2739 1404 Erisc.

2059 1466 2214 1532 Obiit
2256 1485 2425 1530 aiano
2466 1468 2609 1531 537.

1775 1626 2130 1690 Manrrnoi..
2154 1660 2228 1672 —
2256 1628 2513 1690 Tuderti
2544 1630 2576 1663 ⁸¹
2601 1627 2760 1690 sancti
2781 1620 2860 1684 l'n·

1696 1725 1929 1768 Tauri
1989 1708 2265 1785 Episcopi
2302 1756 2317 1779 ,
2396 1711 2500 1785 qui
2567 1710 2671 1785 (iit
2738 1705 2862 1787 liat!

1693 1786 2033 1863 Gregorius
2060 1790 2280 1863 refert)
2325 1789 2389 1849 in
2420 1784 2862 1870 effugandis&

1700 1867 1858 1929 tibus
1921 1867 2255 1929 immundis
2326 1868 2658 1929 immensae
2712 1866 2862 1924 vii-tutu

1695 1947 1885 2024 gratia
1931 1947 2174 2007 enituit.

1761 2025 1822 2088 S.
1847 2026 2211 2087 Fortunatus
2227 2026 2626 2088 Tudertinam
2649 2022 2865 2086 ecclesis

1698 2122 1920 2167 novem
1984 2108 2184 2177 annis,
2227 2107 2459 2168 scilicet
2518 2108 2594 2169 ab
2639 2096 2864 2186 anno&

1696 2201 1886 2263 usque
1908 2186 1979 2247 ad
2008 2184 2149 2258 537,
2174 2189 2552 2248 sanctissime
2576 2184 2864 2262 gubernatu.

1698 2273 1935 2327 tantum
1966 2265 2029 2325 in
2061 2266 2387 2327 daemones
2422 2268 2728 2343 imperium
2758 2271 2866 2322 ex&-

1693 2360 1858 2411 ceus.
1889 2354 1980 2418 ut,
2013 2345 2071 2406 id
2105 2352 2362 2407 testante
2389 2345 2450 2408 S.
2484 2344 2747 2421 Gregorio
2763 2337 2867 2410 Pam

1694 2425 1786 2503 (in
1819 2424 2212 2505 Dialoqorum
2256 2425 2362 2488 lib.
2400 2426 2482 2500 1),
2516 2429 2742 2510 integras
2761 2433 2870 2479 nou·

1694 2519 2004 2582 nunquam
2070 2505 2337 2582 legiones
2398 2523 2474 2568 ex
2535 2505 2746 2567 obsessis
2779 2509 2868 2557 ear·

1696 2585 1943 2661 poribus
1967 2585 2224 2662 fugaret.
2247 2584 2362 2646 Vix
2383 2586 2498 2647 dici
2524 2593 2696 2664 potest
2715 2581 2866 2657 quanta

1690 2678 1831 2724 cum
1851 2665 2306 2741 magnificentia
2321 2664 2867 2744 splendore-quentia)

1696 2741 1870 2817 1596,
1912 2743 1973 2805 S.
2022 2742 2366 2817 Fortunati,
2399 2745 2747 2817 aliorumque
2777 2749 2866 2814 dm·

1695 2822 2868 2905 tuorsanctorumwidelicet,§.Romame

1690 2909 1750 2962 et
1794 2902 2023 2978 Dignae
2066 2904 2413 2979 virginum,
2447 2912 2508 2965 et
2544 2902 2640 2964 SS.
2684 2898 2863 2959 cassiani

1690 2989 1752 3043 et
1798 2980 2000 3044 Calisti
2046 2985 2470 3062 episcoporum
2503 2990 2560 3043 et
2584 2985 2864 3054 martyrum.

1690 3077 1890 3123 sacrae
1932 3064 2194 3125 exuviae
2226 3079 2300 3124 ex
2327 3062 2386 3124 S.
2417 3058 2713 3124 Fortunati
2747 3053 2860 3116 eceb

1691 3141 1813 3202 siae
1840 3141 2106 3203 sacristia
2158 3147 2223 3205 in
2273 3142 2438 3205 aliud
2474 3123 2858 3220 sepulcrumal

1691 3220 1864 3282 altari
1901 3237 2062 3281 iiovo
2091 3225 2153 3283 in
2182 3225 2438 3302 ipsamet
2478 3219 2703 3283 ecclesia
2744 3221 2858 3305 ln*

1695 3300 1844 3362 latae
1911 3299 2181 3364 fuerintl
2239 3301 2300 3365 S.
2360 3299 2652 3362 Fortunati
2709 3301 2863 3354 rina.

1690 3395 1798 3440 seu
1842 3382 2042 3459 potius
2087 3381 2380 3445 miracula
2426 3380 2648 3442 exhibet
2685 3373 2740 3436 S.
2758 3368 2866 3462 *Gr*

1692 3461 1893 3530 gorius
1937 3460 2086 3538 Papa
2124 3463 2183 3522 in
2216 3476 2403 3538 opere
2441 3459 2688 3538 superius
2722 3457 2867 3541 citato.

1694 3540 1817 3611 ubi,
1860 3556 1950 3610 ea,
1997 3556 2151 3618 quae
2219 3540 2427 3615 tradit,
2468 3556 2583 3601 sese
2639 3539 2866 3614 partina

1689 3618 1718 3678 J
1729 3619 1843 3680 ulia
1855 3635 1954 3693 u0‚
1975 3620 2260 3683 ecclesiae
2281 3621 2595 3684 defensore,
2610 3616 2706 3694 qui
2722 3607 2869 3692 Sfotj·

1691 3705 1902 3760 tunato
1987 3701 2203 3762 intima
2271 3700 2658 3762 familiaritate
2713 3701 2868 3750 conv}-

1690 3787 1878 3852 xerat,
1924 3780 2146 3857 partim
2189 3798 2220 3841 a
2265 3796 2410 3842 sene
2439 3778 2669 3857 quodam
2698 3766 2865 3829 ‘ruder-

1694 3859 1858 3929 tin0,
1931 3859 2032 3936 qui
2098 3875 2240 3921 eum
2309 3862 2571 3938 apprime
2626 3851 2861 3912 norem.

1690 3937 1980 4000 didicisse
2022 3939 2264 4000 fatetur.

1741 4083 1768 4108 'l‘
1796 4082 2046 4128 Tuder-eum,
2076 4081 2234 4123 italice
2255 4084 2378 4130 Todi',
2396 4077 2686 4129 antiquissimi*
2703 4065 2858 4110 Um

1689 4146 1810 4193 apud
1855 4143 2063 4186 Tiberim
2099 4146 2227 4186 urbs.
2273 4146 2379 4186 mic
2412 4149 2550 4185 ortum
2582 4135 2720 4179 habuit
2745 4129 2856 4169 w

1689 4217 1775 4247 nus
1796 4208 1819 4247 Ι
1839 4207 1920 4258 Pp.
