2993 4837
309 2732 314 2737 .
414 2678 860 2749 succedentes
906 2679 1196 2749 invicem
1247 2679 1491 2751 fratres
1538 2681 1622 2752 ad
1673 2681 2094 2753 cantandum
2124 2737 2140 2764 ,
2211 2681 2669 2773 legendumve
2734 2684 2801 2751 in
2845 2701 2933 2749 ec·

503 275 587 337 86
1138 290 1216 336 na
1263 290 1320 336 s.
1372 288 1693 337 ιΑιΑειιιΑ
1740 291 1839 337 ar.
1894 290 2236 337 memmae
2673 271 2833 337 ΜΝ.
2876 273 2907 336 3

412 374 829 446 conveniunt
869 373 1139 463 plebeS,
1193 373 1698 444 concubinatus
1749 375 2060 444 honestat
2113 373 2475 445 celebritas
2519 374 2905 464 nuptiarum.
2963 375 2964 434 ἶ

414 468 761 533 Postremo
808 462 907 532 sic
956 474 1215 532 mutata
1264 462 1332 531 in
1372 461 1622 533 melius
1659 463 1917 544 omnia,
1963 475 2043 533 ut
2078 462 2282 533 hodie
2332 461 2432 531 illi
2481 462 2664 552 genti
2700 483 2910 533 conve·

416 552 581 631 niat‚
635 549 821 639 quod
863 551 1195 622 Dominus
1235 572 1355 641 per
1402 552 1808 641 Prophetam
1849 552 2057 622 dicit:
2112 554 2245 635 Qui
2293 562 2449 621 ante
2505 574 2634 621 non
2661 554 2914 642 populas

411 663 620 720 meus,
657 664 833 710 nunc
860 642 1153 730 populus
1188 663 1375 709 meus
1403 640 1597 729 (Osee
1634 640 1732 729 tl).

500 731 538 816 ἓ
582 734 679 801 θ.
731 729 1024 819 Contigit
1058 740 1208 817 post
1239 750 1459 798 annos
1500 728 1759 815 aliquot
1792 728 2050 798 destrui
2086 729 2424 799 civitatem
2460 751 2504 799 a
2533 734 2711 819 Rege
2745 728 2915 816 Aqui·

416 816 673 888 lonaris
724 817 936 906 partis
989 817 1391 887 Hiberniae:
1443 818 1606 905 quia
1656 818 1745 888 ab
1793 816 2123 904 Aquilone
2171 817 2504 909 panditur
2554 839 2756 888 omne
2801 838 2918 885 ma·

415 905 586 976 lum.
640 911 716 975 Et
761 905 932 976 forte
981 905 1239 975 malum
1289 904 1460 975 illud
1516 906 1689 976 bene
1735 905 2089 977 utentibus
2122 906 2382 976 bonum
2419 905 2571 976 fuit.
2627 905 2788 989 Quis
2815 904 2920 975 scit

412 995 624 1074 enim,
661 994 718 1065 si
769 992 888 1065 tali
936 994 1210 1085 flagello
1257 998 1436 1064 Deus
1482 993 1709 1064 delere
1740 995 1955 1065 voluit
1994 994 2170 1064 mala
2202 995 2488 1082 antiqua
2522 995 2758 1086 populi
2791 993 2922 1064 sui?

414 1082 812 1153 Istiusmodi
866 1082 1237 1154 Malachias
1294 1083 1696 1154 necessitate
1745 1083 2201 1173 compulsus,
2255 1096 2320 1153 et
2378 1084 2527 1174 ipse
2585 1084 2746 1154 exiit
2787 1103 2920 1152 cum

413 1172 612 1242 turba
660 1172 1162 1262 discipulorum
1201 1193 1513 1242 suorum.
1567 1177 1698 1241 Nec
1747 1173 2010 1243 otiosus
2056 1172 2277 1243 exitus
2322 1172 2500 1261 ejus.
2566 1177 2710 1243 Hac
2754 1193 2924 1241 occa·

412 1260 604 1330 sione
654 1261 1147 1331 monasterium
1179 1259 1542 1331 [bracense
1574 1273 2048 1331 constructum
2083 1275 2208 1343 est,
2238 1274 2444 1331 eunte
2472 1261 2591 1331 illo
2622 1259 2920 1331 Malachia

412 1371 571 1419 cum
629 1349 778 1419 suis
827 1370 1115 1419 numero
1162 1361 1440 1419 centum
1490 1350 1732 1440 viginti
1785 1350 2132 1419 fratribus.
2189 1350 2288 1419 lbi
2340 1351 2646 1421 occurrit
2691 1350 2754 1418 ei
2798 1353 2923 1418 Gor·

413 1458 652 1508 macus
701 1444 859 1507 Rex.
911 1442 1068 1524 lpse
1104 1449 1229 1518 est,
1273 1438 1393 1525 qui
1432 1437 1597 1507 olim
1641 1461 1848 1526 regno
1883 1437 2150 1529 pulsuS,
2204 1439 2333 1509 sub
2379 1461 2544 1509 cura
2584 1437 2924 1509 Malachiae

412 1525 498 1595 de
531 1526 1002 1596 misericordia
1053 1527 1165 1596 Dei
1198 1525 1735 1598 consolationem
1786 1527 2072 1617 accepit.
2127 1532 2203 1597 Et
2252 1526 2442 1598 locus
2492 1527 2610 1598 ille
2664 1528 2833 1598 situs
2871 1525 2922 1593 in

413 1635 625 1705 regno
669 1614 846 1705 ejus.
901 1615 1189 1685 Gavisus
1235 1626 1340 1685 est
1388 1621 1524 1686 Rex
1575 1618 1719 1685 viso
1769 1616 2124 1697 Malachia,
2168 1637 2241 1686 se
2282 1628 2347 1686 et
2384 1617 2617 1685 omnia
2672 1638 2799 1686 sua
2837 1634 2927 1683 ex·

413 1724 678 1804 ponens
724 1703 787 1772 ei
818 1756 838 1784 ,
892 1717 959 1773 et
1004 1703 1116 1772 his
1160 1704 1285 1791 qui
1331 1726 1489 1774 cum
1540 1726 1621 1775 eo
1666 1719 1906 1774 erant:
1960 1716 2195 1794 utpote
2248 1727 2384 1776 non
2436 1706 2503 1774 in
2561 1719 2780 1785 ratuS,
2830 1724 2927 1771 nec

415 1813 780 1863 immemor
827 1791 1167 1862 beneficii.
1218 1791 1526 1863 Adducta
1568 1793 2021 1864 incontinenti
2053 1794 2382 1864 animalia
2414 1815 2532 1864 mu
2568 1807 2636 1863 ta
2667 1792 2754 1863 ad
2790 1811 2928 1862 usus

412 1878 744 1950 fratrum:
802 1879 1016 1950 multa
1057 1881 1344 1972 insuper
1390 1882 1461 1951 in
1510 1902 1682 1952 auro
1728 1895 1794 1951 et
1839 1895 2122 1973 argento
2169 1881 2254 1952 ad
2306 1896 2671 1973 sumptum
2722 1878 2929 1951 aedifi·

409 1969 672 2038 ciorum
710 1989 834 2059 pro
869 1971 1056 2060 regia
1103 1969 1511 2040 liberalitate
1554 1971 1826 2041 collata.
1881 1976 2034 2062 Ipse
2080 1993 2355 2071 quoque
2399 1983 2546 2046 erat
2596 1971 2928 2041 intranset

411 2056 646 2129 exiens
707 2080 866 2128 cum
929 2059 1031 2129 eis
1089 2057 1375 2130 sedulus
1430 2070 1499 2129 et
1541 2059 1892 2130 officiosus
1953 2059 2196 2130 habitu
2250 2060 2528 2148 quidem
2583 2065 2725 2130 Rex
2761 2114 2776 2142 ‚
2837 2054 2926 2128 sed

411 2146 645 2216 animo
692 2146 1081 2248 discipulus
1128 2147 1526 2218 Malachiae.
1579 2154 1657 2218 Et
1703 2148 2048 2219 benedixit
2097 2148 2243 2218 loco
2292 2148 2393 2218 illi
2437 2149 2776 2219 Dominus
2809 2159 2966 2237 pro-¹

412 2247 560 2326 pter
609 2235 1038 2306 Malachiam.
1092 2240 1171 2305 Et
1214 2236 1282 2305 in
1353 2236 1537 2307 brevi
1605 2237 1828 2308 factus
1874 2249 1977 2310 est
2026 2259 2135 2307 ma
2191 2256 2322 2307 nus
2373 2237 2579 2308 rebus
2612 2292 2630 2319 ,
2691 2248 2929 2328 posses-

412 2324 729 2395 sionibus
773 2337 839 2393 et
886 2324 1223 2414 personis.
1279 2324 1404 2395 Ubi
1452 2325 1638 2396 velut
1684 2326 1769 2396 de
1819 2347 1991 2395 novo
2040 2326 2153 2396 inc
2205 2347 2399 2406 oanS,
2466 2325 2690 2416 legem
2743 2337 2808 2396 et
2848 2322 2932 2392 di·

411 2411 804 2504 sciplinam,
855 2434 1065 2501 quam
1113 2412 1270 2514 aliis
1317 2413 1736 2504 imponebat,
1797 2415 2017 2507 magis
2051 2416 2198 2507 ipse
2232 2416 2543 2507 portabat
2577 2415 2931 2507 Episcopus

412 2513 477 2572 et
511 2524 618 2572 ma
676 2502 857 2572 ister.
911 2505 1069 2592 lpse
1122 2524 1186 2571 tn
1245 2502 1487 2573 ordine
1537 2504 1706 2574 vicis
1753 2527 1963 2586 suae,
2022 2505 2361 2592 coquinae
2424 2504 2814 2576 ministerio
2849 2502 2930 2571 in·

410 2590 626 2659 servie
677 2601 780 2660 at:
835 2589 984 2691 ipse
1030 2589 1404 2673 fratribus,
1455 2613 1615 2662 cum
1671 2594 2197 2675 recumberent,
2254 2593 2721 2664 ministrabat.
2777 2596 2932 2662 Inter

410 2765 642 2848 clesia‚
686 2788 822 2836 non
874 2788 948 2837 se
981 2768 1332 2859 praeteriri
1382 2770 1791 2860 patiebatur,
1845 2783 2124 2841 strenue
2172 2771 2471 2862 implens
2517 2782 2583 2840 et
2632 2770 2786 2860 ipse
2814 2765 2934 2838 offi-

414 2855 598 2925 cium
652 2854 800 2927 loco
847 2877 998 2938 suo,
1052 2869 1188 2928 tam
1245 2879 1402 2927 uam
1452 2880 1642 2929 unus
1684 2881 1766 2929 ex
1818 2858 1979 2929 illis.
2033 2864 2319 2930 Sanctae
2360 2859 2794 2950 paupertatis
2823 2877 2932 2926 non

414 2943 619 3014 modo
655 2944 1085 3036 participem,
1123 2967 1196 3016 se
1275 2958 1343 3016 et
1374 2946 1758 3037 principem
1795 2969 1869 3017 se
1897 2947 2286 3030 exhibebat,
2325 2948 2548 3040 ipsius
2588 2947 2936 3039 praecipue

413 3053 496 3102 su
548 3054 623 3103 er
669 3055 911 3104 omnes
956 3034 1431 3105 abundantius
1462 3036 1844 3107 aemulator
1879 3037 2201 3108 existens,

584 3124 739 3194 ss).
793 3126 967 3192 Dum
1019 3124 1186 3194 haec
1236 3123 1326 3194 ita
1374 3137 1703 3215 aguntur,
1755 3125 2038 3217 contigit
2097 3124 2438 3195 infirmari
2485 3124 2936 3215 Archiepisco·

413 3231 580 3299 pum
632 3209 928 3292 Celsum3
979 3225 1045 3283 et
1091 3213 1239 3303 ipse
1296 3225 1421 3292 est,
1473 3214 1593 3300 qui
1645 3212 2047 3284 Malachiam
2100 3216 2169 3285 in
2220 3213 2619 3295 Diaconem,
2677 3211 2937 3300 Presby-

411 3312 659 3381 terum,
713 3299 1270 3391 Episcopumque
1300 3301 1669 3372 ordinavit.
1720 3307 1798 3373 Et
1847 3325 1926 3373 co
1979 3325 2292 3384 noscens,
2344 3303 2510 3390 quia
2554 3313 2968 3375 moreretur-1

410 3387 568 3457 fecit
604 3388 805 3476 quasi
856 3401 1383 3460 testamentum:
1437 3404 1780 3478 quatenus
1839 3397 1941 3462 Ma
1974 3392 2210 3462 achias
2256 3390 2532 3461 deberet
2593 3388 2936 3487 succedere

412 3476 567 3557 sibi,
623 3478 806 3565 quod
861 3477 1098 3549 nullus
1149 3478 1332 3548 alius
1380 3478 1724 3550 videretur
1769 3479 2084 3572 dignior,
2152 3480 2270 3569 qui
2326 3480 2558 3570 episco
2610 3493 2846 3550 aretur
2878 3498 2933 3544 ιιι

411 3564 570 3635 sede
619 3566 867 3656 prima.
913 3571 1054 3636 Hoc
1105 3567 1579 3657 praesentibus
1628 3568 1894 3650 indixit,
1949 3570 2078 3640 hoc
2128 3568 2482 3639 mandavit
2516 3591 2553 3639 a
2610 3568 2928 3641 sentibus,

414 3653 542 3724 hoc
591 3653 981 3745 specialiter
1028 3656 1366 3726 ambobus
1416 3659 1806 3728 Mumoniae
1853 3657 2178 3749 Regibus,
2215 3670 2281 3728 et
2317 3657 2697 3747 majoribus
2739 3671 2935 3727 terrae

413 3743 632 3814 sancti
684 3743 956 3814 Patricii
1004 3745 1406 3815 auctoritate
1455 3746 1822 3838 praecepit.
1877 3748 2088 3837 Cujus
2135 3746 2510 3817 reverentia
2556 3759 2620 3815 et
2670 3746 2932 3815 honore.

412 3844 761 3919 tamquam
791 3832 1088 3922 Apostoli
1138 3832 1328 3904 illius
1356 3835 1604 3925 gentiS,
1649 3836 1770 3923 qui
1819 3847 2025 3907 totam
2066 3835 2355 3926 patriam
2390 3834 2834 3906 convertisset
2863 3828 2931 3899 ad

414 3919 643 4002 fidem,
699 3920 893 3994 sedes
944 3920 1086 4003 illa,
1142 3922 1210 3990 in
1248 3944 1385 4009 qua
1433 3935 1501 3994 et
1557 3924 1789 3994 vivens
1845 3924 2162 4015 praefuit,
2214 3936 2280 3995 et
2330 3935 2643 3994 mortuus
2692 3920 2933 4009 requie-

416 4009 567 4090 scit,
623 4010 691 4078 in
732 4021 918 4081 tanta
964 4008 1052 4080 ab
1101 4011 1297 4081 initio
1342 4015 1575 4083 cuncti
1614 4013 2045 4083 veneratione
2090 4014 2419 4084 habetur:
2465 4024 2540 4082 ut
2576 4033 2707 4081 non
2753 4006 2932 4079 modo

412 4097 778 4189 Episcopi,
829 4111 894 4169 et
958 4099 1341 4171 sacerdotes
1373 4155 1388 4182 ‚
1448 4114 1515 4172 et
1573 4103 1696 4190 qui
1752 4101 1836 4172 de
1899 4102 2083 4173 clero
2147 4114 2350 4183 sunt,
2403 4100 2518 4172 sed
2568 4100 2770 4171 etiam
2823 4102 2932 4190 Re?

412 4208 576 4276 gum
615 4209 693 4256 ac
739 4188 1137 4288 principum
1188 4189 1602 4261 universitas
1650 4190 1959 4281 subjecta
1988 4190 2614 4281 sitMetropolitano
2644 4189 2713 4257 in
2761 4203 2928 4255 omni

412 4274 823 4355 obedientia,
878 4289 944 4348 et
992 4299 1175 4349 unus
1225 4278 1370 4368 ipse
1418 4280 1746 4350 omnibus
1800 4281 2074 4370 praesit.
2127 4286 2374 4350 Verum
2418 4301 2566 4348 mos
2613 4276 2930 4369 pessimus

418 4363 792 4435 inoleverat
862 4365 1325 4453 quorumdam
1403 4366 1744 4437 diabolica
1816 4369 2190 4439 ambitione
2263 4379 2647 4460 potentum,
2721 4361 2923 4436 sedern
