<?xml version="1.0" encoding="UTF-8"?>
<!DOCTYPE html PUBLIC "-//W3C//DTD XHTML 1.0 Transitional//EN"
    "http://www.w3.org/TR/xhtml1/DTD/xhtml1-transitional.dtd">
<html xmlns="http://www.w3.org/1999/xhtml" xml:lang="en" lang="en">
 <head>
  <title>
</title>
<meta http-equiv="Content-Type" content="text/html;charset=utf-8" />
  <meta name='ocr-system' content='tesseract 3.04.00' />
  <meta name='ocr-capabilities' content='ocr_page ocr_carea ocr_par ocr_line ocrx_word'/>
</head>
<body>
  <div class='ocr_page' id='page_1' title='image "./historiaeseuvit05lippgoog_0744.png"; bbox 0 0 2993 4837; ppageno 0'>
   <div class='ocr_carea' id='block_1_1' title="bbox 545 301 2924 400">
    <p class='ocr_par' dir='ltr' id='par_1_1' title="bbox 545 301 2924 400">
     <span class='ocr_line' id='line_1_1' title="bbox 545 301 2924 400; baseline -0.004 -29"><span class='ocrx_word' id='word_1_1' title='bbox 545 307 672 371; x_wconf 80' lang='lat'><strong>688</strong></span> <span class='ocrx_word' id='word_1_2' title='bbox 1250 320 1328 365; x_wconf 81' lang='lat' dir='ltr'><strong>ns</strong></span> <span class='ocrx_word' id='word_1_3' title='bbox 1376 319 1432 365; x_wconf 90' lang='lat' dir='ltr'><strong>s.</strong></span> <span class='ocrx_word' id='word_1_4' title='bbox 1487 319 1682 365; x_wconf 76' lang='lat' dir='ltr'><strong>rsrno</strong></span> <span class='ocrx_word' id='word_1_5' title='bbox 1730 319 1828 365; x_wconf 74' lang='grc' dir='ltr'><strong>ΕΡ.</strong></span> <span class='ocrx_word' id='word_1_6' title='bbox 1882 319 1956 364; x_wconf 74' lang='lat' dir='ltr'><strong>m</strong></span> <span class='ocrx_word' id='word_1_7' title='bbox 2006 319 2194 365; x_wconf 62' lang='lat' dir='ltr'><strong>usar.</strong></span> <span class='ocrx_word' id='word_1_8' title='bbox 2654 301 2784 366; x_wconf 51' lang='lat' dir='ltr'><strong>Now.</strong></span> <span class='ocrx_word' id='word_1_9' title='bbox 2815 302 2868 363; x_wconf 69' lang='lat'><strong>26</strong></span> <span class='ocrx_word' id='word_1_10' title='bbox 2923 341 2924 400; x_wconf 31' lang='grc'>1</span> 
     </span>
    </p>
   </div>
   <div class='ocr_carea' id='block_1_2' title="bbox 457 403 2924 2961">
    <p class='ocr_par' dir='ltr' id='par_1_2' title="bbox 457 403 2924 1648">
     <span class='ocr_line' id='line_1_2' title="bbox 459 403 2924 497; baseline -0.002 -21"><span class='ocrx_word' id='word_1_11' title='bbox 459 431 619 497; x_wconf 79' lang='lat' dir='ltr'><strong>ergo</strong></span> <span class='ocrx_word' id='word_1_12' title='bbox 664 404 1073 475; x_wconf 86' lang='lat' dir='ltr'><strong>commendo</strong></span> <span class='ocrx_word' id='word_1_13' title='bbox 1104 427 1221 474; x_wconf 91' lang='lat' dir='ltr'><strong>vos</strong></span> <span class='ocrx_word' id='word_1_14' title='bbox 1267 409 1394 472; x_wconf 92' lang='lat' dir='ltr'><strong>Deo</strong></span> <span class='ocrx_word' id='word_1_15' title='bbox 1427 416 1492 472; x_wconf 90' lang='lat' dir='ltr'><strong>et</strong></span> <span class='ocrx_word' id='word_1_16' title='bbox 1533 404 1736 472; x_wconf 87' lang='lat' dir='ltr'><strong>verbo</strong></span> <span class='ocrx_word' id='word_1_17' title='bbox 1784 403 2042 492; x_wconf 87' lang='lat' dir='ltr'><strong>gratiae</strong></span> <span class='ocrx_word' id='word_1_18' title='bbox 2088 403 2260 491; x_wconf 73' lang='lat' dir='ltr'><strong>ejus¹</strong></span> <span class='ocrx_word' id='word_1_19' title='bbox 2305 405 2428 490; x_wconf 89' lang='lat' dir='ltr'><strong>qui</strong></span> <span class='ocrx_word' id='word_1_20' title='bbox 2478 415 2686 491; x_wconf 88' lang='lat' dir='ltr'><strong>potens</strong></span> <span class='ocrx_word' id='word_1_21' title='bbox 2713 419 2785 470; x_wconf 82' lang='lat' dir='ltr'><strong>est</strong></span> <span class='ocrx_word' id='word_1_22' title='bbox 2802 425 2877 471; x_wconf 72' lang='lat' dir='ltr'><strong>vos</strong></span> <span class='ocrx_word' id='word_1_23' title='bbox 2923 413 2924 430; x_wconf 65' lang='lat'>¹</span> 
     </span>
     <span class='ocr_line' id='line_1_3' title="bbox 457 492 2924 580; baseline -0.004 -16"><span class='ocrx_word' id='word_1_24' title='bbox 457 495 843 572; x_wconf 84' lang='lat' dir='ltr'><strong>aedificare,</strong></span> <span class='ocrx_word' id='word_1_25' title='bbox 898 505 965 561; x_wconf 90' lang='lat' dir='ltr'><strong>et</strong></span> <span class='ocrx_word' id='word_1_26' title='bbox 990 492 1469 562; x_wconf 89' lang='lat' dir='ltr'><strong>immaculatos</strong></span> <span class='ocrx_word' id='word_1_27' title='bbox 1505 514 1625 580; x_wconf 91' lang='lat' dir='ltr'><strong>per</strong></span> <span class='ocrx_word' id='word_1_28' title='bbox 1656 493 1890 561; x_wconf 88' lang='lat' dir='ltr'><strong>omnia</strong></span> <span class='ocrx_word' id='word_1_29' title='bbox 1922 513 2351 562; x_wconf 88' lang='lat' dir='ltr'><strong>conservare.</strong></span> <span class='ocrx_word' id='word_1_30' title='bbox 2392 516 2427 558; x_wconf 67' lang='lat' dir='ltr'><strong>s</strong></span> <span class='ocrx_word' id='word_1_31' title='bbox 2463 497 2537 561; x_wconf 89' lang='lat' dir='ltr'><strong>Et</strong></span> <span class='ocrx_word' id='word_1_32' title='bbox 2568 492 2706 561; x_wconf 85' lang='lat' dir='ltr'><strong>haec</strong></span> <span class='ocrx_word' id='word_1_33' title='bbox 2727 492 2882 560; x_wconf 80' lang='lat' dir='ltr'><strong>dicens</strong></span> <span class='ocrx_word' id='word_1_34' title='bbox 2923 535 2924 554; x_wconf 40' lang='lat'>1</span> 
     </span>
     <span class='ocr_line' id='line_1_4' title="bbox 460 580 2924 671; baseline -0.002 -19"><span class='ocrx_word' id='word_1_35' title='bbox 460 590 530 652; x_wconf 87' lang='lat' dir='ltr'><strong>B.</strong></span> <span class='ocrx_word' id='word_1_36' title='bbox 597 590 834 653; x_wconf 85' lang='lat' dir='ltr'><strong>Petrus</strong></span> <span class='ocrx_word' id='word_1_37' title='bbox 897 582 1301 671; x_wconf 75' lang='lat' dir='ltr'><strong>Episcopus,</strong></span> <span class='ocrx_word' id='word_1_38' title='bbox 1372 580 1719 650; x_wconf 89' lang='lat' dir='ltr'><strong>inclinans</strong></span> <span class='ocrx_word' id='word_1_39' title='bbox 1782 601 2007 670; x_wconf 87' lang='lat' dir='ltr'><strong>genua</strong></span> <span class='ocrx_word' id='word_1_40' title='bbox 2065 603 2192 650; x_wconf 90' lang='lat' dir='ltr'><strong>sua</strong></span> <span class='ocrx_word' id='word_1_41' title='bbox 2239 581 2488 661; x_wconf 88' lang='lat' dir='ltr'><strong>oravit;</strong></span> <span class='ocrx_word' id='word_1_42' title='bbox 2551 594 2613 650; x_wconf 90' lang='lat' dir='ltr'><strong>et</strong></span> <span class='ocrx_word' id='word_1_43' title='bbox 2651 580 2924 669; x_wconf 48' lang='lat' dir='ltr'><strong>completa*</strong></span> 
     </span>
     <span class='ocr_line' id='line_1_5' title="bbox 457 669 2924 759; baseline -0.002 -18"><span class='ocrx_word' id='word_1_44' title='bbox 457 674 784 751; x_wconf 88' lang='lat' dir='ltr'><strong>oratione,</strong></span> <span class='ocrx_word' id='word_1_45' title='bbox 818 670 1008 739; x_wconf 81' lang='lat' dir='ltr'>dixit:</span> <span class='ocrx_word' id='word_1_46' title='bbox 1066 693 1101 736; x_wconf 86' lang='lat'>«</span> <span class='ocrx_word' id='word_1_47' title='bbox 1131 674 1329 739; x_wconf 89' lang='lat' dir='ltr'><strong>Orate</strong></span> <span class='ocrx_word' id='word_1_48' title='bbox 1362 692 1484 759; x_wconf 94' lang='lat' dir='ltr'><strong>pro</strong></span> <span class='ocrx_word' id='word_1_49' title='bbox 1521 691 1650 749; x_wconf 90' lang='lat' dir='ltr'><strong>me,</strong></span> <span class='ocrx_word' id='word_1_50' title='bbox 1688 669 1953 749; x_wconf 86' lang='lat' dir='ltr'><strong>fratres;</strong></span> <span class='ocrx_word' id='word_1_51' title='bbox 1993 694 2029 736; x_wconf 84' lang='lat'><strong>»</strong></span> <span class='ocrx_word' id='word_1_52' title='bbox 2069 683 2135 739; x_wconf 91' lang='lat' dir='ltr'><strong>et</strong></span> <span class='ocrx_word' id='word_1_53' title='bbox 2174 692 2418 739; x_wconf 88' lang='lat' dir='ltr'><strong>omnes</strong></span> <span class='ocrx_word' id='word_1_54' title='bbox 2456 669 2888 740; x_wconf 79' lang='lat' dir='ltr'><strong>circumadstan·</strong></span> <span class='ocrx_word' id='word_1_55' title='bbox 2923 685 2924 752; x_wconf 62' lang='lat' dir='ltr'>J</span> 
     </span>
     <span class='ocr_line' id='line_1_6' title="bbox 459 758 2891 847; baseline -0.002 -17"><span class='ocrx_word' id='word_1_56' title='bbox 459 776 557 830; x_wconf 90' lang='lat' dir='ltr'><strong>tes</strong></span> <span class='ocrx_word' id='word_1_57' title='bbox 605 761 949 841; x_wconf 85' lang='lat' dir='ltr'><strong>dixerunt,</strong></span> <span class='ocrx_word' id='word_1_58' title='bbox 1003 766 1232 828; x_wconf 80' lang='lat' dir='ltr'><strong>Amen.</strong></span> <span class='ocrx_word' id='word_1_59' title='bbox 1288 764 1377 827; x_wconf 92' lang='lat' dir='ltr'><strong>Ea</strong></span> <span class='ocrx_word' id='word_1_60' title='bbox 1411 759 1579 828; x_wconf 93' lang='lat' dir='ltr'><strong>hora</strong></span> <span class='ocrx_word' id='word_1_61' title='bbox 1622 758 1917 827; x_wconf 80' lang='lat' dir='ltr'><strong>Achillas</strong></span> <span class='ocrx_word' id='word_1_62' title='bbox 1949 772 2015 827; x_wconf 90' lang='lat' dir='ltr'><strong>et</strong></span> <span class='ocrx_word' id='word_1_63' title='bbox 2062 758 2441 828; x_wconf 78' lang='lat' dir='ltr'><strong>Alexander</strong></span> <span class='ocrx_word' id='word_1_64' title='bbox 2497 759 2891 847; x_wconf 72' lang='lat' dir='ltr'>complexantes</span> 
     </span>
     <span class='ocr_line' id='line_1_7' title="bbox 458 847 2896 937; baseline -0.002 -19"><span class='ocrx_word' id='word_1_65' title='bbox 458 864 523 918; x_wconf 89' lang='lat' dir='ltr'><strong>et</strong></span> <span class='ocrx_word' id='word_1_66' title='bbox 562 850 954 920; x_wconf 77' lang='lat' dir='ltr'>osculantes</span> <span class='ocrx_word' id='word_1_67' title='bbox 993 869 1242 917; x_wconf 85' lang='lat' dir='ltr'><strong>manus</strong></span> <span class='ocrx_word' id='word_1_68' title='bbox 1281 849 1455 937; x_wconf 77' lang='lat' dir='ltr'><strong>eju5‚</strong></span> <span class='ocrx_word' id='word_1_69' title='bbox 1528 847 1990 936; x_wconf 78' lang='lat' dir='ltr'><strong>lacrymantes</strong></span> <span class='ocrx_word' id='word_1_70' title='bbox 2037 849 2318 928; x_wconf 89' lang='lat' dir='ltr'><strong>flebant,</strong></span> <span class='ocrx_word' id='word_1_71' title='bbox 2387 871 2464 918; x_wconf 93' lang='lat' dir='ltr'><strong>eo</strong></span> <span class='ocrx_word' id='word_1_72' title='bbox 2510 847 2678 935; x_wconf 90' lang='lat' dir='ltr'><strong>quod</strong></span> <span class='ocrx_word' id='word_1_73' title='bbox 2721 848 2896 915; x_wconf 77' lang='lat' dir='ltr'><strong>dixerat</strong></span> 
     </span>
     <span class='ocr_line' id='line_1_8' title="bbox 457 936 2894 1029; baseline -0.003 -21"><span class='ocrx_word' id='word_1_74' title='bbox 457 941 600 1008; x_wconf 90' lang='lat' dir='ltr'><strong>eis:</strong></span> <span class='ocrx_word' id='word_1_75' title='bbox 656 941 965 1029; x_wconf 79' lang='lat' dir='ltr'><strong>Amplius</strong></span> <span class='ocrx_word' id='word_1_76' title='bbox 1025 938 1272 1025; x_wconf 79' lang='lat' dir='ltr'><strong>faciem</strong></span> <span class='ocrx_word' id='word_1_77' title='bbox 1326 959 1547 1006; x_wconf 85' lang='lat' dir='ltr'><strong>meam</strong></span> <span class='ocrx_word' id='word_1_78' title='bbox 1607 959 1738 1005; x_wconf 82' lang='lat' dir='ltr'><strong>non</strong></span> <span class='ocrx_word' id='word_1_79' title='bbox 1793 938 2104 1006; x_wconf 76' lang='lat' dir='ltr'><strong>videbitis</strong></span> <span class='ocrx_word' id='word_1_80' title='bbox 2126 949 2272 1016; x_wconf 49' lang='lat' dir='ltr'><strong>‚flet</strong></span> <span class='ocrx_word' id='word_1_81' title='bbox 2319 938 2411 1006; x_wconf 91' lang='lat' dir='ltr'><strong>ita</strong></span> <span class='ocrx_word' id='word_1_82' title='bbox 2455 949 2786 1013; x_wconf 82' lang='lat' dir='ltr'><strong>venerunt,</strong></span> <span class='ocrx_word' id='word_1_83' title='bbox 2823 936 2894 1002; x_wconf 83' lang='lat' dir='ltr'><strong>ubi</strong></span> 
     </span>
     <span class='ocr_line' id='line_1_9' title="bbox 458 1023 2898 1116; baseline -0.003 -19"><span class='ocrx_word' id='word_1_84' title='bbox 458 1042 652 1098; x_wconf 88' lang='lat' dir='ltr'><strong>erant</strong></span> <span class='ocrx_word' id='word_1_85' title='bbox 688 1027 925 1116; x_wconf 88' lang='lat' dir='ltr'><strong>populi</strong></span> <span class='ocrx_word' id='word_1_86' title='bbox 961 1037 1215 1095; x_wconf 88' lang='lat' dir='ltr'><strong>stantes</strong></span> <span class='ocrx_word' id='word_1_87' title='bbox 1247 1024 1475 1094; x_wconf 88' lang='lat' dir='ltr'><strong>clerici</strong></span> <span class='ocrx_word' id='word_1_88' title='bbox 1519 1036 1587 1093; x_wconf 90' lang='lat' dir='ltr'><strong>at</strong></span> <span class='ocrx_word' id='word_1_89' title='bbox 1640 1047 1724 1093; x_wconf 92' lang='lat' dir='ltr'><strong>ue</strong></span> <span class='ocrx_word' id='word_1_90' title='bbox 1773 1024 1970 1105; x_wconf 87' lang='lat' dir='ltr'><strong>laici;</strong></span> <span class='ocrx_word' id='word_1_91' title='bbox 2027 1039 2092 1095; x_wconf 90' lang='lat' dir='ltr'><strong>et</strong></span> <span class='ocrx_word' id='word_1_92' title='bbox 2132 1025 2406 1096; x_wconf 91' lang='lat' dir='ltr'><strong>locutus</strong></span> <span class='ocrx_word' id='word_1_93' title='bbox 2455 1038 2554 1095; x_wconf 90' lang='lat' dir='ltr'><strong>est</strong></span> <span class='ocrx_word' id='word_1_94' title='bbox 2596 1027 2688 1094; x_wconf 87' lang='lat' dir='ltr'><strong>eis</strong></span> <span class='ocrx_word' id='word_1_95' title='bbox 2730 1025 2795 1093; x_wconf 90' lang='lat' dir='ltr'><strong>de</strong></span> <span class='ocrx_word' id='word_1_96' title='bbox 2825 1023 2898 1091; x_wconf 86' lang='lat' dir='ltr'><strong>do·</strong></span> 
     </span>
     <span class='ocr_line' id='line_1_10' title="bbox 458 1112 2895 1200; baseline -0.003 -14"><span class='ocrx_word' id='word_1_97' title='bbox 458 1118 676 1186; x_wconf 80' lang='lat' dir='ltr'><strong>ctrina</strong></span> <span class='ocrx_word' id='word_1_98' title='bbox 726 1116 910 1195; x_wconf 87' lang='lat' dir='ltr'><strong>fidei,</strong></span> <span class='ocrx_word' id='word_1_99' title='bbox 964 1136 1140 1200; x_wconf 89' lang='lat' dir='ltr'><strong>quae</strong></span> <span class='ocrx_word' id='word_1_100' title='bbox 1193 1126 1295 1182; x_wconf 92' lang='lat' dir='ltr'><strong>est</strong></span> <span class='ocrx_word' id='word_1_101' title='bbox 1325 1115 1392 1182; x_wconf 92' lang='lat' dir='ltr'><strong>in</strong></span> <span class='ocrx_word' id='word_1_102' title='bbox 1458 1136 1585 1182; x_wconf 91' lang='lat' dir='ltr'><strong>con</strong></span> <span class='ocrx_word' id='word_1_103' title='bbox 1619 1114 1886 1183; x_wconf 87' lang='lat' dir='ltr'><strong>essione</strong></span> <span class='ocrx_word' id='word_1_104' title='bbox 1925 1115 2196 1183; x_wconf 84' lang='lat' dir='ltr'>Domini</span> <span class='ocrx_word' id='word_1_105' title='bbox 2248 1115 2460 1185; x_wconf 80' lang='lat' dir='ltr'><strong>nostri</strong></span> <span class='ocrx_word' id='word_1_106' title='bbox 2506 1116 2670 1185; x_wconf 86' lang='lat' dir='ltr'><strong>Jesu</strong></span> <span class='ocrx_word' id='word_1_107' title='bbox 2711 1112 2895 1190; x_wconf 78' lang='lat' dir='ltr'>Christi,</span> 
     </span>
     <span class='ocr_line' id='line_1_11' title="bbox 459 1202 2898 1291; baseline -0.004 -15"><span class='ocrx_word' id='word_1_108' title='bbox 459 1220 524 1276; x_wconf 87' lang='lat' dir='ltr'><strong>et</strong></span> <span class='ocrx_word' id='word_1_109' title='bbox 584 1227 811 1282; x_wconf 89' lang='lat' dir='ltr'><strong>orans,</strong></span> <span class='ocrx_word' id='word_1_110' title='bbox 867 1205 1112 1273; x_wconf 89' lang='lat' dir='ltr'><strong>iterum</strong></span> <span class='ocrx_word' id='word_1_111' title='bbox 1163 1202 1482 1271; x_wconf 89' lang='lat' dir='ltr'><strong>salutavit</strong></span> <span class='ocrx_word' id='word_1_112' title='bbox 1519 1223 1635 1272; x_wconf 88' lang='lat' dir='ltr'><strong>eos</strong></span> <span class='ocrx_word' id='word_1_113' title='bbox 1692 1203 1760 1270; x_wconf 89' lang='lat' dir='ltr'><strong>in</strong></span> <span class='ocrx_word' id='word_1_114' title='bbox 1825 1204 2204 1291; x_wconf 47' lang='lat' dir='ltr'><strong>pacesQui</strong></span> <span class='ocrx_word' id='word_1_115' title='bbox 2253 1203 2668 1282; x_wconf 82' lang='lat' dir='ltr'><strong>recedentes,</strong></span> <span class='ocrx_word' id='word_1_116' title='bbox 2728 1215 2898 1271; x_wconf 73' lang='lat' dir='ltr'><strong>secreto</strong></span> 
     </span>
     <span class='ocr_line' id='line_1_12' title="bbox 464 1290 2898 1380; baseline -0.002 -17"><span class='ocrx_word' id='word_1_117' title='bbox 464 1295 964 1364; x_wconf 84' lang='lat' dir='ltr'><strong>nunciaverunt</strong></span> <span class='ocrx_word' id='word_1_118' title='bbox 1029 1293 1347 1360; x_wconf 88' lang='lat' dir='ltr'><strong>universo</strong></span> <span class='ocrx_word' id='word_1_119' title='bbox 1402 1291 1655 1380; x_wconf 94' lang='lat' dir='ltr'><strong>populo</strong></span> <span class='ocrx_word' id='word_1_120' title='bbox 1705 1290 2284 1371; x_wconf 86' lang='lat' dir='ltr'><strong>Christianorum,</strong></span> <span class='ocrx_word' id='word_1_121' title='bbox 2342 1313 2788 1380; x_wconf 83' lang='lat' dir='ltr'><strong>quaecumque</strong></span> <span class='ocrx_word' id='word_1_122' title='bbox 2829 1295 2898 1357; x_wconf 69' lang='lat' dir='ltr'><strong>Do·</strong></span> 
     </span>
     <span class='ocr_line' id='line_1_13' title="bbox 465 1379 2896 1469; baseline -0.003 -19"><span class='ocrx_word' id='word_1_123' title='bbox 465 1385 695 1452; x_wconf 88' lang='lat' dir='ltr'><strong>minus</strong></span> <span class='ocrx_word' id='word_1_124' title='bbox 754 1387 822 1450; x_wconf 90' lang='lat' dir='ltr'><strong>B.</strong></span> <span class='ocrx_word' id='word_1_125' title='bbox 864 1386 1054 1450; x_wconf 90' lang='lat' dir='ltr'><strong>Petro</strong></span> <span class='ocrx_word' id='word_1_126' title='bbox 1101 1380 1186 1448; x_wconf 90' lang='lat' dir='ltr'><strong>de</strong></span> <span class='ocrx_word' id='word_1_127' title='bbox 1219 1380 1390 1449; x_wconf 75' lang='lat' dir='ltr'><strong>Arrii</strong></span> <span class='ocrx_word' id='word_1_128' title='bbox 1425 1379 1876 1469; x_wconf 89' lang='lat' dir='ltr'><strong>blasphemiis</strong></span> <span class='ocrx_word' id='word_1_129' title='bbox 1913 1380 2345 1463; x_wconf 84' lang='lat' dir='ltr'><strong>revelaverat,</strong></span> <span class='ocrx_word' id='word_1_130' title='bbox 2390 1382 2489 1450; x_wconf 91' lang='lat' dir='ltr'><strong>vel</strong></span> <span class='ocrx_word' id='word_1_131' title='bbox 2523 1398 2896 1468; x_wconf 54' lang='lat' dir='ltr'><strong>quaecumquv:¹</strong></span> 
     </span>
     <span class='ocr_line' id='line_1_14' title="bbox 463 1468 2900 1548; baseline -0.002 -9"><span class='ocrx_word' id='word_1_132' title='bbox 463 1472 682 1540; x_wconf 83' lang='lat' dir='ltr'><strong>facere</strong></span> <span class='ocrx_word' id='word_1_133' title='bbox 714 1470 1113 1539; x_wconf 88' lang='lat' dir='ltr'><strong>commoniti</strong></span> <span class='ocrx_word' id='word_1_134' title='bbox 1154 1468 1445 1548; x_wconf 79' lang='lat' dir='ltr'><strong>fuerant,</strong></span> <span class='ocrx_word' id='word_1_135' title='bbox 1505 1482 1582 1537; x_wconf 92' lang='lat' dir='ltr'><strong>ut</strong></span> <span class='ocrx_word' id='word_1_136' title='bbox 1610 1490 1767 1537; x_wconf 89' lang='lat' dir='ltr'><strong>eum</strong></span> <span class='ocrx_word' id='word_1_137' title='bbox 1803 1491 2030 1538; x_wconf 89' lang='lat' dir='ltr'><strong>coram</strong></span> <span class='ocrx_word' id='word_1_138' title='bbox 2083 1471 2414 1540; x_wconf 89' lang='lat' dir='ltr'><strong>omnibus</strong></span> <span class='ocrx_word' id='word_1_139' title='bbox 2473 1469 2900 1539; x_wconf 76' lang='lat' dir='ltr'><strong>anathematiza·</strong></span> 
     </span>
     <span class='ocr_line' id='line_1_15' title="bbox 466 1558 2896 1648; baseline -0.001 -21"><span class='ocrx_word' id='word_1_140' title='bbox 466 1574 636 1641; x_wconf 89' lang='lat' dir='ltr'><strong>rent,</strong></span> <span class='ocrx_word' id='word_1_141' title='bbox 682 1572 747 1628; x_wconf 87' lang='lat' dir='ltr'><strong>et</strong></span> <span class='ocrx_word' id='word_1_142' title='bbox 780 1559 845 1627; x_wconf 90' lang='lat' dir='ltr'><strong>in</strong></span> <span class='ocrx_word' id='word_1_143' title='bbox 880 1558 1239 1628; x_wconf 88' lang='lat' dir='ltr'><strong>ecclesiam</strong></span> <span class='ocrx_word' id='word_1_144' title='bbox 1275 1558 1545 1647; x_wconf 85' lang='lat' dir='ltr'><strong>ingredi</strong></span> <span class='ocrx_word' id='word_1_145' title='bbox 1580 1579 1936 1645; x_wconf 87' lang='lat' dir='ltr'><strong>nunquam</strong></span> <span class='ocrx_word' id='word_1_146' title='bbox 1966 1558 2294 1627; x_wconf 83' lang='lat' dir='ltr'><strong>sinerent.</strong></span> <span class='ocrx_word' id='word_1_147' title='bbox 2891 1641 2896 1648; x_wconf 22' lang='grc' dir='ltr'>ἱ</span> 
     </span>
    </p>

    <p class='ocr_par' dir='ltr' id='par_1_3' title="bbox 461 1647 2902 2961">
     <span class='ocr_line' id='line_1_16' title="bbox 551 1647 2898 1737; baseline -0.003 -18"><span class='ocrx_word' id='word_1_148' title='bbox 551 1652 586 1736; x_wconf 68' lang='grc' dir='ltr'>ἓ</span> <span class='ocrx_word' id='word_1_149' title='bbox 635 1652 791 1719; x_wconf 79' lang='lat'><strong>1⁰.</strong></span> <span class='ocrx_word' id='word_1_150' title='bbox 836 1653 1186 1716; x_wconf 86' lang='lat' dir='ltr'><strong>Praeterea</strong></span> <span class='ocrx_word' id='word_1_151' title='bbox 1220 1647 2099 1736; x_wconf 85' lang='lat' dir='ltr'><strong>cognoscensbeatissimus</strong></span> <span class='ocrx_word' id='word_1_152' title='bbox 2122 1652 2362 1717; x_wconf 87' lang='lat' dir='ltr'><strong>Petrus</strong></span> <span class='ocrx_word' id='word_1_153' title='bbox 2389 1648 2898 1737; x_wconf 60' lang='lat' dir='ltr'><strong>Episcopusquon</strong></span> 
     </span>
     <span class='ocr_line' id='line_1_17' title="bbox 464 1735 2900 1825; baseline -0.005 -18"><span class='ocrx_word' id='word_1_154' title='bbox 464 1736 1002 1807; x_wconf 88' lang='lat' dir='ltr'><strong>Christianorum</strong></span> <span class='ocrx_word' id='word_1_155' title='bbox 1051 1735 1349 1825; x_wconf 90' lang='lat' dir='ltr'><strong>populus</strong></span> <span class='ocrx_word' id='word_1_156' title='bbox 1410 1736 1690 1805; x_wconf 87' lang='lat' dir='ltr'><strong>tribuno</strong></span> <span class='ocrx_word' id='word_1_157' title='bbox 1741 1757 1872 1803; x_wconf 93' lang='lat' dir='ltr'><strong>non</strong></span> <span class='ocrx_word' id='word_1_158' title='bbox 1934 1737 2380 1824; x_wconf 88' lang='lat' dir='ltr'><strong>permitteret,</strong></span> <span class='ocrx_word' id='word_1_159' title='bbox 2445 1750 2522 1806; x_wconf 91' lang='lat' dir='ltr'><strong>ut</strong></span> <span class='ocrx_word' id='word_1_160' title='bbox 2569 1736 2747 1805; x_wconf 89' lang='lat' dir='ltr'><strong>illum</strong></span> <span class='ocrx_word' id='word_1_161' title='bbox 2779 1735 2900 1822; x_wconf 73' lang='lat' dir='ltr'><strong>jum</strong></span> 
     </span>
     <span class='ocr_line' id='line_1_18' title="bbox 463 1822 2902 1916; baseline -0.005 -22"><span class='ocrx_word' id='word_1_162' title='bbox 463 1826 740 1916; x_wconf 89' lang='lat' dir='ltr'><strong>tyranni</strong></span> <span class='ocrx_word' id='word_1_163' title='bbox 790 1825 1195 1894; x_wconf 86' lang='lat' dir='ltr'><strong>sententiam</strong></span> <span class='ocrx_word' id='word_1_164' title='bbox 1250 1845 1372 1913; x_wconf 90' lang='lat' dir='ltr'><strong>pro</strong></span> <span class='ocrx_word' id='word_1_165' title='bbox 1414 1823 1660 1893; x_wconf 87' lang='lat' dir='ltr'><strong>Christi</strong></span> <span class='ocrx_word' id='word_1_166' title='bbox 1721 1824 1998 1893; x_wconf 91' lang='lat' dir='ltr'><strong>nomine</strong></span> <span class='ocrx_word' id='word_1_167' title='bbox 2045 1824 2278 1914; x_wconf 84' lang='lat' dir='ltr'><strong>gladio</strong></span> <span class='ocrx_word' id='word_1_168' title='bbox 2327 1825 2706 1903; x_wconf 87' lang='lat' dir='ltr'><strong>decollaret,</strong></span> <span class='ocrx_word' id='word_1_169' title='bbox 2753 1822 2902 1891; x_wconf 69' lang='lat' dir='ltr'><strong>volens</strong></span> 
     </span>
     <span class='ocr_line' id='line_1_19' title="bbox 468 1912 2899 2006; baseline -0 -25"><span class='ocrx_word' id='word_1_170' title='bbox 468 1928 936 2004; x_wconf 77' lang='lat' dir='ltr'><strong>praeparatam</strong></span> <span class='ocrx_word' id='word_1_171' title='bbox 972 1914 1103 1982; x_wconf 89' lang='lat' dir='ltr'><strong>sibi</strong></span> <span class='ocrx_word' id='word_1_172' title='bbox 1161 1912 1490 1982; x_wconf 88' lang='lat' dir='ltr'><strong>divinitus</strong></span> <span class='ocrx_word' id='word_1_173' title='bbox 1541 1913 1848 2002; x_wconf 85' lang='lat' dir='ltr'><strong>martyrii</strong></span> <span class='ocrx_word' id='word_1_174' title='bbox 1907 1934 2229 1982; x_wconf 89' lang='lat' dir='ltr'><strong>coronam</strong></span> <span class='ocrx_word' id='word_1_175' title='bbox 2284 1914 2594 1983; x_wconf 85' lang='lat' dir='ltr'><strong>celeriter</strong></span> <span class='ocrx_word' id='word_1_176' title='bbox 2634 1913 2899 2006; x_wconf 49' lang='lat' dir='ltr'><strong>accipere·</strong></span> 
     </span>
     <span class='ocr_line' id='line_1_20' title="bbox 465 2001 2901 2088; baseline -0.003 -21"><span class='ocrx_word' id='word_1_177' title='bbox 465 2003 725 2073; x_wconf 81' lang='lat' dir='ltr'><strong>vocavit</strong></span> <span class='ocrx_word' id='word_1_178' title='bbox 764 2023 983 2072; x_wconf 88' lang='lat' dir='ltr'><strong>unum</strong></span> <span class='ocrx_word' id='word_1_179' title='bbox 1026 2001 1111 2070; x_wconf 92' lang='lat' dir='ltr'><strong>de</strong></span> <span class='ocrx_word' id='word_1_180' title='bbox 1145 2002 1481 2070; x_wconf 89' lang='lat' dir='ltr'><strong>ministris</strong></span> <span class='ocrx_word' id='word_1_181' title='bbox 1523 2003 1692 2081; x_wconf 87' lang='lat' dir='ltr'><strong>suis,</strong></span> <span class='ocrx_word' id='word_1_182' title='bbox 1745 2003 1865 2088; x_wconf 86' lang='lat' dir='ltr'><strong>qui</strong></span> <span class='ocrx_word' id='word_1_183' title='bbox 1905 2002 1964 2070; x_wconf 90' lang='lat' dir='ltr'><strong>ei</strong></span> <span class='ocrx_word' id='word_1_184' title='bbox 2003 2003 2358 2071; x_wconf 90' lang='lat' dir='ltr'><strong>unanimis</strong></span> <span class='ocrx_word' id='word_1_185' title='bbox 2407 2002 2643 2083; x_wconf 84' lang='lat' dir='ltr'><strong>fuerat,</strong></span> <span class='ocrx_word' id='word_1_186' title='bbox 2693 2014 2750 2069; x_wconf 86' lang='lat' dir='ltr'><strong>et</strong></span> <span class='ocrx_word' id='word_1_187' title='bbox 2789 2009 2901 2068; x_wconf 74' lang='lat' dir='ltr'><strong>misit</strong></span> 
     </span>
     <span class='ocr_line' id='line_1_21' title="bbox 461 2082 2900 2180; baseline -0.003 -21"><span class='ocrx_word' id='word_1_188' title='bbox 461 2115 619 2161; x_wconf 81' lang='lat' dir='ltr'><strong>eum</strong></span> <span class='ocrx_word' id='word_1_189' title='bbox 657 2092 741 2161; x_wconf 90' lang='lat' dir='ltr'><strong>ad</strong></span> <span class='ocrx_word' id='word_1_190' title='bbox 780 2091 1162 2170; x_wconf 88' lang='lat' dir='ltr'><strong>tribunum,</strong></span> <span class='ocrx_word' id='word_1_191' title='bbox 1202 2090 1463 2159; x_wconf 90' lang='lat' dir='ltr'><strong>dicens:</strong></span> <span class='ocrx_word' id='word_1_192' title='bbox 1506 2111 1540 2154; x_wconf 87' lang='lat'>«</span> <span class='ocrx_word' id='word_1_193' title='bbox 1578 2090 1643 2158; x_wconf 90' lang='lat' dir='ltr'><strong>Si</strong></span> <span class='ocrx_word' id='word_1_194' title='bbox 1680 2091 1780 2158; x_wconf 88' lang='lat' dir='ltr'><strong>vis</strong></span> <span class='ocrx_word' id='word_1_195' title='bbox 1816 2090 2183 2160; x_wconf 83' lang='lat' dir='ltr'><strong>Maximino</strong></span> <span class='ocrx_word' id='word_1_196' title='bbox 2219 2106 2336 2161; x_wconf 91' lang='lat' dir='ltr'><strong>tuo</strong></span> <span class='ocrx_word' id='word_1_197' title='bbox 2357 2094 2615 2180; x_wconf 81' lang='lat' dir='ltr'><strong>parere,</strong></span> <span class='ocrx_word' id='word_1_198' title='bbox 2654 2089 2836 2159; x_wconf 80' lang='lat' dir='ltr'><strong>venies</strong></span> <span class='ocrx_word' id='word_1_199' title='bbox 2856 2082 2900 2151; x_wconf 84' lang='lat' dir='ltr'><strong>ad</strong></span> 
     </span>
     <span class='ocr_line' id='line_1_22' title="bbox 463 2177 2899 2267; baseline -0.002 -22"><span class='ocrx_word' id='word_1_200' title='bbox 463 2203 803 2250; x_wconf 63' lang='lat' dir='ltr'><strong>carcerem</strong></span> <span class='ocrx_word' id='word_1_201' title='bbox 866 2194 1122 2250; x_wconf 89' lang='lat' dir='ltr'><strong>secreto</strong></span> <span class='ocrx_word' id='word_1_202' title='bbox 1158 2180 1395 2257; x_wconf 80' lang='lat' dir='ltr'><strong>noctiS‚</strong></span> <span class='ocrx_word' id='word_1_203' title='bbox 1452 2190 1518 2247; x_wconf 88' lang='lat' dir='ltr'><strong>et</strong></span> <span class='ocrx_word' id='word_1_204' title='bbox 1551 2177 1760 2249; x_wconf 82' lang='lat' dir='ltr'><strong>facies</strong></span> <span class='ocrx_word' id='word_1_205' title='bbox 1818 2180 1887 2248; x_wconf 89' lang='lat' dir='ltr'><strong>in</strong></span> <span class='ocrx_word' id='word_1_206' title='bbox 1930 2180 2187 2267; x_wconf 87' lang='lat' dir='ltr'><strong>pariete</strong></span> <span class='ocrx_word' id='word_1_207' title='bbox 2239 2181 2586 2250; x_wconf 90' lang='lat' dir='ltr'><strong>modicum</strong></span> <span class='ocrx_word' id='word_1_208' title='bbox 2638 2178 2899 2248; x_wconf 82' lang='lat' dir='ltr'><strong>foramen.</strong></span> 
     </span>
     <span class='ocr_line' id='line_1_23' title="bbox 464 2268 2902 2359; baseline -0.005 -20"><span class='ocrx_word' id='word_1_209' title='bbox 464 2283 798 2357; x_wconf 88' lang='lat' dir='ltr'><strong>quantum</strong></span> <span class='ocrx_word' id='word_1_210' title='bbox 851 2269 1062 2338; x_wconf 90' lang='lat' dir='ltr'><strong>unius</strong></span> <span class='ocrx_word' id='word_1_211' title='bbox 1117 2268 1418 2337; x_wconf 88' lang='lat' dir='ltr'><strong>hominis</strong></span> <span class='ocrx_word' id='word_1_212' title='bbox 1457 2279 1558 2337; x_wconf 88' lang='lat' dir='ltr'><strong>est</strong></span> <span class='ocrx_word' id='word_1_213' title='bbox 1590 2269 1976 2358; x_wconf 87' lang='lat' dir='ltr'><strong>capacitas:</strong></span> <span class='ocrx_word' id='word_1_214' title='bbox 2028 2290 2146 2357; x_wconf 91' lang='lat' dir='ltr'><strong>per</strong></span> <span class='ocrx_word' id='word_1_215' title='bbox 2191 2269 2375 2356; x_wconf 86' lang='lat' dir='ltr'><strong>quod</strong></span> <span class='ocrx_word' id='word_1_216' title='bbox 2446 2270 2770 2359; x_wconf 86' lang='lat' dir='ltr'><strong>ingressus</strong></span> <span class='ocrx_word' id='word_1_217' title='bbox 2808 2279 2902 2330; x_wconf 77' lang='lat' dir='ltr'><strong>tuus</strong></span> 
     </span>
     <span class='ocr_line' id='line_1_24' title="bbox 464 2353 2901 2448; baseline -0.003 -20"><span class='ocrx_word' id='word_1_218' title='bbox 464 2358 788 2437; x_wconf 79' lang='lat' dir='ltr'><strong>carnifex,</strong></span> <span class='ocrx_word' id='word_1_219' title='bbox 830 2356 1218 2448; x_wconf 86' lang='lat' dir='ltr'><strong>amputabit</strong></span> <span class='ocrx_word' id='word_1_220' title='bbox 1253 2369 1461 2446; x_wconf 91' lang='lat' dir='ltr'><strong>caput</strong></span> <span class='ocrx_word' id='word_1_221' title='bbox 1503 2378 1733 2426; x_wconf 89' lang='lat' dir='ltr'><strong>meum</strong></span> <span class='ocrx_word' id='word_1_222' title='bbox 1782 2356 2036 2447; x_wconf 86' lang='lat' dir='ltr'><strong>gladio,</strong></span> <span class='ocrx_word' id='word_1_223' title='bbox 2094 2370 2159 2427; x_wconf 89' lang='lat' dir='ltr'><strong>et</strong></span> <span class='ocrx_word' id='word_1_224' title='bbox 2208 2360 2628 2428; x_wconf 84' lang='lat' dir='ltr'><strong>transmittes</strong></span> <span class='ocrx_word' id='word_1_225' title='bbox 2673 2353 2803 2426; x_wconf 88' lang='lat' dir='ltr'><strong>illud</strong></span> <span class='ocrx_word' id='word_1_226' title='bbox 2841 2364 2901 2447; x_wconf 58' lang='lat' dir='ltr'><strong>tg-</strong></span> 
     </span>
     <span class='ocr_line' id='line_1_25' title="bbox 467 2445 2902 2537; baseline -0.004 -20"><span class='ocrx_word' id='word_1_227' title='bbox 467 2471 681 2517; x_wconf 85' lang='lat' dir='ltr'><strong>ranno</strong></span> <span class='ocrx_word' id='word_1_228' title='bbox 735 2447 1027 2537; x_wconf 88' lang='lat' dir='ltr'><strong>principi</strong></span> <span class='ocrx_word' id='word_1_229' title='bbox 1065 2461 1202 2527; x_wconf 89' lang='lat' dir='ltr'><strong>tu0,</strong></span> <span class='ocrx_word' id='word_1_230' title='bbox 1257 2458 1323 2515; x_wconf 89' lang='lat' dir='ltr'><strong>et</strong></span> <span class='ocrx_word' id='word_1_231' title='bbox 1367 2447 1496 2515; x_wconf 86' lang='lat' dir='ltr'><strong>erit</strong></span> <span class='ocrx_word' id='word_1_232' title='bbox 1528 2446 1647 2515; x_wconf 89' lang='lat' dir='ltr'><strong>tibi</strong></span> <span class='ocrx_word' id='word_1_233' title='bbox 1702 2446 1980 2517; x_wconf 91' lang='lat' dir='ltr'><strong>victoria</strong></span> <span class='ocrx_word' id='word_1_234' title='bbox 2031 2448 2098 2515; x_wconf 90' lang='lat' dir='ltr'><strong>in</strong></span> <span class='ocrx_word' id='word_1_235' title='bbox 2133 2462 2510 2537; x_wconf 90' lang='lat' dir='ltr'><strong>conspectu</strong></span> <span class='ocrx_word' id='word_1_236' title='bbox 2540 2449 2699 2537; x_wconf 86' lang='lat' dir='ltr'><strong>ejus.</strong></span> <span class='ocrx_word' id='word_1_237' title='bbox 2726 2468 2753 2509; x_wconf 66' lang='lat' dir='ltr'><strong>s</strong></span> <span class='ocrx_word' id='word_1_238' title='bbox 2787 2445 2902 2534; x_wconf 67' lang='lat' dir='ltr'><strong>Huic</strong></span> 
     </span>
     <span class='ocr_line' id='line_1_26' title="bbox 465 2525 2901 2626; baseline -0.003 -21"><span class='ocrx_word' id='word_1_239' title='bbox 465 2536 755 2607; x_wconf 85' lang='lat' dir='ltr'><strong>consilio</strong></span> <span class='ocrx_word' id='word_1_240' title='bbox 796 2537 1119 2606; x_wconf 86' lang='lat' dir='ltr'><strong>tribunus</strong></span> <span class='ocrx_word' id='word_1_241' title='bbox 1153 2535 1569 2614; x_wconf 81' lang='lat' dir='ltr'><strong>deservienS,</strong></span> <span class='ocrx_word' id='word_1_242' title='bbox 1621 2556 1700 2604; x_wconf 90' lang='lat' dir='ltr'><strong>eo</strong></span> <span class='ocrx_word' id='word_1_243' title='bbox 1735 2546 2062 2626; x_wconf 87' lang='lat' dir='ltr'><strong>tempore,</strong></span> <span class='ocrx_word' id='word_1_244' title='bbox 2115 2557 2253 2622; x_wconf 84' lang='lat' dir='ltr'><strong>quo</strong></span> <span class='ocrx_word' id='word_1_245' title='bbox 2301 2536 2551 2606; x_wconf 77' lang='lat' dir='ltr'><strong>Christi</strong></span> <span class='ocrx_word' id='word_1_246' title='bbox 2608 2525 2901 2623; x_wconf 71' lang='lat' dir='ltr'><strong>martyrdi-</strong></span> 
     </span>
     <span class='ocr_line' id='line_1_27' title="bbox 465 2615 2900 2713; baseline -0.002 -19"><span class='ocrx_word' id='word_1_247' title='bbox 465 2639 695 2705; x_wconf 84' lang='lat' dir='ltr'><strong>xerat,</strong></span> <span class='ocrx_word' id='word_1_248' title='bbox 747 2638 956 2713; x_wconf 92' lang='lat' dir='ltr'><strong>caput</strong></span> <span class='ocrx_word' id='word_1_249' title='bbox 1015 2626 1166 2713; x_wconf 86' lang='lat' dir='ltr'><strong>ejus</strong></span> <span class='ocrx_word' id='word_1_250' title='bbox 1280 2623 1462 2693; x_wconf 89' lang='lat' dir='ltr'><strong>ladio</strong></span> <span class='ocrx_word' id='word_1_251' title='bbox 1500 2623 1866 2693; x_wconf 87' lang='lat' dir='ltr'><strong>desecavit.</strong></span> <span class='ocrx_word' id='word_1_252' title='bbox 1922 2626 2023 2693; x_wconf 88' lang='lat' dir='ltr'><strong>Fit</strong></span> <span class='ocrx_word' id='word_1_253' title='bbox 2086 2626 2643 2695; x_wconf 88' lang='lat' dir='ltr'><strong>commemoratio</strong></span> <span class='ocrx_word' id='word_1_254' title='bbox 2685 2624 2805 2712; x_wconf 85' lang='lat' dir='ltr'><strong>ejus</strong></span> <span class='ocrx_word' id='word_1_255' title='bbox 2838 2615 2900 2712; x_wconf 49' lang='lat' dir='ltr'><strong>dii</strong></span> 
     </span>
     <span class='ocr_line' id='line_1_28' title="bbox 466 2713 2896 2802; baseline -0.002 -19"><span class='ocrx_word' id='word_1_256' title='bbox 466 2715 917 2783; x_wconf 82' lang='lat' dir='ltr'><strong>Calendarum</strong></span> <span class='ocrx_word' id='word_1_257' title='bbox 973 2718 1239 2801; x_wconf 89' lang='lat' dir='ltr'><strong>Septem</strong></span> <span class='ocrx_word' id='word_1_258' title='bbox 1297 2713 1416 2781; x_wconf 89' lang='lat' dir='ltr'><strong>ris.</strong></span> <span class='ocrx_word' id='word_1_259' title='bbox 1460 2713 1852 2799; x_wconf 83' lang='lat' dir='ltr'><strong>Requiescit</strong></span> <span class='ocrx_word' id='word_1_260' title='bbox 1885 2735 2070 2782; x_wconf 90' lang='lat' dir='ltr'><strong>nunc</strong></span> <span class='ocrx_word' id='word_1_261' title='bbox 2107 2714 2174 2781; x_wconf 92' lang='lat' dir='ltr'><strong>in</strong></span> <span class='ocrx_word' id='word_1_262' title='bbox 2212 2735 2379 2802; x_wconf 88' lang='lat' dir='ltr'><strong>pace</strong></span> <span class='ocrx_word' id='word_1_263' title='bbox 2411 2717 2542 2785; x_wconf 87' lang='lat' dir='ltr'><strong>sub</strong></span> <span class='ocrx_word' id='word_1_264' title='bbox 2573 2736 2678 2781; x_wconf 87' lang='lat' dir='ltr'><strong>ara</strong></span> <span class='ocrx_word' id='word_1_265' title='bbox 2724 2716 2896 2797; x_wconf 71' lang='lat' dir='ltr'><strong>Domini</strong></span> 
     </span>
     <span class='ocr_line' id='line_1_29' title="bbox 466 2800 2892 2927; baseline -0.004 -58"><span class='ocrx_word' id='word_1_266' title='bbox 466 2803 743 2927; x_wconf 57' lang='lat' dir='ltr'><strong>Christiw</strong></span> <span class='ocrx_word' id='word_1_267' title='bbox 784 2801 1187 2871; x_wconf 86' lang='lat' dir='ltr'><strong>Salvatoris:</strong></span> <span class='ocrx_word' id='word_1_268' title='bbox 1257 2802 1379 2871; x_wconf 89' lang='lat' dir='ltr'><strong>Cui</strong></span> <span class='ocrx_word' id='word_1_269' title='bbox 1440 2800 1660 2871; x_wconf 92' lang='lat' dir='ltr'><strong>honor</strong></span> <span class='ocrx_word' id='word_1_270' title='bbox 1717 2813 1782 2870; x_wconf 90' lang='lat' dir='ltr'><strong>et</strong></span> <span class='ocrx_word' id='word_1_271' title='bbox 1846 2802 2062 2892; x_wconf 86' lang='lat' dir='ltr'><strong>gloria</strong></span> <span class='ocrx_word' id='word_1_272' title='bbox 2129 2802 2196 2870; x_wconf 90' lang='lat' dir='ltr'><strong>in</strong></span> <span class='ocrx_word' id='word_1_273' title='bbox 2264 2803 2495 2872; x_wconf 90' lang='lat' dir='ltr'><strong>secula</strong></span> <span class='ocrx_word' id='word_1_274' title='bbox 2556 2800 2892 2872; x_wconf 86' lang='lat' dir='ltr'><strong>seculorum.</strong></span> 
     </span>
     <span class='ocr_line' id='line_1_30' title="bbox 463 2895 765 2961; baseline -0.007 0"><span class='ocrx_word' id='word_1_275' title='bbox 463 2895 674 2961; x_wconf 81' lang='lat' dir='ltr'><strong>Amen</strong></span> <span class='ocrx_word' id='word_1_276' title='bbox 750 2943 765 2959; x_wconf 90' lang='lat'><strong>.</strong></span> 
     </span>
    </p>
   </div>
   <div class='ocr_carea' id='block_1_3' title="bbox 2921 755 2926 1349">
    <p class='ocr_par' dir='ltr' id='par_1_4' title="bbox 2921 755 2926 1349">
     <span class='ocr_line' id='line_1_31' title="bbox 2921 755 2926 1349; baseline 0 0"><span class='ocrx_word' id='word_1_277' title='bbox 2921 755 2926 1349; x_wconf 95' lang='lat' dir='ltr'><strong> </strong></span> 
     </span>
    </p>
   </div>
   <div class='ocr_carea' id='block_1_4' title="bbox 2922 1510 2926 2938">
    <p class='ocr_par' dir='ltr' id='par_1_5' title="bbox 2922 1510 2926 2938">
     <span class='ocr_line' id='line_1_32' title="bbox 2922 1510 2926 2938; baseline 0 0"><span class='ocrx_word' id='word_1_278' title='bbox 2922 1510 2926 2938; x_wconf 95' lang='lat' dir='ltr'><strong> </strong></span> 
     </span>
    </p>
   </div>
   <div class='ocr_carea' id='block_1_5' title="bbox 464 3070 2904 3667">
    <p class='ocr_par' dir='ltr' id='par_1_6' title="bbox 464 3070 2904 3667">
     <span class='ocr_line' id='line_1_33' title="bbox 516 3070 2898 3131; baseline -0.001 -12"><span class='ocrx_word' id='word_1_279' title='bbox 516 3081 539 3101; x_wconf 80' lang='grc'><em>·</em></span> <span class='ocrx_word' id='word_1_280' title='bbox 569 3077 801 3120; x_wconf 73' lang='lat' dir='ltr'><strong>Eusebius</strong></span> <span class='ocrx_word' id='word_1_281' title='bbox 830 3079 879 3121; x_wconf 86' lang='lat' dir='ltr'><strong>in</strong></span> <span class='ocrx_word' id='word_1_282' title='bbox 909 3081 1023 3121; x_wconf 68' lang='lat' dir='ltr'><strong>Hm.</strong></span> <span class='ocrx_word' id='word_1_283' title='bbox 1053 3082 1193 3122; x_wconf 69' lang='lat' dir='ltr'><strong>eccles.</strong></span> <span class='ocrx_word' id='word_1_284' title='bbox 1230 3080 1308 3120; x_wconf 87' lang='lat' dir='ltr'><strong>lib.</strong></span> <span class='ocrx_word' id='word_1_285' title='bbox 1344 3082 1381 3127; x_wconf 80' lang='grc'><strong>’1,</strong></span> <span class='ocrx_word' id='word_1_286' title='bbox 1404 3081 1492 3120; x_wconf 82' lang='lat' dir='ltr'><strong>hoc</strong></span> <span class='ocrx_word' id='word_1_287' title='bbox 1513 3081 1569 3119; x_wconf 81' lang='lat' dir='ltr'><strong>de</strong></span> <span class='ocrx_word' id='word_1_288' title='bbox 1591 3081 1636 3121; x_wconf 81' lang='lat' dir='ltr'><strong>S.</strong></span> <span class='ocrx_word' id='word_1_289' title='bbox 1654 3082 1795 3120; x_wconf 74' lang='lat' dir='ltr'><strong>Petro</strong></span> <span class='ocrx_word' id='word_1_290' title='bbox 1815 3082 1937 3121; x_wconf 73' lang='lat' dir='ltr'><strong>Alex.</strong></span> <span class='ocrx_word' id='word_1_291' title='bbox 1959 3079 2111 3130; x_wconf 67' lang='lat' dir='ltr'><strong>Epioe.</strong></span> <span class='ocrx_word' id='word_1_292' title='bbox 2131 3078 2338 3131; x_wconf 74' lang='lat' dir='ltr'><strong>elogium</strong></span> <span class='ocrx_word' id='word_1_293' title='bbox 2358 3082 2658 3129; x_wconf 77' lang='lat' dir='ltr'><strong>conscripsit:</strong></span> <span class='ocrx_word' id='word_1_294' title='bbox 2678 3080 2696 3099; x_wconf 82' lang='lat'>⁸</span> <span class='ocrx_word' id='word_1_295' title='bbox 2717 3080 2803 3117; x_wconf 77' lang='lat' dir='ltr'><strong>Post</strong></span> <span class='ocrx_word' id='word_1_296' title='bbox 2817 3070 2898 3109; x_wconf 48' lang='lat' dir='ltr'><strong>Tb*</strong></span> 
     </span>
     <span class='ocr_line' id='line_1_34' title="bbox 464 3124 2900 3185; baseline -0.004 -12"><span class='ocrx_word' id='word_1_297' title='bbox 464 3143 585 3175; x_wconf 77' lang='lat' dir='ltr'><strong>nam.</strong></span> <span class='ocrx_word' id='word_1_298' title='bbox 613 3135 660 3173; x_wconf 87' lang='lat' dir='ltr'><strong>in</strong></span> <span class='ocrx_word' id='word_1_299' title='bbox 692 3136 1020 3183; x_wconf 76' lang='lat' dir='ltr'><strong>Episcopatum</strong></span> <span class='ocrx_word' id='word_1_300' title='bbox 1051 3131 1359 3173; x_wconf 73' lang='lat' dir='ltr'><strong>Alexandriae</strong></span> <span class='ocrx_word' id='word_1_301' title='bbox 1390 3134 1601 3173; x_wconf 81' lang='lat' dir='ltr'><strong>succedit</strong></span> <span class='ocrx_word' id='word_1_302' title='bbox 1636 3135 1826 3176; x_wconf 79' lang='lat' dir='ltr'><strong>Petrus:</strong></span> <span class='ocrx_word' id='word_1_303' title='bbox 1862 3132 1938 3173; x_wconf 87' lang='lat' dir='ltr'><strong>hic</strong></span> <span class='ocrx_word' id='word_1_304' title='bbox 1975 3136 2220 3175; x_wconf 83' lang='lat' dir='ltr'><strong>duodecim</strong></span> <span class='ocrx_word' id='word_1_305' title='bbox 2257 3137 2395 3175; x_wconf 73' lang='lat' dir='ltr'><strong>annis</strong></span> <span class='ocrx_word' id='word_1_306' title='bbox 2428 3136 2656 3176; x_wconf 74' lang='lat' dir='ltr'><strong>coutinuis</strong></span> <span class='ocrx_word' id='word_1_307' title='bbox 2686 3131 2728 3170; x_wconf 85' lang='lat' dir='ltr'><strong>in</strong></span> <span class='ocrx_word' id='word_1_308' title='bbox 2755 3124 2900 3185; x_wconf 50' lang='lat' dir='ltr'><strong>eost-‘affl</strong></span> 
     </span>
     <span class='ocr_line' id='line_1_35' title="bbox 464 3178 2901 3239; baseline -0.002 -13"><span class='ocrx_word' id='word_1_309' title='bbox 464 3188 698 3236; x_wconf 73' lang='lat' dir='ltr'><strong>fungendo</strong></span> <span class='ocrx_word' id='word_1_310' title='bbox 728 3198 834 3227; x_wconf 86' lang='lat' dir='ltr'><strong>cum</strong></span> <span class='ocrx_word' id='word_1_311' title='bbox 862 3198 1046 3228; x_wconf 72' lang='lat' dir='ltr'><strong>summa</strong></span> <span class='ocrx_word' id='word_1_312' title='bbox 1065 3188 1292 3237; x_wconf 72' lang='lat' dir='ltr'><strong>dignitate</strong></span> <span class='ocrx_word' id='word_1_313' title='bbox 1316 3188 1440 3227; x_wconf 81' lang='lat' dir='ltr'><strong>inter</strong></span> <span class='ocrx_word' id='word_1_314' title='bbox 1460 3189 1633 3235; x_wconf 83' lang='lat' dir='ltr'><strong>primos</strong></span> <span class='ocrx_word' id='word_1_315' title='bbox 1655 3187 1829 3227; x_wconf 79' lang='lat' dir='ltr'><strong>floruit.</strong></span> <span class='ocrx_word' id='word_1_316' title='bbox 1851 3189 1943 3235; x_wconf 83' lang='lat' dir='ltr'><strong>Qui</strong></span> <span class='ocrx_word' id='word_1_317' title='bbox 1965 3199 2069 3228; x_wconf 85' lang='lat' dir='ltr'><strong>cum</strong></span> <span class='ocrx_word' id='word_1_318' title='bbox 2093 3190 2352 3229; x_wconf 80' lang='lat' dir='ltr'><strong>triennium</strong></span> <span class='ocrx_word' id='word_1_319' title='bbox 2374 3200 2518 3239; x_wconf 65' lang='lat' dir='ltr'><strong>prope</strong></span> <span class='ocrx_word' id='word_1_320' title='bbox 2538 3190 2643 3227; x_wconf 74' lang='lat' dir='ltr'><strong>ante</strong></span> <span class='ocrx_word' id='word_1_321' title='bbox 2661 3178 2901 3234; x_wconf 49' lang='lat' dir='ltr'><strong>persecut-2⁴³</strong></span> 
     </span>
     <span class='ocr_line' id='line_1_36' title="bbox 465 3233 2901 3291; baseline -0.005 -10"><span class='ocrx_word' id='word_1_322' title='bbox 465 3248 651 3289; x_wconf 82' lang='lat' dir='ltr'><strong>tempus</strong></span> <span class='ocrx_word' id='word_1_323' title='bbox 680 3243 728 3280; x_wconf 84' lang='lat' dir='ltr'><strong>iu</strong></span> <span class='ocrx_word' id='word_1_324' title='bbox 756 3239 966 3281; x_wconf 74' lang='lat' dir='ltr'><strong>Ecclesia</strong></span> <span class='ocrx_word' id='word_1_325' title='bbox 994 3242 1077 3280; x_wconf 81' lang='lat' dir='ltr'><strong>ills</strong></span> <span class='ocrx_word' id='word_1_326' title='bbox 1107 3241 1409 3290; x_wconf 71' lang='lat' dir='ltr'><strong>gubernanda</strong></span> <span class='ocrx_word' id='word_1_327' title='bbox 1431 3241 1748 3283; x_wconf 72' lang='lat' dir='ltr'><strong>contrivisset,</strong></span> <span class='ocrx_word' id='word_1_328' title='bbox 1765 3242 1823 3280; x_wconf 85' lang='lat' dir='ltr'><strong>de</strong></span> <span class='ocrx_word' id='word_1_329' title='bbox 1843 3243 2025 3291; x_wconf 81' lang='lat' dir='ltr'><strong>reliquo</strong></span> <span class='ocrx_word' id='word_1_330' title='bbox 2044 3240 2190 3281; x_wconf 65' lang='lat' dir='ltr'><strong>vitam</strong></span> <span class='ocrx_word' id='word_1_331' title='bbox 2210 3243 2402 3282; x_wconf 82' lang='lat' dir='ltr'><strong>duriore</strong></span> <span class='ocrx_word' id='word_1_332' title='bbox 2424 3243 2748 3282; x_wconf 69' lang='lat' dir='ltr'><strong>exercitatione,</strong></span> <span class='ocrx_word' id='word_1_333' title='bbox 2764 3238 2799 3275; x_wconf 77' lang='lat' dir='ltr'><strong>et</strong></span> <span class='ocrx_word' id='word_1_334' title='bbox 2814 3233 2901 3273; x_wconf 51' lang='lat' dir='ltr'><strong>ms}</strong></span> 
     </span>
     <span class='ocr_line' id='line_1_37' title="bbox 464 3289 2901 3340; baseline -0 -6"><span class='ocrx_word' id='word_1_335' title='bbox 464 3304 631 3334; x_wconf 72' lang='lat' dir='ltr'><strong>severa</strong></span> <span class='ocrx_word' id='word_1_336' title='bbox 660 3296 882 3339; x_wconf 76' lang='lat' dir='ltr'><strong>traduxit.</strong></span> <span class='ocrx_word' id='word_1_337' title='bbox 911 3297 971 3340; x_wconf 85' lang='lat' dir='ltr'><strong>et.</strong></span> <span class='ocrx_word' id='word_1_338' title='bbox 1001 3296 1069 3333; x_wconf 83' lang='lat' dir='ltr'><strong>uti</strong></span> <span class='ocrx_word' id='word_1_339' title='bbox 1101 3292 1318 3334; x_wconf 86' lang='lat' dir='ltr'><strong>omnibus</strong></span> <span class='ocrx_word' id='word_1_340' title='bbox 1346 3294 1610 3337; x_wconf 71' lang='lat' dir='ltr'><strong>constabat.</strong></span> <span class='ocrx_word' id='word_1_341' title='bbox 1641 3293 1955 3335; x_wconf 66' lang='lat' dir='ltr'><strong>Ecclesiarum</strong></span> <span class='ocrx_word' id='word_1_342' title='bbox 1987 3293 2186 3335; x_wconf 77' lang='lat' dir='ltr'><strong>utilitati</strong></span> <span class='ocrx_word' id='word_1_343' title='bbox 2216 3294 2343 3335; x_wconf 84' lang='lat' dir='ltr'><strong>omni</strong></span> <span class='ocrx_word' id='word_1_344' title='bbox 2363 3306 2475 3334; x_wconf 74' lang='lat' dir='ltr'><strong>cura</strong></span> <span class='ocrx_word' id='word_1_345' title='bbox 2497 3306 2546 3334; x_wconf 69' lang='lat' dir='ltr'><strong>sc</strong></span> <span class='ocrx_word' id='word_1_346' title='bbox 2565 3294 2707 3333; x_wconf 81' lang='lat' dir='ltr'><strong>studio</strong></span> <span class='ocrx_word' id='word_1_347' title='bbox 2725 3289 2901 3340; x_wconf 50' lang='lat' dir='ltr'><strong>profiffiffi*</strong></span> 
     </span>
     <span class='ocr_line' id='line_1_38' title="bbox 465 3342 2902 3399; baseline -0.003 -11"><span class='ocrx_word' id='word_1_348' title='bbox 465 3359 518 3388; x_wconf 72' lang='lat' dir='ltr'><strong>ac</strong></span> <span class='ocrx_word' id='word_1_349' title='bbox 547 3351 797 3397; x_wconf 65' lang='lat' dir='ltr'><strong>propterea</strong></span> <span class='ocrx_word' id='word_1_350' title='bbox 815 3359 938 3388; x_wconf 83' lang='lat' dir='ltr'><strong>nono</strong></span> <span class='ocrx_word' id='word_1_351' title='bbox 958 3346 1306 3397; x_wconf 75' lang='lat' dir='ltr'><strong>persecutionis</strong></span> <span class='ocrx_word' id='word_1_352' title='bbox 1325 3358 1460 3392; x_wconf 68' lang='lat' dir='ltr'><strong>anno.</strong></span> <span class='ocrx_word' id='word_1_353' title='bbox 1480 3348 1632 3395; x_wconf 72' lang='lat' dir='ltr'><strong>capite</strong></span> <span class='ocrx_word' id='word_1_354' title='bbox 1654 3350 1907 3396; x_wconf 66' lang='lat' dir='ltr'><strong>amputato.</strong></span> <span class='ocrx_word' id='word_1_355' title='bbox 1925 3350 2000 3388; x_wconf 82' lang='lat' dir='ltr'><strong>est</strong></span> <span class='ocrx_word' id='word_1_356' title='bbox 2016 3359 2042 3387; x_wconf 68' lang='lat' dir='ltr'><strong>a</strong></span> <span class='ocrx_word' id='word_1_357' title='bbox 2059 3350 2154 3388; x_wconf 85' lang='lat' dir='ltr'><strong>Deo</strong></span> <span class='ocrx_word' id='word_1_358' title='bbox 2171 3348 2342 3398; x_wconf 75' lang='lat' dir='ltr'><strong>insigni</strong></span> <span class='ocrx_word' id='word_1_359' title='bbox 2355 3347 2563 3398; x_wconf 65' lang='lat' dir='ltr'><strong>max-tyrii</strong></span> <span class='ocrx_word' id='word_1_360' title='bbox 2577 3342 2902 3399; x_wconf 44' lang='lat' dir='ltr'><strong>coronidem&amp;-</strong></span> 
     </span>
     <span class='ocr_line' id='line_1_39' title="bbox 465 3393 2904 3451; baseline -0.006 -10"><span class='ocrx_word' id='word_1_361' title='bbox 465 3422 515 3429; x_wconf 91' lang='lat'><strong>·-</strong></span> <span class='ocrx_word' id='word_1_362' title='bbox 538 3403 678 3441; x_wconf 77' lang='lat' dir='ltr'><strong>Plura</strong></span> <span class='ocrx_word' id='word_1_363' title='bbox 707 3404 748 3442; x_wconf 84' lang='lat' dir='ltr'><strong>S.</strong></span> <span class='ocrx_word' id='word_1_364' title='bbox 779 3404 948 3442; x_wconf 77' lang='lat' dir='ltr'><strong>Petrus</strong></span> <span class='ocrx_word' id='word_1_365' title='bbox 978 3402 1317 3441; x_wconf 73' lang='lat' dir='ltr'><strong>Alexandrinus</strong></span> <span class='ocrx_word' id='word_1_366' title='bbox 1342 3401 1537 3451; x_wconf 78' lang='lat' dir='ltr'><strong>scriptis</strong></span> <span class='ocrx_word' id='word_1_367' title='bbox 1566 3398 1818 3446; x_wconf 71' lang='lat' dir='ltr'><strong>mandavit,</strong></span> <span class='ocrx_word' id='word_1_368' title='bbox 1846 3412 1964 3450; x_wconf 78' lang='lat' dir='ltr'><strong>quse</strong></span> <span class='ocrx_word' id='word_1_369' title='bbox 1994 3403 2358 3451; x_wconf 77' lang='lat' dir='ltr'><strong>diligentissime</strong></span> <span class='ocrx_word' id='word_1_370' title='bbox 2378 3402 2574 3442; x_wconf 71' lang='lat' dir='ltr'><strong>Galisnd</strong></span> <span class='ocrx_word' id='word_1_371' title='bbox 2596 3401 2752 3447; x_wconf 66' lang='lat' dir='ltr'><strong>aliique</strong></span> <span class='ocrx_word' id='word_1_372' title='bbox 2766 3393 2904 3434; x_wconf 44' lang='lat' dir='ltr'><strong>ecch&amp;</strong></span> 
     </span>
     <span class='ocr_line' id='line_1_40' title="bbox 466 3444 2904 3511; baseline -0.002 -17"><span class='ocrx_word' id='word_1_373' title='bbox 466 3454 573 3494; x_wconf 83' lang='lat' dir='ltr'><strong>stici</strong></span> <span class='ocrx_word' id='word_1_374' title='bbox 604 3456 866 3504; x_wconf 80' lang='lat' dir='ltr'><strong>Scriptores</strong></span> <span class='ocrx_word' id='word_1_375' title='bbox 896 3456 1204 3503; x_wconf 79' lang='lat' dir='ltr'><strong>collegerunt.</strong></span> <span class='ocrx_word' id='word_1_376' title='bbox 1236 3455 1407 3494; x_wconf 82' lang='lat' dir='ltr'><strong>Verum</strong></span> <span class='ocrx_word' id='word_1_377' title='bbox 1437 3456 1542 3503; x_wconf 79' lang='lat' dir='ltr'><strong>ejus</strong></span> <span class='ocrx_word' id='word_1_378' title='bbox 1571 3464 1766 3502; x_wconf 80' lang='lat' dir='ltr'><strong>operum</strong></span> <span class='ocrx_word' id='word_1_379' title='bbox 1796 3456 2121 3495; x_wconf 75' lang='lat' dir='ltr'><strong>tantummodo</strong></span> <span class='ocrx_word' id='word_1_380' title='bbox 2149 3456 2411 3503; x_wconf 62' lang='lat' dir='ltr'><strong>fragmenta</strong></span> <span class='ocrx_word' id='word_1_381' title='bbox 2438 3453 2568 3495; x_wconf 82' lang='lat' dir='ltr'><strong>nobis</strong></span> <span class='ocrx_word' id='word_1_382' title='bbox 2585 3444 2904 3511; x_wconf 47' lang='lat' dir='ltr'><strong>cupersanum}</strong></span> 
     </span>
     <span class='ocr_line' id='line_1_41' title="bbox 464 3502 2902 3558; baseline -0.009 -5"><span class='ocrx_word' id='word_1_383' title='bbox 464 3518 600 3556; x_wconf 75' lang='lat' dir='ltr'><strong>quae.</strong></span> <span class='ocrx_word' id='word_1_384' title='bbox 626 3510 833 3557; x_wconf 68' lang='lat' dir='ltr'><strong>Regulus</strong></span> <span class='ocrx_word' id='word_1_385' title='bbox 862 3510 1089 3557; x_wconf 68' lang='lat' dir='ltr'><strong>quaedam</strong></span> <span class='ocrx_word' id='word_1_386' title='bbox 1110 3510 1236 3549; x_wconf 79' lang='lat' dir='ltr'><strong>circs</strong></span> <span class='ocrx_word' id='word_1_387' title='bbox 1255 3509 1426 3557; x_wconf 67' lang='lat' dir='ltr'><strong>Lapsae</strong></span> <span class='ocrx_word' id='word_1_388' title='bbox 1445 3508 1778 3553; x_wconf 68' lang='lat' dir='ltr'><strong>observandae,</strong></span> <span class='ocrx_word' id='word_1_389' title='bbox 1791 3508 1900 3555; x_wconf 75' lang='lat' dir='ltr'><strong>Jure</strong></span> <span class='ocrx_word' id='word_1_390' title='bbox 1921 3511 2182 3557; x_wconf 83' lang='lat' dir='ltr'><strong>meritoque</strong></span> <span class='ocrx_word' id='word_1_391' title='bbox 2204 3510 2399 3558; x_wconf 75' lang='lat' dir='ltr'><strong>plurimi</strong></span> <span class='ocrx_word' id='word_1_392' title='bbox 2418 3510 2654 3551; x_wconf 72' lang='lat' dir='ltr'><strong>habentur.</strong></span> <span class='ocrx_word' id='word_1_393' title='bbox 2672 3506 2691 3525; x_wconf 74' lang='lat'>⁸</span> <span class='ocrx_word' id='word_1_394' title='bbox 2710 3505 2817 3542; x_wconf 65' lang='lat' dir='ltr'><strong>oms</strong></span> <span class='ocrx_word' id='word_1_395' title='bbox 2833 3502 2902 3533; x_wconf 61' lang='lat' dir='ltr'><strong>eec-</strong></span> 
     </span>
     <span class='ocr_line' id='line_1_42' title="bbox 466 3556 2904 3611; baseline -0.002 -11"><span class='ocrx_word' id='word_1_396' title='bbox 466 3564 752 3609; x_wconf 70' lang='lat' dir='ltr'><strong>exceptione.</strong></span> <span class='ocrx_word' id='word_1_397' title='bbox 781 3563 846 3601; x_wconf 68' lang='lat' dir='ltr'><strong>ait</strong></span> <span class='ocrx_word' id='word_1_398' title='bbox 873 3560 1116 3607; x_wconf 69' lang='lat' dir='ltr'><strong>nst-onius,</strong></span> <span class='ocrx_word' id='word_1_399' title='bbox 1145 3563 1257 3602; x_wconf 77' lang='lat' dir='ltr'><strong>sunt</strong></span> <span class='ocrx_word' id='word_1_400' title='bbox 1274 3559 1591 3611; x_wconf 76' lang='lat' dir='ltr'><strong>dignissimae,</strong></span> <span class='ocrx_word' id='word_1_401' title='bbox 1611 3570 1638 3599; x_wconf 71' lang='grc' dir='ltr'>ι</span> <span class='ocrx_word' id='word_1_402' title='bbox 1653 3561 1871 3601; x_wconf 75' lang='lat' dir='ltr'><strong>Patribus</strong></span> <span class='ocrx_word' id='word_1_403' title='bbox 1892 3564 2168 3611; x_wconf 68' lang='lat' dir='ltr'><strong>praesertim</strong></span> <span class='ocrx_word' id='word_1_404' title='bbox 2189 3559 2504 3603; x_wconf 73' lang='lat' dir='ltr'><strong>Orientalibus</strong></span> <span class='ocrx_word' id='word_1_405' title='bbox 2525 3562 2730 3611; x_wconf 69' lang='lat' dir='ltr'><strong>cognitae.</strong></span> <span class='ocrx_word' id='word_1_406' title='bbox 2748 3562 2818 3593; x_wconf 76' lang='lat' dir='ltr'><strong>mu</strong></span> <span class='ocrx_word' id='word_1_407' title='bbox 2833 3556 2904 3587; x_wconf 54' lang='lat' dir='ltr'><strong>nee·</strong></span> 
     </span>
     <span class='ocr_line' id='line_1_43' title="bbox 464 3616 1050 3667; baseline 0.003 -14"><span class='ocrx_word' id='word_1_408' title='bbox 464 3616 587 3664; x_wconf 65' lang='lat' dir='ltr'><strong>ptus,</strong></span> <span class='ocrx_word' id='word_1_409' title='bbox 606 3619 748 3663; x_wconf 68' lang='lat' dir='ltr'><strong>atque</strong></span> <span class='ocrx_word' id='word_1_410' title='bbox 769 3617 1004 3666; x_wconf 66' lang='lat' dir='ltr'><strong>probatae.</strong></span> <span class='ocrx_word' id='word_1_411' title='bbox 1030 3645 1050 3667; x_wconf 83' lang='grc'><strong>,</strong></span> 
     </span>
    </p>
   </div>
   <div class='ocr_carea' id='block_1_6' title="bbox 2921 3211 2926 4687">
    <p class='ocr_par' dir='ltr' id='par_1_7' title="bbox 2921 3211 2926 4687">
     <span class='ocr_line' id='line_1_44' title="bbox 2921 3211 2926 4687; baseline 0 0"><span class='ocrx_word' id='word_1_412' title='bbox 2921 3211 2926 4687; x_wconf 95' lang='lat' dir='ltr'><strong> </strong></span> 
     </span>
    </p>
   </div>
  </div>
 </body>
</html>
