2993 4837
552 284 681 347 ⁴52
1290 302 1369 347 na
1417 301 1471 347 s.
1527 298 1766 347 canoto
1816 296 2150 348 aonaomo
2711 283 2930 349 ΗΜΛ

462 384 923 473 mysteriaque
980 383 1383 464 declaravit;
1453 382 1755 473 publicis
1821 383 2466 485 supplicationibus,
2519 384 2931 465 concionibus,

460 473 650 543 omni
701 473 1005 554 ratione,
1074 495 1115 543 a
1175 472 1794 563 voluptatibusssd
1861 495 2008 563 pias
2076 476 2589 546 exercitationes
2643 472 2940 544 traducere

461 583 734 633 summo
765 561 992 631 studio
1025 561 1360 650 populum
1394 573 1685 631 conatus
1716 572 1838 631 est.
1874 566 1962 631 Ac
2000 584 2079 632 ea
2111 584 2389 654 quoque
2441 585 2560 653 per
2608 561 2672 630 id
2719 574 2942 649 tempas

459 671 627 719 cura
675 649 1218 721 sollicitabatur:
1272 649 1454 737 quod
1514 671 1787 719 sacrum
1853 649 2024 720 illud
2093 656 2560 722 Romanarum
2627 650 2946 720 stationum

461 760 720 808 munus
764 738 1090 809 ecclesiae
1121 760 1288 809 suae
1333 762 1493 808 cum
1531 738 2029 825 acquisivisset,
2082 742 2488 812 constitutas
2517 762 2599 810 ea
2637 740 2717 809 de
2748 759 2943 808 caussa

459 825 782 898 ecclesias
817 827 909 896 ita
958 849 1180 897 mares
1213 827 1645 913 feminaeque
1707 826 2012 909 adibant,
2052 841 2127 898 ut
2164 851 2339 915 quae
2390 852 2495 899 res
2542 829 2644 898 eis
2677 826 2755 896 ad
2801 827 2950 896 salu·

462 928 594 984 tem
630 928 1023 1005 comparata
1053 929 1218 996 erat,
1259 937 1339 985 ea
1372 938 1445 985 re
1480 915 1763 1016 plurimi
1802 915 1888 985 ad
1928 917 2294 1005 perniciem
2330 919 2792 989 abuterentur.
2817 919 2948 984 Cum

460 1004 645 1073 enim
681 1026 886 1091 quam
941 1005 1237 1074 maxima
1285 1005 1526 1085 animi,
1579 1005 2021 1094 corporisque
2070 1005 2398 1077 modestia
2435 1006 2521 1076 ad
2562 1006 2813 1074 veniam
2858 1005 2950 1073 im-

511 1091 891 1174 etrandam,
941 1093 1010 1161 in
1050 1092 1361 1162 divinum
1395 1105 1837 1184 conspectum
1883 1094 2110 1164 venire
2134 1093 2481 1177 deberent,
2523 1093 2948 1172 immoderata,

490 1181 855 1268 ascivoque
893 1181 1085 1252 cultu
1115 1181 1620 1254 studiosissime
1673 1182 1918 1265 ornati,
1975 1182 2382 1254 libidinosos
2427 1184 2825 1253 exercebant
2860 1204 2894 1249 ο

464 1282 676 1350 tutus;
707 1291 854 1339 eam
880 1292 1082 1340 corru
1139 1270 1365 1345 telam,
1396 1270 1714 1357 quamvis
1747 1292 1931 1340 nunc
1954 1271 2085 1341 diei
2116 1285 2445 1363 tempora,
2476 1293 2664 1343 nunc
2693 1269 2952 1339 visenda}

462 1357 807 1439 ecclesias,
850 1359 1011 1429 viris
1098 1359 1484 1446 eminisque
1524 1359 1892 1449 separatim
1933 1360 2338 1443 dividend0,
2384 1361 2559 1430 alias
2608 1361 2740 1430 alia
2784 1357 2952 1448 prori-

462 1446 737 1528 dendo,
807 1446 1039 1516 tollere
1099 1448 1481 1517 curaverit:
1539 1469 1673 1518 non
1775 1449 1949 1519 otuit
2007 1450 2291 1520 omnino
2351 1452 2684 1536 consequi
2749 1463 2946 1516 tamen.

464 1541 712 1605 Morem
753 1534 1108 1606 muliebris
1139 1536 1385 1626 capitis
1432 1537 1706 1625 operien
1766 1537 1809 1618 i,
1862 1538 1982 1623 qui
2016 1537 2100 1607 ad
2137 1561 2489 1609 sacrorum
2535 1538 2836 1608 locorum
2877 1555 2950 1602 re-

461 1624 830 1694 verentiam
866 1679 881 1705 ,
938 1624 1345 1712 vitiososque
1391 1638 1678 1695 ornatus
1738 1640 2191 1714 aspectusque
2255 1626 2738 1718 impediendos
2798 1621 2924 1711 per‘

463 1725 672 1792 neret,
725 1734 803 1781 eo
853 1726 1155 1800 tempore
1206 1713 1570 1783 renovavit.
1626 1719 1766 1784 Mos
1832 1715 1942 1783 hic
1988 1715 2368 1805 Apostolica
2428 1715 2744 1785 doctrina
2792 1709 2950 1780 disci-

464 1799 790 1890 plinaque
819 1802 964 1891 jam
1005 1801 1160 1871 inde
1192 1802 1278 1870 ab
1313 1801 1649 1872 Ecclesiae
1690 1803 1882 1872 initio
1921 1805 2408 1893 comprobatus
2433 1859 2447 1885 ,
2487 1802 2846 1873 Mediolani

464 1902 644 1959 trum
707 1889 1035 1959 memoria
1101 1890 1600 1961 modestissime
1666 1905 1971 1962 servatus
2034 1906 2176 1976 est,
2248 1916 2406 1963 cum
2465 1893 2723 1970 nedum
2782 1889 2906 1968 capi

464 1976 752 2068 puellae,
792 1978 910 2048 sed
945 1991 1078 2048 tota
1106 1979 1278 2048 facie
1312 1979 1456 2048 velo
1489 1992 1795 2050 contecta
1841 1979 2222 2070 prodibant.
2268 1982 2614 2051 Persuasit
2663 1980 2731 2049 id
2784 1978 2890 2066 prii

467 2088 585 2156 per
634 2067 966 2156 parochos
1011 2082 1076 2136 et
1123 2090 1353 2137 sacros
1384 2069 1942 2150 concionatoreS,
2000 2090 2154 2139 mox
2190 2071 2393 2140 etiam
2431 2071 2649 2157 jussit
2683 2084 2756 2138 ut
2783 2089 2852 2137 ex

464 2155 657 2245 plum
700 2155 816 2224 alii
865 2156 1218 2226 Praesules
1269 2157 1559 2237 imitati,
1623 2156 1799 2225 idem
1845 2159 2288 2237 eniterentur,
2346 2159 2744 2246 servarique
2796 2156 2872 2225 eti

464 2245 895 2335 gravioribus
946 2245 1181 2333 poenis
1240 2246 1574 2334 appositis
1619 2245 1982 2316 edicerent.
2054 2251 2265 2334 Atque
2310 2248 2714 2317 continuata
2776 2260 2950 2314 rerum

465 2332 869 2404 salutarium
921 2337 1111 2413 curci,
1156 2334 1499 2423 synodum
1537 2357 1700 2404 suae
1728 2334 2057 2404 dioecesis
2095 2358 2174 2406 eo
2211 2359 2396 2406 anno
2433 2352 2684 2424 quarto
2721 2331 2950 2404 hahuit}

462 2444 669 2510 quam
719 2445 799 2492 ex
838 2422 1185 2492 Pontificis
1233 2423 1695 2505 concessione,
1748 2423 2008 2511 aliquot
2047 2426 2191 2515 jam
2238 2426 2439 2496 annis
2486 2425 2858 2495 differebat.

464 2531 542 2581 eo
585 2510 669 2581 de
726 2511 972 2581 vestitu
1018 2510 1358 2592 clericali,
1429 2534 1551 2602 pro
1603 2512 1728 2582 loci
1788 2526 1906 2583 aut
1959 2513 2315 2604 dignitatis
2380 2516 2704 2584 varietate
2761 2510 2898 2581 disti

464 2598 760 2689 guendo,
802 2613 963 2668 tunc
1001 2600 1297 2688 primum
1337 2599 1535 2690 plene
1566 2601 1959 2682 constituit;
1998 2602 2080 2672 dc
2117 2604 2330 2673 sacris
2359 2604 2562 2672 etiam
2605 2601 2950 2692 peregrina-

466 2687 769 2771 tionibus
867 2687 926 2755 ie
973 2688 1332 2771 obeundis,
1371 2690 1534 2777 quia
1563 2690 1610 2757 J
1617 2689 1887 2759 ubileus
1935 2692 2574 2780 appropinquabat;
2614 2692 2702 2761 de.
2747 2689 2893 2759 ratio

465 2774 710 2864 synodi
741 2798 816 2845 ce
846 2776 1212 2859 ebrandae;
1250 2778 1334 2847 de
1374 2779 1757 2848 visitatione
1788 2779 2285 2850 Prae'fectorum
2329 2780 2543 2860 urbis,
2594 2794 2663 2851 et
2713 2776 2906 2849 vicari

464 2885 646 2944 rum,
685 2884 858 2950 quos
910 2886 1026 2953 per
1072 2865 1436 2936 dioecesim
1487 2867 1894 2937 constitutos
1943 2868 2275 2949 habebat,
2332 2869 2551 2956 deque
2595 2864 2954 2939 eorumdem

466 2965 801 3023 conventu
830 2975 1057 3023 coram
1095 2955 1622 3046 Archiepiscopo
1652 2956 2019 3042 quotannis
2067 2956 2332 3047 agendo
2370 2982 2385 3022 ε
2435 2958 2566 3026 alia
2611 2958 2830 3028 multa
2861 2952 2952 3047 cla:

465 3040 627 3111 ricis
664 3041 1052 3132 populoque
1086 3043 1275 3112 valde
1309 3043 1682 3114 fructuosa.
1737 3045 2010 3115 Addidit
2060 3062 2219 3116 tunc
2270 3046 2569 3135 primum
2616 3047 2705 3116 ad
2757 3034 2952 3133 synod:

467 3130 730 3200 decreta
783 3132 1073 3220 scriptas
1124 3133 1532 3204 monitiones
1579 3133 1914 3219 quasdam
1967 3156 2044 3204 ex
2096 3135 2298 3205 veteri
2354 3135 2692 3216 institut0,
2747 3132 2952 3220 quibus

467 3218 552 3289 ad
585 3219 805 3288 officia
836 3243 961 3290 sua
997 3220 1271 3311 singula
1310 3234 1483 3291 recte
1512 3223 1842 3293 servanda
1866 3223 2250 3293 sacerdotes
2279 3223 2684 3294 excitantur.
2723 3221 2948 3310 Dehinc·

465 3330 544 3378 eo
580 3331 697 3397 per
727 3309 1092 3379 dioecesim
1128 3308 1450 3380 ecclesias
1488 3311 1916 3400 inspiciente,
1953 3313 2289 3382 Henricus
2325 3311 2652 3381 Poloniae‘
2679 3318 2811 3382 Rex
2842 3326 2950 3377 con·

466 3399 765 3478 stitutuS,
820 3397 1053 3468 Carolo
1085 3398 1289 3468 fratre
1330 3398 1585 3468 Galliae
1638 3406 1815 3489 Rege
1864 3414 2152 3480 mortuo,
2200 3400 2284 3470 ad
2323 3420 2608 3490 regnum
2662 3398 2829 3470 illud
2873 3415 2952 3463 ca·

467 3486 878 3573 pessendum
934 3487 1241 3567 rediens,
1300 3509 1418 3576 per
1466 3487 2038 3560 Mediolanensem
2088 3511 2332 3579 agrum
2389 3491 2514 3558 iter
2561 3490 2739 3569 iecit,
2790 3500 2948 3578 quern

464 3573 834 3643 Modoetiae
862 3575 1140 3645 Carolus
1165 3576 1504 3655 convenit,
1545 3576 2088 3664 muneribusque
2123 3578 2460 3669 religiosis
2484 3578 2784 3656 donavit,
2821 3584 2952 3660 opu·

465 3663 731 3749 misque
780 3665 1159 3753 praeceptis
1205 3664 1288 3732 ad
1331 3665 1644 3754 pietatem
1693 3679 1866 3735 recte
1904 3666 2288 3747 colendam,
2334 3666 2724 3754 Galliasque
2765 3667 2951 3733 baere-

466 3750 615 3819 ticis
665 3749 1077 3821 tumultibus
1127 3752 1410 3822 afflictas
1469 3754 1898 3834 recreandaS,
1961 3755 2204 3842 juvare
2257 3755 2558 3825 studuit:
2612 3778 2748 3842 qua
2795 3753 2865 3819 de
2904 3764 2952 3813 re

460 3839 784 3920 Pontifex,
840 3861 997 3908 cum
1047 3840 1379 3930 explicate
1411 3844 1669 3921 omnia,
1709 3865 2187 3931 quaecumque
2228 3865 2386 3912 cum
2421 3866 2500 3913 eo
2534 3843 2806 3913 Carolus
2833 3858 2950 3922 ege

460 3940 585 4006 rat,
638 3928 1091 4015 exquisiisset,
1154 3929 1349 3999 valde
1407 3930 1602 4000 illum
1663 3931 2098 4001 collaudavit.
2155 3937 2381 4018 Neque
2441 3938 2693 4021 Regem
2742 3928 2946 4023 soluta,

462 4016 575 4116 sed
622 4016 971 4107 Principes
1005 4038 1302 4108 quoque,
1347 4020 1464 4107 qui
1513 4042 1669 4090 eum
1721 4021 2249 4101 comitabantur,
2296 4020 2411 4089 ille
2457 4021 2799 4091 similibus
2841 4012 2948 4083 offl-

460 4124 585 4172 cns
634 4105 716 4173 ad
774 4107 1084 4192 pietatem
1136 4108 1594 4199 religiosaque
1643 4110 1951 4179 instituta
2000 4110 2263 4178 curavit
2310 4110 2641 4189 excitare,
2701 4110 2762 4177 in
2807 4122 2942 4190 quo·

460 4204 784 4292 utnsaepe
831 4194 1024 4278 alias,
1078 4198 1411 4277 ostendit,
1465 4207 1672 4285 quam
1723 4198 1809 4267 ad
1863 4220 2049 4278 rem,
2105 4219 2325 4285 quave
2372 4199 2634 4268 ratione
2679 4203 2941 4284 Regum,

460 4283 1001 4372 Principumque
1048 4285 1349 4355 amicitia
1398 4289 1511 4355 Dei
1553 4286 1872 4356 sacerdos
1920 4299 2176 4356 utatur.
2216 4291 2427 4374 Atque
2458 4308 2537 4356 ea
2568 4286 2787 4356 omnia
2820 4286 2940 4348 Rex.

458 4391 616 4438 cum
655 4392 733 4438 ex
785 4372 1008 4442 verbis
1046 4386 1110 4441 et
1156 4373 1353 4443 factis
1401 4374 1855 4454 declarasset,
1919 4375 2205 4464 plurimi
2244 4398 2316 4445 se
2363 4375 2677 4445 Carolum
2721 4373 2958 4442 sacere‚÷
