2993 4837
544 314 671 377 4⁴8
1184 329 1261 374 nr,
1307 329 1363 375 s.
1416 327 1692 375 mammo
1740 329 1836 373 Er.
1891 327 2242 375 runotvsivst
2642 307 2796 375 Nov,
2834 309 2889 373 tt

456 413 737 483 domum
772 434 1055 502 corpora
1092 433 1295 502 aegra
1346 413 1892 502 procumberent,
1932 412 2201 482 Martini
2254 433 2374 502 per
2421 412 2667 481 litteras
2708 409 2902 500 implo-

458 502 627 570 ravit
673 501 1031 570 auxilium.
1084 505 1229 583 Quo
1280 513 1579 590 tempore
1627 501 1727 571 vir
1773 501 2013 572 beatus
2054 523 2194 570 rem
2245 522 2394 570 esse
2429 499 2729 591 promisit
2764 497 2907 571 diffi-

457 590 653 658 cilem
729 589 1123 680 impetrari:
1179 611 1335 658 nam
1411 589 1662 678 spiritu
1735 589 2109 670 sentiebat,
2162 588 2448 659 domum
2498 587 2681 658 illam
2723 586 2911 658 divino

461 678 743 747 numine
793 677 1172 747 verberari:
1243 689 1468 747 tamen
1512 699 1644 746 non
1699 678 1891 767 prius
1937 678 2215 757 destitit,
2275 690 2529 768 septem
2587 689 2747 747 totos
2777 674 2913 756 dies.

458 766 871 853 totidemque
904 777 1130 836 noctes
1167 766 1426 835 orando
1455 777 1521 834 et
1540 766 1921 856 jejunando
1952 768 2388 847 continuans,
2420 787 2625 852 quam
2657 762 2743 844 id,
2769 786 2805 852 q
2854 795 2894 824 ιιι

455 855 874 924 exorandum
923 868 1287 955 receperat,
1325 854 1417 922 im
1473 866 1739 924 etraret.
1782 860 1927 924 Mox
1975 855 2057 924 ad
2108 876 2265 924 eum
2317 854 2701 943 Lycontius‚
2729 852 2847 922 divi
2895 890 2932 914 -.

456 957 771 1033 expertus
811 943 1163 1023 beneficta,
1218 877 1607 1043 pervolavit,
1667 943 2005 1013 nuncians
2049 942 2284 1022 simul,
2337 956 2400 1012 et
2438 963 2649 1032 agens
2683 941 2913 1031 gratias,

455 1030 733 1101 domum
786 1054 982 1101 suam
1045 1053 1233 1100 omn1
1300 1029 1602 1120 periculo
1668 1031 2048 1101 liberatam.
2105 1036 2386 1101 Centum
2445 1032 2649 1099 etiam
2694 1030 2915 1121 argenti

458 1119 669 1190 libras
714 1120 1002 1201 obtulit,
1060 1141 1233 1205 quas
1294 1119 1396 1187 vir
1450 1120 1689 1189 beatus
1747 1142 1871 1189 nec
1931 1120 2235 1208 respuit,
2290 1142 2414 1189 nec
2474 1141 2632 1189 acce
2684 1119 2774 1199 it;
2827 1115 2939 1188 sed*

458 1209 860 1308 priusquam
914 1208 1182 1298 pondus
1228 1206 1402 1275 illud
1451 1208 1847 1278 monasterii
1881 1208 2088 1276 limen
2124 1209 2503 1298 attingeret,
2549 1230 2619 1276 re
2672 1205 2893 1275 imendi

461 1296 524 1365 id
558 1296 842 1397 captivis
873 1297 1197 1366 continuo
1225 1295 1598 1384 deputavit.
1642 1301 1719 1365 Et
1750 1318 1909 1365 cum
1943 1296 2008 1364 ei
2038 1310 2518 1387 suggereretur
2547 1318 2584 1364 a
2616 1295 2835 1366 fratrib
2885 1323 2894 1332 ·

453 1399 530 1454 ut
575 1385 834 1472 aliquid
882 1407 961 1454 ex
1006 1406 1084 1453 eo
1134 1385 1198 1453 in
1251 1404 1403 1453 sum
1465 1397 1570 1454 tus
1620 1385 2011 1454 monasterii
2069 1397 2457 1465 reservaret,
2511 1384 2820 1453 omnibus
2872 1387 2912 1451 i

455 1487 747 1562 angusto
791 1495 939 1544 esse
980 1474 1254 1553 victum,
1294 1493 1411 1541 mu
1447 1473 1532 1541 tis
1570 1472 1804 1542 deesse
1857 1474 2202 1542 vestitum:
2257 1496 2294 1539 «
2345 1478 2499 1552 Nos,
2551 1473 2786 1560 inquit,
2853 1483 2921 1537 ἱ...

455 1561 661 1631 clesia
705 1576 767 1631 et
816 1573 1069 1651 pascat,
1116 1575 1179 1630 et
1214 1561 1469 1641 vestiat,
1524 1560 1901 1631 dummodo
1950 1561 2121 1631 nihil
2185 1562 2433 1631 nostris
2488 1561 2733 1632 usibus
2764 1582 2803 1648 q

457 1650 626 1721 sisse
663 1649 1015 1719 videamur
1053 1673 1087 1715 »
1126 1700 1260 1718 .....

861 1976 906 2001 ο
1072 1883 1173 1947 DE
1222 1881 1620 1947 TRANSITU
1672 1882 1949 1948 SANCTI
2001 1882 2342 1947 MARTINI

564 2044 643 2092 Ex
677 2043 994 2101 EPISTOLA,
1032 2043 1206 2099 QUAH
1239 2041 1562 2090 SULPICIUS
1593 2039 1868 2090 scmrsrr
1906 2043 1987 2089 An
2024 2040 2350 2091 BASSULAx
2384 2040 2639 2090 socam(
2672 2043 2853 2091 sun.

537 2186 573 2271 ξ
620 2189 696 2257 1.
751 2181 1138 2272 Sulpicius:
1187 2181 1516 2250 Martinus
1564 2180 1774 2270 igitur
1820 2179 2076 2250 obitum
2114 2202 2317 2250 suum
2369 2181 2573 2271 longe
2604 2194 2759 2253 ante
2789 2203 2830 2273 p
2869 2213 2916 2241 2·-

451 2272 688 2352 scivit,
749 2271 1051 2357 dixitque
1089 2269 1437 2349 fratribuS,
1491 2267 2009 2338 dissolutionem
2073 2270 2178 2339 sui
2236 2272 2544 2359 corporis
2594 2271 2865 2340 immin·⁴
2901 2301 2934 2336 a..

450 2366 712 2430 Interea
759 2381 965 2430 causa
997 2358 1232 2438 extitit,
1270 2380 1405 2446 qua
1440 2357 1925 2427 condatensem
1966 2356 2001 2391 ⁴*
2033 2355 2396 2428 dioecesim
2443 2359 2770 2430 visitaret.
2810 2364 2919 2431 Na

449 2449 714 2518 clericis
770 2449 944 2517 inter
997 2469 1069 2518 se
1108 2447 1443 2517 Ecclesiae
1501 2446 1687 2515 illius
1742 2445 2340 2528 discordantibuS,
2393 2470 2631 2536 pacem
2692 2472 2782 2519 cu
2831 2449 2901 2517 ie·

453 2537 838 2616 reformare,
897 2537 1052 2605 licet
1099 2536 1303 2608 finem
1364 2534 1630 2604 dierum
1678 2556 1958 2604 suorum
2009 2556 2142 2603 non
2200 2535 2589 2625 ignoraret,
2640 2559 2763 2626 pro

454 2640 674 2695 tamen
716 2625 802 2694 ob
838 2624 1223 2694 istiusmodi
1255 2645 1532 2692 causam
1571 2644 1701 2691 non
1740 2624 2095 2704 recusavit,
2144 2624 2390 2694 bonam
2436 2625 2614 2694 hanc
2649 2627 2850 2696 virtut
2887 2658 2921 2687 .·-2

449 2735 729 2783 suarum
762 2713 1418 2782 consummationem
1449 2711 1868 2790 existimans,
1904 2711 1961 2779 si
1999 2734 2231 2801 pacem
2269 2712 2609 2784 Ecclesiae
2643 2715 2938 2783 reddita

450 2800 860 2888 reliquisset.
913 2806 1007 2870 Ita
1052 2801 1391 2890 profectus
1423 2822 1581 2869 cum
1617 2822 1742 2869 suo
1791 2799 1931 2879 illo,
1970 2813 2043 2869 ut
2076 2821 2367 2890 semper,
2421 2800 2932 2889 frequentissiu..¹

447 2889 945 2979 discipulorum
981 2889 1554 2975 sanctissimoque
1584 2888 1932 2968 comitatu,
1973 2910 2242 2979 mergos
2272 2889 2340 2957 in
2376 2889 2671 2960 ssumine
2704 2887 2917 2978 conspi

446 2990 641 3049 catur
689 2977 977 3067 piscium
1032 2977 1350 3068 praedam
1394 2976 1611 3063 sequi,
1650 2988 1713 3045 et
1753 2998 2064 3065 rapacem
2116 2976 2488 3067 ingluviem
2524 2980 2830 3050 assiduis
2858 2999 2941 3047 ur-

446 3088 604 3154 gere
651 3067 934 3156 captivis
967 3090 977 3131 :
1034 3089 1069 3132 «
1106 3070 1368 3145 Forma,
1408 3065 1652 3152 inquit,
1694 3065 1858 3134 haec
1898 3065 2309 3134 daemonum
2349 3077 2495 3146 est;
2553 3068 2941 3137 insidiantur

445 3155 760 3234 incautiS,
803 3155 1084 3243 capiunt
1134 3154 1532 3234 nescienteS,
1585 3167 1818 3241 captos
1872 3153 2215 3232 devorant,
2268 3157 2789 3244 exsaturarique
2834 3173 2937 3224 non

441 3256 702 3332 queunt
747 3242 1104 3313 devoratis.
1142 3265 1176 3308 »
1227 3247 1523 3331 Imperat
1569 3241 1816 3311 deinde
1852 3242 2103 3331 potenti
2156 3242 2398 3311 virtute
2449 3243 2838 3326 verborum,
2883 3253 2933 3310 ut

440 3355 622 3413 eum,
667 3332 778 3401 cui
812 3331 1250 3411 innatabant,
1304 3331 1644 3420 gurgitem
1696 3329 2176 3417 relinquenteS,
2230 3331 2456 3400 aridas
2494 3345 2801 3420 peterent
2843 3330 2933 3399 de·

440 3433 788 3508 sertasque
817 3420 1164 3509 regiones:
1203 3441 1280 3487 eo
1323 3419 1650 3488 nimirum
1687 3420 1868 3488 circa
1901 3440 2056 3488 aves
2098 3419 2249 3488 illas
2282 3441 2449 3489 usus
2480 3421 2800 3511 imperio,
2830 3436 2939 3507 quo

440 3510 806 3579 daemones
860 3508 1093 3598 fugare
1146 3518 1610 3577 consueverat.
1664 3513 1764 3577 Ita
1810 3529 2013 3597 grege
2060 3506 2236 3577 facto
2270 3563 2285 3588 ,
2338 3508 2575 3578 omnes
2625 3511 2698 3578 in
2744 3526 2929 3580 unum

441 3598 598 3667 illae
633 3598 939 3668 volucres
984 3618 1108 3666 con
1166 3608 1471 3695 regatae,
1529 3596 1758 3690 relicto
1808 3597 2115 3675 flumine,
2165 3609 2427 3665 montes
2469 3597 2813 3686 silvasque
2855 3615 2937 3684 pe·

440 3688 712 3767 tierunt‚
747 3708 878 3754 non
909 3686 1055 3754 sine
1081 3708 1118 3753 a
1173 3685 1531 3753 miratione
1560 3684 1956 3765 multorum,
1981 3684 2102 3772 qui
2129 3697 2385 3754 tantam
2424 3685 2490 3754 in
2522 3689 2809 3757 Martino
2837 3684 2935 3751 vir-

439 3788 650 3846 tutem
690 3775 1024 3854 viderunt,
1065 3787 1140 3842 ut
1177 3774 1379 3843 etiam
1416 3772 1657 3842 avibus
1698 3773 2090 3861 imperaret.

524 3867 560 3952 ξ
605 3868 687 3934 8.
740 3861 1153 3950 aliquandiu
1200 3884 1361 3950 ergo
1409 3861 1475 3930 in
1530 3862 1674 3931 vico
1735 3861 1851 3930 illo
1904 3861 2001 3929 vel
2070 3861 2138 3930 in
2201 3862 2550 3944 Ecclesia,
2617 3864 2701 3933 ad
2758 3878 2931 3948 quam

437 3954 668 4032 iverat,
723 3962 1184 4021 commoratus
1214 4005 1229 4030 ,
1286 3972 1448 4038 pace
1498 3948 1671 4019 inter
1717 3949 2001 4020 clericos
2048 3951 2355 4020 restituta
2386 4007 2401 4033 ‚
2454 3974 2611 4021 cum
2675 3954 2808 4042 jam
2852 3966 2933 4015 re·

486 4041 624 4111 redi
673 4040 758 4110 ad
810 4039 1296 4110 monasterium
1350 4038 1696 4129 cogitaret,
1755 4038 2015 4107 viribus
2062 4039 2369 4128 corporis
2419 4042 2641 4130 coepit
2694 4046 2930 4128 repente

434 4066 736 4200 destitui.
790 4128 1317 4215 convocatisque
1364 4127 1773 4215 discipuliS,
1834 4127 2089 4196 indicat
2135 4150 2208 4196 se
2264 4128 2407 4215 jam
2476 4129 2737 4198 resolvi.
2788 4125 2925 4193 Tum

437 4241 589 4287 vero
640 4239 905 4287 moeror
964 4228 1029 4286 et
1094 4216 1322 4286 luctus
1369 4216 1679 4285 omnium
1714 4270 1733 4296 ,
1803 4237 1923 4284 vox
1986 4238 2126 4285 una
2177 4215 2693 4306 plangentium:
2755 4216 2930 4280 «Cur

438 4326 601 4384 nos,
657 4318 891 4392 pater,
946 4305 1259 4374 deseris?
1306 4319 1425 4374 aut
1475 4304 1588 4374 cui
1654 4327 1775 4374 nos
1824 4303 2162 4376 desolatos
2212 4305 2592 4394 relinquis?
2636 4298 2925 4374 Invadent

488 4431 514 4456 ¹*
543 4425 662 4470 Gall.
680 4428 833 4476 Concu,
852 4439 961 4472 mae
987 4430 1211 4471 dioecesis
1232 4431 1458 4481 paroecia.
