2993 4837
567 236 695 300 506
1253 253 1330 298 nc
1378 253 1433 298 s.
1488 251 1805 299 Leoronno
1856 252 2254 299 com-essone
2687 231 2829 296 Not.
2867 219 2918 294 Γ

564 341 600 422 ξ
647 341 733 408 4.
787 334 868 405 Ηί
919 357 1081 424 ergo
1116 335 1214 405 sic
1254 336 2049 427 sanctissimocopulati
2106 336 2580 414 matrimoniO,
2635 335 2784 404 mira
2815 356 2909 402 cun

477 438 704 494 essent
763 423 968 494 ambo
1033 423 1321 510 praediti
1374 424 1700 504 bonitate,
1751 426 1959 495 ambo
2008 426 2076 494 in
2128 425 2649 515 Redemptorem
2701 435 2824 491 nost
2891 454 2897 479 ι

481 512 915 601 pientissimi,
971 512 1205 600 nilque
1254 513 1321 580 in
1374 512 1521 583 dies
1567 514 1945 603 cogitarent
1979 515 2113 585 nisi
2144 536 2281 601 quo
2318 515 2616 583 maxime
2648 525 2811 601 pacto
2833 511 2893 600 pl

473 622 626 671 cere
647 625 725 671 ac
750 623 1025 672 summo
1063 606 1190 672 Dco
1222 602 1595 691 gratificari
1631 615 1926 691 possent:
1953 603 2328 672 concordes
2352 603 2576 671 animi
2606 613 2669 670 et
2699 599 2906 687 unospi

481 690 975 770 ritu‚arbitrati
1027 713 1165 759 rem
1222 703 1484 780 gratam
1536 690 1880 761 Altissimo
1928 690 2093 773 fore,
2157 693 2210 762 si
2266 714 2480 779 quam
2542 711 2694 760 aere
2739 688 2913 786 pro]

476 800 740 848 sacram
790 792 1266 849 construerent
1311 780 1574 861 aedem,
1626 780 1741 848 cui
1771 801 2083 866 quaeque
2127 780 2497 850 commoda
2530 794 2596 849 et
2646 778 2796 846 mini

483 880 749 956 praesto
787 882 1050 939 essent:
1089 868 1326 938 beatae
1375 869 1623 938 Mariae
1660 868 1992 958 templum
2023 869 2341 948 condere,
2375 871 2447 937 in
2485 888 2701 956 eoque
2744 889 2826 936 sa·
2888 911 2916 922 ..

475 970 540 1025 et
579 958 994 1045 approbatae
1029 956 1379 1046 religionis
1426 957 1609 1026 viros
1652 956 1987 1026 collocare
2036 958 2510 1030 decreverunt.
2536 976 2810 1044 quorum
2837 976 2903 1040 p·

476 1045 719 1125 cibus,
786 1045 981 1115 beata
1032 1046 1144 1115 Dei
1195 1045 1535 1115 Genitrice
1585 1046 2066 1126 intercedente,
2122 1047 2366 1117 salutis
2419 1067 2664 1116 eorum
2712 1056 2882 1112 aetem

476 1133 763 1204 felicitas
812 1134 1309 1224 impetraretur.
1375 1139 1454 1202 Et
1500 1155 1661 1203 cum
1722 1134 1806 1203 de
1854 1134 2002 1204 loco
2048 1135 2238 1205 aedis
2283 1134 2782 1205 construendae
2816 1131 2914 1229 cogi

480 1237 720 1304 tarent,
775 1223 1111 1292 miraculo
1142 1222 1377 1292 datum
1428 1236 1532 1292 est
1573 1223 1683 1312 (ut
1715 1224 1782 1291 in
1837 1226 2008 1293 urbe
2056 1230 2268 1293 Roma
2301 1224 2387 1293 de
2440 1225 2602 1293 nive
2648 1221 2916 1291 scribitur

475 1312 707 1380 divina
744 1313 945 1398 quasi
987 1311 1330 1381 voluntate
1365 1324 1606 1380 ventus
1636 1324 1911 1381 coortus
1951 1312 2419 1383 flammeolum
2475 1313 2750 1403 Agnetis
2789 1309 2909 1393 cap'

482 1400 712 1470 leviter
766 1400 1116 1470 sublatum
1169 1399 1405 1490 procul
1463 1401 1552 1469 ab
1598 1400 1818 1469 oculis
1875 1401 1943 1469 in
1985 1415 2242 1471 remota
2292 1401 2546 1474 detulit
2612 1401 2772 1469 loca:
2823 1419 2905 1480 ÷qt

482 1511 661 1558 nono
713 1503 859 1577 post
892 1511 1096 1570 anno,
1135 1511 1293 1558 cum
1333 1488 1684 1558 relaxandi
1713 1490 1930 1558 animi
1979 1492 2198 1580 gratia
2241 1491 2351 1558 Vir
2399 1492 2521 1560 Dei
2555 1487 2897 1558 deambula

477 1577 853 1664 oculosque
889 1578 974 1647 ad
1018 1599 1256 1666 vepres
1304 1589 1607 1657 verteret,
1661 1593 2104 1667 conspectum
2148 1601 2356 1669 super
2397 1578 2656 1648 frutice
2706 1576 2897 1644 ittae

476 1678 542 1736 et
590 1667 992 1735 inviolatum
1054 1665 1512 1737 laetabundus
1558 1667 1842 1755 accepit.
1903 1667 2177 1747 Deinde,
2261 1667 2445 1737 velut
2505 1673 2640 1736 Deo
2686 1665 2912 1757 jubenti*

475 1755 911 1825 aedificatum
946 1755 1278 1843 templum
1313 1768 1414 1824 est
1463 1757 1698 1824 beatae
1747 1755 1994 1825 Mariae
2042 1757 2305 1845 Virgini
2354 1757 2694 1834 dicatum,
2744 1773 2911 1819 cons

481 1867 688 1913 cuum
738 1857 801 1913 et
833 1844 1263 1932 opulentum,
1291 1845 1496 1912 situm
1529 1844 1596 1912 in
1639 1844 1786 1932 ripa
1821 1844 2111 1913 Danubii
2145 1858 2378 1914 octavo
2408 1846 2733 1914 avienna
2759 1837 2905 1927 lapi

483 1933 821 2019 duratque
881 1932 1107 2001 adhuc
1169 1953 1420 2001 novum
1492 1935 1795 2006 claustri
1837 1934 2119 2018 but-qum
2165 1935 2199 1969 '⁵
2245 1935 2824 2023 cognominatum.
2859 1930 2903 1993 Σ

479 2044 638 2090 cum
688 2023 841 2110 ejus
891 2020 1126 2111 templi
1166 2019 1618 2090 fundamenta
1659 2021 1982 2107 jacienda
2028 2023 2367 2103 essent**,
2423 2042 2737 2110 proceres
2778 2029 2830 2085 et
2858 2045 2911 2077 w-

533 2123 744 2187 nates,
796 2110 915 2197 qui
964 2133 1122 2178 cum
1158 2131 1237 2178 eo
1275 2109 1582 2190 aderant,
1624 2109 1792 2178 illud
1834 2111 2225 2191 monebant,
2281 2125 2357 2180 ut
2403 2112 2554 2200 ipse
2608 2109 2903 2199 primumj

513 2199 952 2268 undamentis
1003 2210 1280 2288 poneret
1320 2197 1643 2287 lapidem.
1687 2204 1931 2268 Verum
1961 2200 2128 2288 ,ipse
2183 2200 2538 2270 studiosus
2588 2194 2916 2268 humilita

480 2310 715 2358 eorum
767 2289 961 2357 vanis
1013 2288 1290 2357 monitis
1339 2286 1729 2365 subridens,
1770 2289 2197 2357 sacerdotum
2234 2287 2300 2356 id
2335 2310 2486 2357 esse
2520 2284 2809 2358 muneris
2854 2310 2895 2341 ι·-

483 2388 867 2447 severanter
914 2375 1302 2446 affirmavit.
1355 2376 1694 2446 Nimirum
1735 2377 2110 2447 accersitus
2157 2377 2378 2459 Ottho,
2432 2376 2566 2448 loci
2626 2376 2767 2465 ejus
2805 2376 2911 2438 P

485 2467 771 2555 positus,
828 2466 1094 2556 primus
1145 2464 1438 2555 lapidem
1483 2465 1687 2554 jecit;
1753 2478 1904 2553 post
1958 2466 2076 2535 alii
2145 2467 2497 2537 subsecuti
2555 2478 2734 2535 sunt.
2791 2460 2903 2527 Fini

484 2556 670 2643 operi
721 2554 945 2624 dotem
999 2554 1207 2632 dedit,
1256 2542 1608 2643 privilegio
1660 2555 1907 2633 sanxit,
1964 2555 2195 2641 ibique
2249 2556 2651 2636 CanonicOS,
2700 2569 2915 2641 quos

481 2642 749 2713 culares
787 2656 1047 2723 vocant,
1106 2643 1320 2711 sacris
1357 2664 1667 2731 praeesse
1703 2643 1933 2712 voluit.
1993 2645 2117 2713 Ubi
2161 2667 2322 2713 cum
2379 2642 2818 2733 negligentius
2853 2654 2889 2731 ῳ

485 2733 873 2812 nistrarent,
927 2730 1304 2800 Canonicos
1333 2730 1679 2820 regulares
1707 2732 1885 2800 beati
1925 2734 2311 2822 Augustini,
2345 2729 2882 2824 sanctimonia-vt,

490 2819 829 2907 praeditos
877 2833 941 2889 et
1008 2819 1330 2889 fidelibus
1396 2833 1671 2909 gratos,
1726 2820 1849 2906 qui
1904 2820 2131 2890 adhuc
2185 2836 2556 2910 praesunt,
2625 2818 2899 2889 substituit

482 2908 869 2978 convocatis
908 2908 1099 2997 prius
1145 2908 1229 2976 ad
1271 2908 1335 2977 id
1364 2930 1542 2996 opus
1577 2908 1884 2978 Conrado
1916 2909 2426 2999 Saltzburgensi
2463 2925 2627 2979 tunc
2661 2906 2899 2993 Episco

485 2997 829 3067 Raimario
887 2997 1219 3087 Episcopo
1290 2997 1707 3075 Pataviensi,
1776 3011 1843 3066 et
1898 3003 2205 3068 Romano
2264 2999 2587 3069 Curcensi
2637 2995 2898 3084 Episcopo

482 3086 776 3173 aliisque
811 3108 945 3156 non
995 3085 1405 3175 spernendis
1445 3084 1981 3156 consultoribus.
2038 3087 2323 3166 Deinde,
2377 3100 2453 3157 ut
2501 3086 2733 3156 fortius
2771 3095 2902 3148 omn

483 3188 894 3255 tenerentur,
947 3177 1035 3245 ab
1096 3174 1495 3243 Innocentio
1560 3179 1620 3242 lt
1671 3174 1995 3244 Pontifice
2049 3177 2383 3257 maximO,
2450 3177 2601 3244 sine
2642 3171 2816 3260 cujus
2849 3184 2894 3229 θ’

482 3265 790 3334 ctoritate
855 3266 1089 3333 omnia
1151 3264 1343 3333 irrita
1391 3263 1890 3342 existimamus,
1947 3264 2282 3354 Leopoldo
2349 3287 2469 3352 per
2520 3260 2898 3351 nuncium-⁸·

483 3366 733 3434 scente,
772 3352 1175 3423 confirmata
1224 3363 1408 3421 sunt.
1463 3356 1704 3420 Extant
1765 3352 2111 3421 Pontificis
2159 3353 2348 3422 illius
2414 3353 2696 3429 litterae,
2750 3340 2919 3431 qutbffl

484 3443 569 3512 ob
622 3443 1048 3530 praeclarum
1108 3441 1236 3509 hoc
1285 3440 1578 3519 facinus,
1633 3439 1952 3528 Leopoldi
2015 3442 2380 3511 bonitatem
2439 3465 2521 3510 ac
2579 3440 2760 3510 fidem
2800 3440 2919 3497 com-⁴

488 3532 845 3612 mendans,
880 3532 1082 3600 etiam
1121 3530 1296 3600 beati
1332 3528 1505 3597 Petri
1557 3526 1778 3597 filium
1818 3543 2197 3599 reverenter
2244 3552 2322 3599 ac
2370 3531 2676 3621 religiose
2703 3514 2919 3610 appella·

485 3621 601 3690 vit.
641 3626 830 3689 Extat
885 3618 1276 3708 pontificale
1328 3616 1790 3707 privilegium,
1851 3639 1989 3704 quo
2035 3618 2420 3688 canonibus
2477 3619 2714 3689 multae
2757 3619 2914 3705 conce·

482 3709 747 3778 duntur
815 3709 1308 3777 immunitates.
1384 3705 1736 3795 Eugenius
1812 3708 2014 3776 etiam
2108 3713 2207 3776 111
2292 3708 2591 3778 Pontifex
2669 3703 2912 3791 maximus

487 3798 789 3877 viterbii,
851 3812 916 3866 et
972 3798 1285 3866 Urbanus
1351 3800 1431 3863 lv
1494 3816 1851 3864 successor
1906 3802 2227 3875 Veronae,
2292 3796 2535 3868 litteris
2591 3783 2904 3881 Apostollssssv

489 3886 868 3976 privilegiis
915 3908 994 3954 ac
1032 3884 1523 3962 monumentis,
1570 3905 1690 3971 pro
1736 3884 2164 3954 confirmatis
2209 3897 2274 3954 et
2312 3885 2484 3954 bene
2533 3881 2718 3973 gestis
2757 3873 2905 3942 rebus,

492 3998 610 4063 pro
679 3974 1000 4061 Leopoldi
1071 3973 1330 4044 meritis
1400 3984 1550 4058 post
1613 3971 1764 4060 ejus
1833 3973 2095 4043 obitum
2155 3972 2477 4043 habuere.
2546 3980 2633 4044 lta
2686 3965 2901 4063 291an

488 4065 754 4134 centius
805 4069 907 4144 VI,
976 4085 1134 4133 cum
1202 4061 1450 4131 referre
1501 4059 1916 4149 Leopoldum
1976 4062 2062 4132 ob
2118 4061 2658 4151 singularissima
2704 4069 2819 4138 ejus
2863 4055 2900 4104 ¹¹¹

537 4261 559 4282 ⁶
589 4260 790 4306 Scilicet.
817 4259 1095 4310 germanice.
1122 4262 1303 4302 Kloeter
1330 4262 1550 4311 Nouburo.
1579 4263 1633 4301 In
1668 4258 2014 4309 prettosiaetmo
2046 4259 2192 4308 hmine
2225 4260 2518 4299 celeberrimi
2553 4249 2726 4299 coenobi!
2755 4239 2896 4284 mmm

486 4312 635 4352 adhuc
658 4317 908 4354 ser-ventur
929 4316 975 4353 et
995 4316 1184 4363 Agnetis
1204 4315 1523 4355 flammeolum
1545 4318 1589 4354 et
1609 4315 1795 4355 frum-la
1816 4313 2132 4359 ramusculus,
2151 4315 2226 4353 cui
2250 4310 2296 4353 id
2316 4314 2597 4353 inhaeserat.

542 4366 595 4392 ¹⁸*
623 4366 944 4406 Fundamenta
958 4369 1087 4415 jacta
1105 4372 1219 4408 suut.
1239 4378 1360 4408 anuo
1382 4369 1498 4409 1108.
