2993 4837
528 333 652 396 384
1288 347 1365 393 na
1414 347 1470 394 s.
1526 345 1775 393 Annaea
1825 346 2130 393 AvssLmNo
2652 328 2803 395 Nor.
2842 331 2903 394 to

439 433 669 503 lumen
721 416 1118 508 irradiabat,
1165 444 1239 499 ut
1288 431 1570 500 tutiores
1618 431 1686 499 in
1741 431 1916 499 viam
1958 432 2221 500 Domini
2261 431 2630 522 dirigerent
2665 452 2905 520 gressus.

435 534 500 591 et
530 521 614 589 de
650 521 894 590 virtute
943 521 1008 587 in
1054 521 1370 589 virtutem
1408 519 1776 609 perfectius
1806 519 2275 601 ascenderent,
2326 542 2445 610 per
2492 520 2781 599 solidam,
2810 541 2913 607 qua

436 610 786 701 praeditus
832 622 996 690 erat,
1051 609 1422 698 spirituum
1471 608 1979 690 discretionem,
2031 621 2215 678 certo
2263 609 2534 678 tramite
2572 608 2909 687 deducebat,

435 713 500 768 et
536 713 606 768 ut
638 698 961 788 discipuli
1008 698 1073 764 in
1127 698 1456 787 magistro
1488 698 1778 786 dignum
1816 718 2223 785 semperque
2265 720 2515 767 novum
2551 698 2917 767 addiscerent

436 788 854 857 christianae
902 786 1310 876 disciplinae
1359 786 1873 865 rudimentum,
1932 787 2249 885 propriae
2306 787 2633 856 voluntati
2680 808 2745 854 se
2788 807 2917 854 nun·

438 899 643 964 quam
698 876 1375 965 obtemperaturum,
1433 873 1834 961 nullamque
1884 873 2064 944 diem
2126 876 2272 944 sine
2326 899 2497 945 novo
2558 873 2921 961 perfectionis

439 964 706 1035 calculo
762 987 834 1034 se
888 976 1408 1033 numeraturum
1444 1019 1459 1044 ‚
1519 985 1713 1034 sacro
1752 964 2209 1051 jureJurando
2262 964 2673 1054 spopondit,
2725 986 2793 1032 ac
2826 977 2919 1030 tam

441 1054 700 1143 grande
748 1066 1282 1131 sacramentum,
1336 1051 1417 1121 ad
1470 1051 1763 1141 exempli
1817 1053 2157 1132 virtutem,
2214 1053 2296 1120 ad
2343 1053 2823 1138 discipulorum
2853 1053 2921 1120 in·

442 1143 888 1219 stitutionem,
943 1141 1025 1210 ad
1082 1140 1350 1209 laudem
1394 1142 1642 1227 Deique
1673 1140 1987 1229 gloriam,
2045 1142 2155 1210 cui
2193 1141 2320 1210 soli
2353 1143 2587 1211 omnia
2621 1142 2921 1229 dirigebat,

442 1245 833 1301 constanter
869 1229 1293 1320 perfecteque
1332 1229 1755 1318 adimplevit.
1795 1233 2023 1297 Bonus
2054 1241 2396 1300 tantarum
2430 1232 2753 1299 virtutum
2783 1229 2921 1301 odor.

443 1322 558 1406 qui
594 1343 673 1388 ex
705 1319 1007 1388 Andreae
1045 1318 1370 1409 operibus
1417 1318 1846 1404 erumpebat,
1890 1318 2198 1405 undique
2236 1320 2382 1408 jam
2438 1332 2646 1389 totam
2697 1323 2756 1387 S.
2790 1316 2923 1386 Paul'

442 1409 723 1478 domum
763 1409 1293 1493 universamque
1327 1407 1569 1475 urbem
1612 1407 2122 1496 Neapolitanam
2160 1463 2173 1486 ,
2230 1421 2294 1476 et
2335 1409 2684 1497 proximas
2734 1407 2822 1475 illi

496 1499 681 1565 iones
725 1497 1131 1585 repleverat,
1186 1517 1342 1564 cum
1394 1501 1639 1564 Beatus
1688 1496 1968 1565 Carolus
2016 1500 2446 1575 Borromeus,
2497 1496 2813 1565 ecclesiae
2844 1499 2883 1561 tt

442 1522 864 1655 §iolanensis
913 1598 1078 1653 tunc
1127 1584 1410 1654 antistes
1444 1640 1458 1665 ,
1511 1584 1634 1671 qui
1699 1583 1872 1652 alias
1919 1596 1984 1653 et
2035 1598 2335 1674 tempore
2395 1585 2826 1675 pontificatus
2869 1582 2892 1650 f

444 1676 597 1745 licis
649 1673 1137 1743 recordationis
1169 1673 1264 1741 Pii
1318 1677 1400 1741 1v
1448 1671 1994 1763 praedecessoris
2029 1675 2242 1744 nostri
2281 1679 2539 1744 Romae
2573 1674 2815 1766 degens

443 1775 871 1852 compererat
924 1783 1132 1849 quam
1201 1761 1448 1832 uberes
1496 1763 1565 1830 in
1633 1761 1829 1829 vinea
1889 1763 2158 1830 Domini
2218 1764 2665 1864 congregatio
2734 1758 2891 1849 prael

442 1866 666 1922 torum
718 1851 1122 1920 clericorum
1177 1854 1360 1919 recta
1411 1849 1677 1919 vivendi
1730 1850 2030 1937 bonique
2077 1851 2372 1941 exemph
2426 1853 2696 1922 ratione
2734 1850 2877 1919 sruct

442 1942 754 2021 afferret,
811 1953 885 2009 ut
933 1938 1295 2008 Mediolani
1344 1938 1652 2025 ejusdem
1706 1940 2265 2028 congregationis
2313 1940 2570 2011 domus
2612 1942 2863 2009 institue
2914 1994 2923 2003 ,

444 2043 575 2111 tur,
631 2030 825 2099 avide
872 2029 1210 2117 exoptavit
1259 2029 1327 2096 in
1366 2028 1688 2097 Domino.
1743 2032 2173 2118 Quapropter
2222 2028 2569 2117 praefatae
2621 2034 2856 2118 Congre

443 2120 647 2190 tionis
679 2118 976 2188 comitiis
1023 2115 1462 2207 generalibus
1501 2138 1684 2185 anno
1720 2118 1985 2186 Domini
2028 2140 2234 2187 uncxx
2281 2118 2687 2198 celebratiS,
2739 2117 2813 2186 ad

442 2210 636 2296 pium
690 2208 866 2277 beati
918 2206 1132 2275 Caroli
1195 2218 1420 2274 votum
1485 2204 1903 2294 explendum
1973 2206 2290 2275 nonnulli
2338 2229 2419 2275 ex
2465 2207 2744 2277 clericis
2798 2222 2929 2295 prae·

442 2298 621 2376 fatis,
655 2298 830 2365 inter
867 2317 1040 2382 quos
1073 2294 1375 2363 Andreas
1415 2295 1647 2363 vicarii
1693 2294 1890 2363 titulo
1919 2295 2315 2385 insignituS,
2368 2296 2760 2374 mittuntur,
2804 2310 2927 2363 sum·

444 2390 694 2474 maque
730 2384 1156 2455 humanitate
1187 2405 1266 2453 ac
1316 2384 1750 2453 veneratione
1782 2384 2223 2474 excipiuntur
2256 2407 2297 2454 a
2337 2382 2927 2456 Mediolanensibus.

443 2482 611 2545 Tum
679 2476 917 2544 beatus
985 2472 1264 2543 Carolus
1326 2472 1632 2542 Andreae
1678 2473 2047 2542 virtutibus
2108 2495 2323 2561 aequa
2374 2473 2577 2544 lance
2646 2471 2926 2563 pensatis,

442 2563 859 2650 illarumque
909 2561 1208 2651 pondere
1255 2575 1649 2651 comperto,
1705 2583 1836 2630 non
1889 2562 2256 2632 audiendis
2313 2561 2679 2633 dumtaxat
2736 2557 2915 2631 confes

445 2653 759 2723 sionibus
819 2652 1239 2736 caeterisque
1313 2650 1707 2741 hujusmodi
1784 2652 1914 2739 piis
1978 2652 2590 2722 exercitationibus
2665 2650 2911 2742 Andrea-

446 2740 728 2825 addixit,
766 2761 999 2807 verum
1052 2741 1255 2809 etiam
1306 2740 1374 2807 in
1427 2739 1666 2809 arduis
1714 2740 2107 2826 quibusque
2156 2740 2639 2829 amplissimae
2672 2741 2898 2809 dioeces

445 2830 737 2918 negotiis
795 2827 982 2896 illius
1040 2851 1171 2897 non
1233 2828 1438 2898 semel
1484 2850 1656 2897 usus
1708 2828 1835 2897 suit
1891 2828 2228 2908 consilio,
2277 2852 2313 2896 a
2362 2829 2572 2917 cujus
2623 2831 2826 2898 nitore
2865 2823 2935 2891 lux.

445 2917 562 2985 illa
616 2918 681 2984 in
721 2917 1120 3002 hujusmodi
1159 2917 1449 3004 negotiis
1489 2917 1840 2985 oriebatur
1870 2939 2048 3004 quae
2087 2918 2195 2986 Dei
2238 2917 2533 3005 gloriam
2584 2917 2893 2987 rutilabat.

537 3013 574 3087 ἓ
624 3010 779 3077 Ιθ.
834 3006 1145 3074 Nondum
1203 3018 1659 3074 maturaverat
1706 3028 1956 3086 annus,
2009 3027 2147 3092 quo
2197 3008 2651 3096 Congregatio
2703 3001 2935 3096 praefata

450 3094 812 3163 Mediolani
854 3095 1147 3183 primam
1201 3095 1436 3162 fixerat
1485 3093 1742 3174 sedem,
1796 3116 1953 3162 cum
2009 3095 2341 3175 AndreaS,
2415 3117 2623 3185 aegre
2673 3095 2736 3163 id
2787 3094 2935 3161 nimus

445 3183 702 3252 ferente
751 3183 945 3251 beato
995 3182 1252 3262 Car010,
1301 3184 1543 3268 jussus
1600 3182 2040 3263 Placentiam,
2096 3184 2268 3251 inibi
2322 3205 2568 3252 novam
2625 3189 2937 3270 congrega·

447 3273 651 3342 tionis
699 3272 1035 3361 praefatae
1069 3272 1350 3340 domum
1406 3272 1849 3351 excitaturuS,
1920 3273 2133 3360 petiit.
2189 3272 2627 3341 Placentinae
2676 3267 2939 3339 ecclesiae

449 3376 608 3430 tunc
661 3373 965 3450 praeerat
1015 3358 1268 3429 Paulus
1316 3360 1400 3429 de
1448 3360 1669 3429 Aretio
1708 3360 2018 3448 ejusdem
2051 3362 2618 3450 congregationis
2651 3361 2803 3428 olim
2833 3372 2941 3444 pro·

446 3451 690 3530 fessus,
731 3464 794 3518 et
846 3449 1151 3518 Andreae
1202 3449 1266 3516 in
1320 3449 1656 3536 tyrocinio
1706 3450 1957 3529 sociuS,
2011 3450 2128 3536 qui
2182 3462 2412 3538 postea
2454 3454 2519 3518 S.
2584 3455 2659 3518 R.
2716 3452 2779 3516 E.
2830 3449 2939 3511 Car·

446 3538 783 3607 dinalium
836 3538 1059 3607 coetui
1118 3537 1509 3626 adscriptus
1558 3550 1623 3606 et
1679 3536 2158 3625 Neapolitanae
2216 3538 2547 3608 ecclesiae
2621 3533 2941 3626 praefectus

447 3628 599 3706 fuit,
647 3650 724 3695 ac
777 3626 1046 3695 tandem
1099 3649 1175 3694 ea
1234 3626 1613 3695 sanctitatis
1670 3626 1853 3694 fama
1901 3626 2090 3706 obiit,
2155 3639 2230 3695 ut
2276 3628 2425 3716 ejus
2477 3622 2941 3720 beatificationis

445 3739 652 3785 causa
689 3714 870 3801 apud
903 3715 1510 3803 Congregationem
1544 3715 2038 3784 venerabilium
2071 3715 2359 3784 fratrum
2393 3729 2771 3784 nostrorum
2802 3726 2941 3804 eju-S‘

447 3805 599 3872 dem
635 3809 698 3872 S.
738 3810 812 3872 R.
873 3810 941 3872 E.
980 3803 1441 3872 Cardinalinm
1496 3804 1713 3872 sacris
1750 3804 1995 3873 ritibus
2037 3805 2492 3893 praepositam
2537 3804 2646 3893 agi
2673 3805 2935 3888 coeperit.

448 3894 571 3962 Hic
601 3914 762 3982 ergo
797 3894 1151 3981 piissimus
1205 3891 1501 3982 praesul,
1556 3914 1729 3979 quos
1762 3892 1925 3960 olim
1979 3893 2045 3961 in
2099 3893 2209 3961 sui
2276 3893 2692 3982 professione
2752 3886 2961 3955 habmt

448 3983 710 4060 fratres,
767 3982 890 4052 bos
933 3982 998 4049 in
1038 3982 1360 4067 pastorali
1397 3982 1506 4049 sui
1567 3981 1797 4070 gregis
1845 3984 2011 4050 cura
2065 3981 2279 4051 voluit
2326 3982 2767 4069 coadjutores.
2816 3969 2939 4073 ‘Pla‘

446 4072 708 4140 centiae
759 4070 986 4157 itaque
1035 4070 1330 4158 benigne
1378 4069 1918 4155 adamanterque
1951 4092 1988 4138 a
2040 4070 2250 4139 Paulo
2283 4070 2584 4139 Andreas
2629 4067 2933 4152 excipnur.

451 4160 802 4248 pietasque
840 4160 1152 4249 pietatem
1193 4159 1633 4259 amplectitur
1678 4171 1743 4226 et
1782 4158 2158 4227 osculatur.
2199 4159 2546 4245 Quidquid
2596 4151 2935 4254 autem-At?

449 4247 651 4314 dreae
701 4248 913 4316 virtus
948 4247 1139 4316 Pauli
1191 4249 1356 4316 socii
1406 4247 1600 4316 unita
1650 4247 1881 4315 virtuti
1937 4248 2003 4314 in
2056 4246 2624 4318 administrandis
2670 4240 2933 4335 ¹¹¹¹b¹.³²³'

449 4336 820 4405 oramentis
866 4335 1433 4424 procurandaque
1468 4335 1862 4404 animarum
1920 4334 2140 4405 salute
2189 4337 2546 4426 peregerit,
2597 4339 2927 4423 operasti>Sa

452 4432 809 4489 testantur.
885 4428 1103 4491 Unum
1181 4437 1406 4493 tamen
1482 4446 1645 4513 prae
1714 4425 1957 4494 ceteris
2027 4424 2352 4512 loquatur
2430 4419 2929 4514 flagrantissimae
