2993 4837
539 353 667 415 626
1274 367 1351 412 ns
1399 368 1453 413 s.
1510 365 1884 413 conuxnxno
1931 364 2171 412 Annus
2610 342 2768 407 NOV.
2807 344 2861 405 it
2945 394 2946 397 η

451 454 566 523 sed
621 474 753 521 non
789 454 868 521 ea
905 473 1031 541 ego
1081 450 1429 520 dementia
1481 472 1666 531 sum,
1704 463 1783 520 ut
1836 463 2101 520 tantum
2164 448 2363 519 velim
2411 462 2633 538 patrare
2676 444 2874 513 scelus.

453 541 717 611 Saniori
749 561 874 630 ego
914 538 1201 610 consilio
1235 552 1413 609 utar.
1459 544 1691 625 [taque
1722 539 1781 609 si
1824 538 1946 609 tibi
1987 539 2085 607 sic
2129 539 2351 609 visum
2382 551 2482 617 est,
2514 537 2591 605 ab
2619 534 2878 603 omnium

450 629 863 701 secularium
918 628 1230 699 moribus
1277 628 1689 708 desciscere,
1744 650 1882 714 qua
1922 628 2168 697 venisti
2217 628 2347 706 via,
2394 650 2459 696 ea
2496 625 2599 695 tibi
2650 623 2884 692 redeun-

448 719 614 788 dum
668 718 877 786 noris.
923 716 1171 786 Eadem
1223 738 1498 805 quoque
1546 715 1933 786 aulicorum
1984 738 2105 785 vox
2144 730 2248 785 est
2295 730 2358 785 et
2402 713 2715 791 sententia,
2751 708 2885 778 nolle

449 831 519 877 se
547 808 631 876 iis
674 806 738 874 in
776 805 942 876 locis
974 806 1224 875 babere
1299 826 1664 892 uemquam
1704 805 1824 894 qui
1861 827 1997 875 non
2031 805 2362 875 omnibus
2392 826 2513 874 sese
2541 802 2884 891 adjungat}

452 895 837 984 Respondet
887 895 1127 964 beatus
1175 900 1260 964 Co
1294 893 1666 974 umbanus,
1716 917 1785 965 se
1826 893 1911 962 de
1952 894 2265 964 coenobii
2317 894 2502 994 septis
2541 912 2670 960 non
2714 908 2886 977 egres·

448 1006 716 1064 surum,
765 984 899 1053 nisi
949 984 1010 1051 vi
1041 984 1460 1053 extrahatur.
1496 982 1819 1065 Discessit
1849 1004 2010 1072 ergo
2045 987 2206 1063 Rex,
2242 995 2308 1052 et
2357 1005 2546 1052 virum
2586 985 2888 1049 Procerem

448 1072 936 1161 Baudulpbum
994 1071 1134 1140 illic
1184 1072 1476 1156 reliquit,
1534 1072 1654 1158 qui
1707 1072 1928 1140 virum
1978 1070 2093 1140 Dei
2140 1095 2182 1141 a
2231 1070 2606 1141 monasterio
2653 1066 2886 1154 expulit.

447 1176 511 1231 ct
535 1162 734 1250 juxta
765 1161 1294 1231 Vesontionense
1330 1161 1364 1195 ⁴*
1407 1159 1742 1251 oppidum
1779 1160 1848 1229 in
1888 1160 2208 1230 exsilium
2242 1160 2480 1251 abegit,
2510 1159 2709 1227 donec
2739 1153 2888 1243 Regis

403 1252 409 1259 ’
448 1251 807 1330 sententia,
853 1249 1036 1337 quod
1091 1250 1310 1318 visum
1351 1264 1550 1329 esset,
1592 1247 2007 1318 decerneret.

534 1344 571 1428 ξ
617 1345 765 1412 1².
804 1343 1245 1408 Commorans
1283 1359 1444 1427 ergo
1495 1336 1636 1406 illic
1686 1338 1788 1406 vir
1832 1338 1969 1418 Dei,
2009 1337 2202 1408 audit
2232 1359 2312 1407 eo
2346 1338 2413 1406 in
2448 1337 2572 1407 loeo
2602 1353 2886 1404 carcerem

447 1452 593 1499 esse
646 1427 923 1516 plenum
975 1426 1457 1497 damnatorum
1493 1426 1881 1506 hominum,
1916 1426 2161 1497 ultima
2208 1427 2539 1516 supplicia
2561 1437 2889 1513 exspectan·

452 1519 645 1588 tium.
691 1515 782 1584 Ad
833 1538 988 1584 eum
1042 1536 1327 1604 propere
1374 1515 1660 1595 accedit,
1705 1531 1770 1585 et
1819 1515 2011 1585 nullo
2058 1518 2394 1596 obstante,
2428 1516 2652 1585 ostium
2690 1513 2889 1602 ingres·

448 1629 590 1685 suS,
630 1604 909 1674 verbum
962 1605 1077 1673 Dei
1124 1603 1471 1674 damnatis
1522 1604 1657 1673 illis
1707 1604 2070 1694 depromit.
2108 1604 2242 1684 Illi,
2282 1605 2342 1673 si
2381 1601 2888 1693 possintliberari‚

450 1695 857 1782 promittunt
904 1714 975 1761 se
1025 1693 1227 1760 vitam
1264 1691 1773 1771 emendaturos,
1812 1706 1875 1761 et
1922 1695 2007 1763 ob
2057 1693 2365 1769 admissa
2413 1693 2689 1763 facinora
2722 1690 2890 1779 poeni-

447 1783 724 1852 tentiam
761 1794 1056 1851 acturos.
1088 1787 1254 1849 Tum
1295 1782 1535 1851 beatus
1570 1782 2035 1852 columbanus
2072 1782 2388 1851 ministro
2420 1779 2719 1858 Domoali,
2746 1780 2889 1865 cujus

445 1871 764 1959 superius
814 1870 1067 1941 mentio
1117 1869 1290 1939 facta
1338 1883 1461 1949 est,
1521 1870 1832 1960 imperat,
1888 1882 1964 1939 ut
2013 1894 2228 1941 manu
2277 1869 2555 1951 ferrum,
2601 1892 2722 1957 quo
2762 1889 2888 1936 com-

448 1960 652 2049 pedes
695 1958 987 2028 irretitae
1034 1972 1237 2045 atque
1273 1960 1558 2028 innexae
1604 1974 1821 2039 erant,
1876 1958 1959 2028 ad
2013 1981 2084 2030 se
2136 1959 2382 2029 trahat.
2420 1959 2538 2028 Ille
2581 1957 2887 2048 apprehen·

444 2072 600 2119 sum
651 2048 905 2119 ferrum
960 2047 1187 2126 trahit,
1233 2047 1436 2133 idque
1489 2070 1641 2117 mox
1686 2048 1900 2117 instar
1950 2047 2312 2138 putrefacti
2362 2047 2620 2118 fruticis
2662 2047 2888 2136 particu-

444 2138 632 2208 latim
685 2135 1204 2206 comminuitur.
1260 2135 1512 2209 Solutis
1559 2136 2034 2225 compedibus,
2082 2138 2182 2206 vir
2215 2138 2331 2206 Dei
2370 2138 2561 2224 jubet
2605 2136 2886 2205 damnatos

442 2250 480 2296 e
526 2248 799 2297 carcere
831 2224 1102 2315 egredi:
1158 2236 1565 2314 peractoque
1598 2225 2002 2315 Evangelico
2055 2226 2436 2296 ministerio
2485 2224 2674 2316 pedes
2712 2245 2886 2293 eorum

445 2315 628 2396 lavit,
687 2314 1027 2401 linteoque
1073 2314 1368 2383 extersit.
1410 2314 1662 2383 Deinde
1699 2314 2051 2403 praecipit,
2092 2329 2167 2385 ut
2212 2315 2571 2385 ecclesiam
2622 2325 2886 2404 petente

445 2417 829 2505 perpetrata
889 2401 1144 2473 scelera
1210 2402 1618 2492 poenitentia
1678 2415 1743 2473 et
1804 2402 2129 2493 lacrymis
2175 2404 2472 2494 expient.
2527 2409 2887 2494 Properantes

444 2493 604 2573 ulis,
641 2492 969 2563 ecclesiae
1016 2491 1192 2562 fores
1243 2491 1599 2561 inveniunt
1645 2492 2017 2576 obseratas.
2054 2498 2258 2562 Porro
2311 2494 2626 2563 tribunus
2665 2490 2884 2560 militum

443 2594 518 2651 ut
580 2582 744 2651 vidit
790 2581 1021 2650 divina
1086 2581 1325 2650 virtute
1397 2602 1516 2668 per
1578 2582 1849 2651 beatum
1914 2581 2416 2652 Columbanum
2490 2582 2886 2651 damnatorum

440 2669 805 2761 compedes
837 2670 1107 2748 fractaS,
1144 2682 1208 2738 et
1258 2691 1549 2739 vacuum
1603 2669 1736 2740 sibi
1786 2670 2097 2739 relictum
2129 2671 2582 2760 ergastulum,
2614 2684 2882 2753 tamquam

441 2783 480 2828 a
529 2780 770 2829 somno
803 2759 1155 2838 excitatus·‚
1193 2756 1674 2826 damnatorum
1727 2759 1889 2828 vesti
1950 2760 2013 2827 ia
2061 2760 2377 2847 persequi
2425 2783 2581 2829 cum
2630 2754 2885 2826 militibus

441 2847 685 2936 coepit.
733 2846 838 2916 Illi
888 2868 927 2914 a
977 2858 1163 2935 tergo
1218 2847 1772 2936 appropinquare
1822 2848 1912 2915 mi
1952 2848 2074 2916 ites
2124 2847 2451 2929 videntes,
2510 2848 2783 2932 foresque
2817 2863 2887 2910 ee·

439 2936 684 3005 clesiae
732 2936 1104 3014 obserataS,
1143 2935 1420 3022 gemina
1457 2934 1681 3004 vallati
1722 2937 2065 3026 angustia,
2108 2937 2328 3005 virum
2383 2938 2497 3005 Dei
2529 2932 2886 3024 compellant.

437 3037 513 3094 ut
549 3039 903 3094 eruantur.
938 3024 1147 3093 Anxio
1183 3022 1295 3092 ille.
1349 3039 1612 3113 pectore
1646 3047 1922 3094 sursum
1955 3040 2162 3115 caput
2200 3025 2471 3106 attollit,
2523 3039 2888 3115 precaturque

444 3114 832 3193 Dominum,
873 3127 946 3184 ut
986 3113 1205 3203 ipsius
1257 3111 1499 3184 virtute
1554 3136 1595 3181 a
1643 3112 1937 3183 vinculis
1984 3130 2275 3203 ereptOS,
2324 3137 2458 3184 non
2511 3115 2680 3185 sinat
2723 3112 2890 3180 denuo

438 3225 473 3271 a
528 3202 864 3272 militibus
913 3202 1177 3271 vinciri.
1239 3206 1379 3270 Non
1428 3215 1795 3272 cunctatur
1850 3199 2120 3272 bonitas
2181 3202 2462 3272 divina:
2519 3203 2684 3274 fores
2729 3198 2892 3269 firmis

437 3292 783 3383 obseratas
831 3291 1150 3362 claustris
1192 3304 1465 3370 reserat,
1524 3291 1591 3358 in
1642 3313 1727 3360 an
1787 3291 1985 3361 ustiis
2033 3291 2329 3381 positum
2385 3291 2644 3362 aditum
2691 3285 2886 3383 pandit.

439 3380 546 3449 Illi
600 3381 857 3471 pernici
890 3402 1099 3449 cursu
1149 3378 1453 3447 involant
1502 3379 1570 3447 in
1620 3402 1735 3449 ecc
1767 3380 2013 3449 esiam:
2051 3380 2252 3460 foreS,
2291 3381 2719 3450 cernentibus
2757 3372 2889 3466 mihss

371 3509 373 3511 ·
440 3469 644 3551 tibus,
680 3470 938 3555 absque
970 3469 1274 3537 bumana
1308 3490 1514 3557 opera
1546 3491 1788 3537 rursus
1821 3470 2250 3548 obserantur,
2292 3469 2437 3539 acsi
2467 3485 2688 3541 custos
2717 3459 2884 3549 templ·

436 3558 745 3629 clavibus
791 3557 1144 3628 celerrime
1192 3568 1256 3625 et
1307 3557 1729 3646 patefecisset
1774 3569 1838 3626 et
1890 3556 2252 3628 clausisset
2297 3580 2435 3627 eas.
2477 3559 2747 3628 Veniens
2775 3573 2884 3637 ergo

435 3648 677 3719 beatus
728 3646 1193 3717 Columbanus
1229 3666 1386 3713 cum
1440 3646 1584 3715 suis
1638 3645 1983 3733 simulque
2043 3648 2363 3716 tribunus
2414 3669 2571 3717 cum
2631 3642 2883 3731 militibus

366 3791 371 3798 .
435 3735 519 3805 ad
570 3738 918 3807 obseratas
972 3735 1172 3815 sores,
1226 3734 1579 3803 custodem
1629 3748 1992 3821 quaerunt,
2047 3748 2123 3805 ut
2168 3735 2395 3805 claves
2453 3736 2765 3826 praebeat.
2797 3734 2878 3810 Qui

433 3847 591 3894 cum
647 3826 958 3903 venisset,
1012 3836 1076 3893 et
1124 3823 1434 3893 clavibus
1483 3823 1655 3892 ostia
1703 3824 1970 3912 aperire
2029 3824 2263 3904 vellet,
2322 3825 2415 3894 ait
2474 3848 2545 3895 se
2608 3835 2875 3912 nunquam

433 3913 837 4003 diligentius
883 3913 1192 3983 obserata
1258 3911 1620 3981 invenisse.
1693 3917 1823 3981 Nec
1870 3913 2236 4000 quisquam
2295 3929 2522 4003 postea
2576 3935 2762 3982 ausus
2797 3907 2876 3974 suut

431 4002 777 4073 damnatis
813 4000 949 4071 illis
1000 4001 1245 4071 inferre
1296 4001 1646 4088 injuriam,
1688 4023 1862 4087 quos
1906 4002 2136 4071 divina
2175 4001 2391 4072 virtus
2429 4002 2721 4073 eruisset.
2844 4078 2850 4088 ι

519 4095 554 4178 ἓ
602 4096 748 4163 18.
806 4097 958 4161 Post
1007 4091 1172 4160 baec
1220 4112 1509 4160 cernens
1547 4090 1647 4158 vir
1681 4091 1793 4159 Dei
1846 4090 2073 4161 nullos
2108 4090 2241 4160 sibi
2274 4092 2590 4163 custodes
2617 4086 2867 4159 adhiberi.

430 4180 694 4250 nullam
732 4180 1034 4250 exbiberi
1088 4179 1466 4247 molestiam
1500 4178 1853 4267 (videbant
1884 4180 2066 4249 enim
2110 4201 2351 4250 omnes
2393 4182 2460 4250 in
2494 4180 2605 4249 illo
2634 4179 2864 4244 virtutem

430 4268 686 4337 fervere
728 4269 1060 4347 divinam,
1106 4280 1309 4353 atque
1346 4270 1425 4335 ea
1479 4271 1690 4337 causa
1747 4268 1832 4337 ab
1880 4268 2029 4357 ejus
2079 4269 2356 4357 injuriis
2405 4292 2477 4340 se
2522 4263 2855 4357 separabant.

432 4378 520 4424 ne
554 4357 719 4424 socii
752 4356 1115 4444 culparum
1153 4355 1422 4442 forent),
1451 4356 1799 4427 Dominica
1830 4356 1939 4426 die
1974 4357 2282 4428 ascendit
2311 4358 2380 4427 in
2419 4357 2698 4427 verticem
2719 4342 2854 4417 ardffl

483 4463 506 4486 ¹
539 4461 687 4512 vulgo
720 4464 948 4513 Buanpon.
2272 4487 2281 4496 .
