2993 4837
23 357 140 418 ov.
209 357 285 418 16
653 374 728 417 na
779 375 830 417 s.
875 373 1170 418 euncnuo
1219 374 1317 418 Er.
1374 371 1834 419 cannameles!
2306 359 2420 419 53⁴

26 458 343 547 ospitium
409 457 901 546 propinquum.
950 457 1376 546 Pauperibus
1424 457 1722 525 ostiatim
1767 456 2324 526 mendicantibus
2391 458 2523 526 lar-

23 571 83 614 as
115 546 513 634 praestabat
562 545 1032 634 eleemosynas
1068 569 1081 612 :
1141 545 1315 613 male
1353 545 1722 613 valentium
1761 544 2002 614 domos
2053 568 2172 634 per
2205 567 2367 616 suos
2403 546 2521 615 ho-

23 637 178 703 nines
212 635 590 723 diligenter
639 635 998 714 invisebat,
1053 656 1304 720 eosque
1346 633 1614 702 fovebat
1652 634 2039 703 beneficiis:
2095 634 2517 721 quibusdam

21 747 41 791 r
73 725 202 793 illis
243 723 736 810 quotidianum
772 725 1025 792 victum
1069 737 1132 791 et
1170 745 1559 812 congruum
1596 723 1908 792 vestitum
1950 723 2515 793 subministrans.

25 814 226 881 uellas
281 815 525 900 inopes
575 834 701 880 suo
763 834 915 880 aere
982 812 1228 900 nuptui
1304 811 1742 880 collocandas
1811 815 2133 881 curabat:
2189 835 2392 898 quem
2450 814 2516 880 in

23 924 161 969 sum
199 902 559 990 applicare
592 900 851 968 solebat
894 900 1184 968 mulctas
1231 901 1688 989 pecuniariaS,
1732 923 1851 989 pro
1910 914 2006 968 ter
2048 916 2321 989 peccata
2370 903 2521 988 qui-

23 991 248 1059 usdam
296 990 462 1077 jure
501 990 856 1077 irrogatas
894 989 988 1056 Ab
1021 991 1211 1058 omni
1265 1011 1550 1058 munere
1598 990 1859 1058 excutie
1913 1003 1978 1057 at
2027 1012 2275 1058 manus
2326 1013 2512 1070 suaS,

21 1094 194 1157 teOS,
248 1079 368 1164 qui
416 1099 702 1145 munera
756 1078 1167 1164 acciperent,
1210 1077 1717 1158 detestabatur,
1781 1080 2177 1167 praesertim
2225 1093 2520 1167 potesta-

23 1192 94 1232 nn
138 1181 475 1254 gerentes.
532 1189 704 1252 quos
745 1166 826 1233 ad
882 1167 1263 1235 faciendam
1307 1168 1649 1256 justitiam
1704 1168 2038 1257 gratuitos
2100 1168 2324 1256 ajebat
2370 1190 2518 1238 esse

24 1257 225 1332 ebere‚
284 1278 422 1324 non
468 1256 875 1323 muneribus
926 1255 1196 1323 invitari
1234 1269 1299 1323 et
1362 1256 1565 1324 illici:
1627 1257 1846 1343 iisque
1894 1259 2133 1325 crebro
2197 1257 2513 1326 dicebat:

50 1345 366 1412 Prendere
419 1356 484 1411 et
523 1344 839 1433 pendere,
883 1366 1015 1412 non
1057 1345 1185 1412 nisi
1238 1345 1458 1412 littera
1511 1368 1644 1412 una
1679 1346 1853 1413 inter
1893 1368 1964 1412 se
1996 1344 2390 1434 discrepant
2427 1369 2439 1409 :
2481 1369 2516 1411 »

28 1433 348 1522 ignificare
402 1433 638 1501 volens
701 1433 1075 1501 admodum
1140 1433 1606 1523 propinquum
1673 1457 1828 1501 euin
1890 1456 2037 1501 esse
2087 1434 2509 1521 suspendiO,

28 1523 87 1588 ui
143 1538 405 1611 praeter
473 1522 576 1590 sas
641 1543 924 1590 munera
980 1522 1268 1589 libenter
1315 1523 1630 1610 accipiat.
1689 1528 1761 1589 Et
1812 1522 2008 1590 multi
2083 1525 2388 1609 quidem,
2443 1538 2520 1592 ut

32 1613 117 1690 ius
161 1613 286 1679 sibi
325 1610 873 1680 benevolentiam
910 1610 1380 1687 conciliarent,
1419 1611 1638 1679 multa
1665 1612 1864 1678 etiam
1908 1635 2038 1680 non
2083 1613 2265 1700 parvi
2319 1613 2517 1700 pretii

32 1699 351 1777 ll‘erebant‚
401 1699 524 1768 sed
577 1699 691 1766 ille
738 1700 971 1768 omnia
1025 1700 1410 1789 respuebat,
1478 1699 1873 1786 ajebatque:
1930 1706 2186 1769 «Nunc
2240 1701 2517 1787 quando

38 1787 150 1856 ives
195 1811 343 1857 sum
418 1801 487 1857 et
545 1787 807 1857 nullius
855 1811 1042 1877 ege0,
1101 1789 1487 1857 teterrimus
1538 1801 1729 1857 satan
1803 1791 2209 1858 muneribus
2273 1813 2519 1880 capere

36 1897 83 1941 ie
129 1877 279 1957 vult,
334 1877 600 1965 quibus
647 1877 849 1945 etiam
891 1891 1063 1957 tum,
1112 1900 1269 1946 cum
1313 1899 1575 1966 pauper
1621 1900 1867 1955 essem,
1917 1900 2358 1967 corrumpere
2413 1901 2518 1946 me

41 1985 108 2029 on
157 1967 388 2052 potuit.
434 1966 561 2034 Sed
608 1966 716 2032 Dei
752 1987 876 2054 ego
912 1966 1330 2052 benignitate
1388 1966 1624 2045 fretus,
1676 1988 1874 2055 spero
1919 1989 2273 2052 nunquam
2318 1967 2513 2036 illum

42 2073 103 2116 ac
151 2056 393 2123 ratione
454 2053 621 2121 mihi
666 2054 1180 2143 impositurum.
1238 2056 1637 2124 Muneribus
1671 2056 1851 2122 enim
1895 2069 2157 2142 praeter
2205 2056 2324 2141 jus
2380 2056 2518 2124 sas-

48 2163 111 2206 ue
151 2142 310 2212 datis
357 2159 423 2212 et
480 2143 800 2230 acceptis,
856 2143 1058 2212 hodie
1092 2159 1458 2232 corruptus
1505 2158 1606 2212 est
1653 2144 1840 2211 orbis
1888 2143 2342 2223 ChristianuS,
2402 2167 2517 2234 pe-

44 2227 255 2314 ibitque
298 2234 513 2301 etiam
572 2232 762 2318 prius
809 2254 1016 2318 quam
1085 2232 1149 2299 id
1233 2233 1614 2320 percipiant
1680 2233 2083 2313 Christiani,
2155 2233 2286 2300 nisi
2337 2233 2518 2301 hanc

42 2331 223 2385 »estem
266 2344 297 2389 a
342 2343 415 2390 se
464 2321 801 2408 extirpare
849 2333 912 2388 et
957 2321 1319 2410 profligare
1359 2334 1718 2389 conentur.
1759 2345 1793 2386 »

53 2406 116 2501 θξ
155 2411 258 2478 17.
310 2416 518 2481 Hunc
572 2410 637 2477 in
686 2409 965 2479 modum
1005 2433 1075 2477 se
1126 2410 1191 2478 in
1248 2411 1660 2500 Episcopatu
1719 2410 2141 2499 comparavit
2194 2423 2257 2478 et
2306 2411 2517 2500 gessit

40 2514 96 2559 ir
128 2513 400 2579 sanctuS,
456 2498 772 2585 quandiu
824 2522 987 2588 pace
1026 2512 1089 2567 et
1149 2500 1641 2586 tranquillitate
1694 2500 1948 2589 potitus
2003 2513 2126 2569 est.
2183 2500 2308 2568 Sed
2352 2500 2516 2586 quia

46 2604 174 2652 arus
223 2601 282 2656 et
340 2601 668 2675 acceptus
726 2602 870 2656 erat
920 2593 1073 2667 Deo,
1128 2589 1480 2676 oportebat
1537 2610 1693 2657 eum
1750 2590 1815 2655 in
1873 2590 2321 2658 tentationum
2383 2590 2516 2656 for-

41 2692 145 2738 nace
188 2676 451 2762 probari
501 2690 567 2744 et
619 2677 929 2763 excoqui.
978 2682 1209 2761 Itaque
1257 2700 1414 2746 cum
1473 2691 1686 2746 totum
1739 2699 1809 2746 se
1861 2679 2056 2746 vellet
2110 2678 2314 2746 saluti
2364 2678 2515 2746 ani-

42 2776 233 2829 narum
267 2781 327 2833 et
362 2765 881 2834 Ecclesiasticae
940 2765 1231 2833 libertati
1285 2765 1598 2845 tuendae,
1656 2779 1730 2835 ut
1776 2767 1924 2853 ejus
1964 2767 2355 2836 decessores
2419 2765 2515 2833 fe-

40 2864 221 2931 ¹erant,
273 2852 708 2943 impendere.
769 2854 983 2922 multa
1033 2855 1090 2921 ei
1145 2854 1425 2922 adversa
1479 2869 1543 2923 et
1594 2853 1876 2922 molesta
1930 2867 2070 2924 tum
2125 2879 2162 2923 a
2223 2860 2403 2945 Rege
2451 2855 2507 2935 ⁴⁸,

41 2954 125 3000 um
169 2961 202 3005 a
249 2944 433 3031 regni
494 2942 895 3032 proceribus
928 2941 1111 3011 illata
1152 2957 1334 3011 sunt.
1382 2948 1598 3011 [mmo
1650 2965 1801 3010 vero
1841 2944 2042 3012 etiam
2081 2944 2308 3031 ipsum
2347 2950 2517 3013 Can-

41 3026 304 3118 nariense
350 3031 718 3121 collegium
766 3030 853 3111 *ξ
884 3031 1063 3117 quod
1103 3054 1259 3099 eum
1297 3031 1377 3099 ad
1420 3030 1607 3099 illam
1652 3031 2050 3119 dignitatem
2094 3046 2510 3114 evocaverat,

39 3129 80 3181 ·¹.
118 3117 261 3199 proh
301 3118 529 3189 dolorl
570 3142 640 3188 se
672 3121 1016 3208 opposuit.
1066 3121 1342 3188 Interim
1384 3119 1498 3187 ille
1532 3120 1734 3188 etiam
1778 3142 1915 3199 eos,
1951 3143 2124 3206 quos
2171 3122 2517 3211 explorate

40 3218 246 3271 ›overat
290 3229 452 3276 suos
482 3231 631 3276 esse
680 3209 907 3276 hostes
948 3223 1012 3277 et
1063 3210 1555 3296 persecutores,
1617 3207 1696 3275 ad
1759 3208 1994 3277 oscula
2052 3210 2261 3297 paciS,
2317 3224 2381 3279 et
2429 3210 2509 3278 ad

37 3310 174 3356 suam
209 3294 729 3366 familiaritatem
779 3298 1032 3386 passim
1073 3298 1375 3377 admisit,
1417 3299 1505 3365 ita
1539 3311 1612 3365 ut
1644 3297 1846 3365 etiam
1885 3298 2097 3383 gratis
2130 3299 2516 3367 amicorum

36 3373 215 3467 pffieiis
251 3396 311 3451 et
343 3387 714 3472 obsequiis,
786 3386 1057 3453 illorum
1115 3409 1355 3475 graves
1418 3386 1713 3471 injurias
1758 3386 2097 3473 praeferre
2144 3386 2509 3455 videretur.

36 3472 129 3559 ⁸lna
176 3470 231 3535 in
272 3494 335 3540 re
384 3497 540 3542 cum
587 3498 620 3543 a
676 3476 822 3543 suis
875 3473 1513 3563 reprehenderetur,
1565 3474 1678 3543 ille
1739 3497 1843 3542 res
1898 3475 2234 3543 ondebat:
2282 3498 2315 3541 «
2355 3480 2515 3543 Pro-

41 3565 153 3619 ecto
191 3559 241 3625 si
278 3561 441 3629 mihi
490 3576 861 3648 utrumque
894 3576 1254 3652 amputent
1304 3563 1705 3644 brachium,
1767 3586 1838 3632 ve
1922 3588 1957 3631 e
2007 3565 2230 3652 capite
2279 3563 2515 3632 oculos

32 3640 282 3746 bellant,
322 3650 533 3719 nihilo
599 3651 767 3719 mihi
824 3652 1121 3720 cariores
1154 3665 1378 3721 erunt.
1427 3653 1589 3722 Nolo
1623 3675 1748 3741 ego
1782 3667 2059 3742 propter
2085 3674 2200 3721 eos
2235 3674 2516 3740 peccare

30 3742 73 3790 tn
104 3732 463 3819 Dominum,
505 3761 722 3825 neque
761 3761 838 3809 ex
873 3739 1098 3830 culpis
1148 3740 1394 3811 alienis
1431 3742 1599 3809 mihi
1637 3742 1891 3810 damna
1922 3742 2257 3810 conflare:
2302 3742 2513 3809 immo

30 3831 143 3884 vero
187 3825 405 3893 malim
462 3829 723 3897 insilire.
789 3829 853 3895 in
910 3851 1150 3917 rogum
1204 3830 1767 3898 ardentissimum
1803 3884 1822 3910 ,
1893 3852 2100 3916 quam
2157 3842 2512 3930 peccatum

30 3900 201 3995 ullum
241 3914 457 3985 sciens
502 3918 859 3986 admittere
891 3919 957 3985 in
1003 3924 1207 3986 Deum
1248 3942 1501 3987 meum.
1543 3924 1777 3987 »Cum
1835 3934 2061 3987 autem
2114 3941 2264 4006 ejus
2309 3917 2516 3985 fami-

30 3982 188 4093 liares
226 3997 522 4092 lugerent
552 4020 616 4075 et
659 4020 1037 4076 moererent
1073 4008 1158 4076 ob
1203 4007 1424 4076 illatas
1472 4008 1531 4074 ei
1573 4008 1889 4095 injuriaS,
1931 4008 2341 4097 objurgabat
2370 4028 2510 4083 eos,

32 4086 98 4142 lta
129 4082 376 4158 dicens:
432 4096 682 4164 «Sicut
747 4108 961 4164 mater
1012 4098 1390 4186 aegrotanti
1455 4095 1598 4164 filio
1656 4096 1823 4163 solet
1881 4118 2194 4164 amarum
2277 4096 2518 4164 offerre

33 4171 325 4257 poculum,
374 4196 437 4251 et
475 4184 717 4270 jubere
754 4184 851 4252 uti
908 4184 1149 4254 salutis
1188 4183 1697 4274 recuperandae
1732 4189 1946 4253 causa
2007 4184 2175 4252 illud
2235 4184 2508 4253 ebibat:

48 4360 277 4456 ιζηᾸέΒΙίεε
296 4384 370 4417 rex
390 4383 489 4421 erat
511 4388 612 4422 tum
633 4384 866 4443 Hem-icus
887 4385 967 4425 111.
988 4386 1116 4424 filius
1135 4383 1330 4423 somnis
1356 4386 1665 4433 cognomento
1705 4384 1801 4422 stne
1836 4390 1974 4427 terra,
1996 4384 2073 4422 cul
2100 4384 2153 4427 is,
2179 4384 2224 4423 in
2261 4379 2519 4422 tenerrima

83 4466 117 4485 ‚k
170 4448 179 4463 ,
196 4434 301 4466 unio
324 4432 433 4476 1216.
453 4439 702 4475 suecessit:
726 4438 840 4477 obiit
865 4442 1016 4477 nutem
1040 4448 1160 4478 anno
1184 4439 1303 4479 1272.

142 4472 346 4521 ‘'anona-0³
372 4486 594 4537 intellige.
