2993 4837
588 308 710 372 734
1204 323 1280 369 ns
1324 319 1383 367 s.
1437 323 1760 370 STEPHANO
1806 323 2072 371 samona
2120 324 2310 370 nar.
2669 305 2802 371 Not.
2833 309 2892 371 28

497 423 615 479 aut
678 407 811 475 alio
868 404 1165 493 quodam
1239 407 1476 477 mortis
1536 429 1783 497 genere
1850 431 1973 477 nos
2042 407 2410 485 mulctent,
2470 407 2576 495 qui
2630 408 2896 498 impietatis

497 496 747 568 scelere
792 516 938 564 sese
986 495 1480 576 devinxerunt,
1541 509 1856 586 prompto
1926 509 2129 584 atque
2196 495 2410 565 alacri
2477 498 2680 565 animo
2733 513 2896 566 cuncta

497 585 944 687 perferamus.
1001 585 1349 653 Habemus
1406 584 1590 653 enim
1653 586 1836 655 velut
1881 583 2233 673 exemplar
2278 584 2650 672 quoddam,
2690 585 2745 653 in
2776 586 2893 673 quod

495 687 909 753 intueamur,
965 672 1187 742 claros
1236 672 1389 744 illos
1450 678 1680 742 Patres
1710 728 1725 755 ‚
1782 676 1899 761 qui
1951 685 2109 743 ante
2156 695 2284 744 nos
2330 675 2692 753 extiterunt,
2733 695 2784 742 ae
2814 696 2930 763 per:

494 761 899 850 martyrium
954 766 1082 830 Deo
1132 761 1335 829 vitam
1376 774 1890 843 consecrarunt,
1928 763 2262 832 nimirum
2297 777 2600 831 sanctum
2648 761 2788 830 illum
2816 767 2892 829 Pe-
2929 802 2930 809 κ

495 864 672 920 trum
724 848 1120 919 Blachernis
1153 850 1219 917 in
1261 850 1532 919 vincula
1580 852 1990 940 conjectum,
2027 852 2147 938 qui
2189 874 2377 933 cum,
2410 863 2724 941 spectante
2755 854 2897 937 Impe-

493 952 734 1019 ratore,
778 960 900 1026 pro
947 938 1191 1007 Christi
1243 939 1543 1040 imagine
1595 941 1819 1012 nervis
1859 940 2288 1010 atrocissime
2337 939 2784 1017 concideretur,
2807 938 2900 1006 nul·

494 1028 634 1098 lum
672 1027 898 1116 ignavi
935 1049 1013 1097 ac
1046 1026 1266 1096 timidi
1302 1028 1513 1096 animi
1567 1028 1915 1116 specimen
1947 1030 2017 1097 in
2059 1050 2138 1097 eo
2168 1029 2483 1099 cruciatu
2511 1028 2724 1107 edidit,
2752 1049 2894 1095 rernm

491 1116 962 1186 acerbioribus
1008 1137 1162 1184 eum
1215 1116 1576 1185 verborum
1630 1116 1853 1207 plagis
1901 1117 2271 1197 laceravit,
2323 1116 2668 1187 sulianum
2712 1116 2891 1184 alterum

491 1218 554 1276 et
600 1216 974 1296 apostatam
1026 1203 1408 1293 appellans.
1463 1210 1676 1291 Atque
1727 1207 1813 1275 ita
1865 1207 1932 1274 in
1983 1206 2094 1276 his
2156 1207 2531 1286 tormentis,
2585 1206 2892 1297 gratiasDffl

490 1316 751 1384 agenS,
812 1293 1113 1361 animam
1166 1292 1529 1362 exhalavit.
1584 1294 1932 1364 Habemus
2001 1296 2165 1364 item
2235 1300 2570 1364 Joannem
2629 1294 2892 1382 Monagme

490 1383 936 1461 Praefectum,
988 1403 1188 1468 quem
1244 1392 1602 1471 tyrannuS,
1647 1405 1805 1452 curn
1857 1404 1935 1452 eo
1985 1382 2180 1453 nullo
2235 1384 2518 1453 omnino
2572 1378 2893 1453 terroreaffi-

490 1493 642 1541 cere
690 1470 1040 1560 potuisset,
1094 1492 1312 1556 neque
1353 1470 1718 1552 adducere,
1772 1483 1849 1542 ut
1889 1471 2136 1542 Christi
2182 1472 2550 1559 Matrisque
2584 1472 2894 1562 ipsiusima·

489 1561 714 1651 ginem
755 1557 1045 1660 pedibus
1092 1570 1480 1648 protereret,
1536 1582 1733 1629 sacco
1783 1561 2091 1640 inclusit,
2133 1560 2466 1649 gravique
2514 1562 2641 1651 ipsi
2679 1580 2804 1629 saxo
2833 1579 2895 1644 ap

491 1670 702 1738 penso
750 1670 818 1716 ιη
870 1646 1289 1748 profundum
1334 1670 1521 1716 mare
1569 1649 1834 1737 dejecit.
1896 1648 2022 1719 Sed
2063 1650 2222 1736 quis
2281 1649 2553 1718 tandem
2598 1662 2708 1729 est,
2745 1646 2828 1735 qui
2859 1666 2898 1710 a

489 1737 720 1806 omnia
757 1736 1059 1805 facinora
1114 1737 1586 1806 enumerando
1637 1758 1987 1807 recensere
2043 1738 2295 1827 possit,
2351 1760 2526 1825 quae
2599 1760 2708 1828 per
2755 1752 2900 1804 omns

488 1826 764 1916 tyranni
816 1823 1199 1914 provincias
1250 1830 1638 1907 PraetoreS,
1692 1827 1812 1913 qui
1878 1849 2035 1896 eum
2109 1826 2514 1896 crudelitate
2574 1825 2898 1916 superabant

488 1914 817 1984 adversus
866 1925 1137 1983 sanctos
1185 1914 1365 1983 viros
1418 1914 1928 2005 designarunt?
1983 1919 2203 1984 Immo
2254 1936 2410 1984 vero
2473 1915 2629 2002 quis
2680 1928 2901 1994 est,qu1

489 2018 879 2073 sanctorum
932 2002 1258 2072 adversus
1305 2024 1420 2074 eos
1467 2004 1999 2082 contentionem,
2036 2016 2237 2091 atque
2266 2003 2354 2072 ad
2389 2018 2743 2073 extremum
2768 2017 2899 2084 usque

490 2092 806 2182 spiritum
859 2091 1254 2180 patientiam
1306 2090 1811 2177 ullosermone
1860 2091 2108 2162 referre
2153 2097 2408 2179 queat?
2454 2098 2735 2175 Quorum
2767 2090 2811 2158 si
2834 2106 2898 2153 nas

488 2180 874 2271 exemplu-m
928 2200 1319 2266 sequamur,
1362 2181 1540 2249 beati
1592 2181 1891 2270 profecto
1935 2181 2221 2262 erimuS,
2260 2192 2335 2249 ut
2380 2181 2501 2268 qui
2531 2179 2769 2269 exiguis
2790 2176 2898 2245 laha

414 2334 417 2339 .
490 2270 681 2339 ribus
732 2266 1199 2357 amplissimas
1245 2289 1408 2357 opes
1458 2269 1861 2359 nobisipsis
1901 2291 2339 2359 aggeramus.
2376 2276 2603 2361 Neque
2645 2270 2780 2337 enim
2814 2284 2900 2330 coa-

489 2360 733 2450 diynae
777 2367 931 2426 sunt
974 2359 1313 2448 passiones
1361 2358 1566 2449 hujus
1623 2360 1936 2450 temporis
1988 2359 2076 2427 ad
2127 2361 2437 2448 suturam
2486 2361 2901 2450 ylariam.q¹1‹3t⁶

486 2449 894 2517 revelabitur
938 2449 1010 2515 in
1053 2448 1237 2515 nobis
1266 2448 1481 2536 (Rom.
1513 2446 1680 2536 vni).
1722 2470 1759 2514 »
1799 2453 1979 2517 Haec
2026 2460 2092 2517 et
2137 2447 2274 2516 alia
2315 2448 2423 2516 his
2457 2443 2900 2538 plura,adexc1·

488 2536 730 2606 tandos
777 2546 840 2604 et
886 2536 1230 2606 acuendos
1268 2558 1501 2605 eorum
1546 2536 1838 2616 animOS,
1880 2536 1997 2622 qui
2047 2558 2189 2604 una
2235 2557 2394 2604 cum
2447 2559 2526 2606 eo
2579 2533 2749 2604 vincti
2781 2542 2901 2624 tene-

489 2626 761 2705 bantur,
798 2623 1333 2706 accommodata,
1364 2647 1523 2693 cum
1557 2624 1860 2706 dixisset,
1891 2624 2181 2694 orationi
2224 2646 2390 2694 suae
2421 2625 2627 2694 finem
2656 2625 2896 2709 imposmt

574 2716 611 2800 ἓ
657 2718 821 2786 4⁰.
878 2717 1013 2781 Non
1071 2712 1266 2780 multi
1315 2712 1462 2782 dies
1509 2713 2055 2795 intercesserant,
2099 2734 2256 2783 cum
2313 2714 2460 2802 ipse
2507 2735 2690 2784 suam
2729 2731 2759 2777 a
2789 2721 2896 2804 tem

487 2801 569 2871 ad
625 2806 831 2870 Deum
890 2801 1361 2889 migrationem
1420 2801 1692 2871 animae
1737 2802 1940 2871 oculo
1985 2802 2438 2891 prospiciens,
2490 2801 2896 2888 quadragesimo

486 2901 641 2960 ante
677 2901 956 2958 mortem
995 2911 1188 2958 suam
1231 2889 1341 2958 die
1376 2890 1798 2980 praeclaram
1850 2889 2041 2959 illam
2077 2891 2461 2972 mulierem,
2505 2890 2682 2959 illam
2711 2888 2890 2970 inquam

488 2977 972 3066 hospitalitatis
1007 2976 1208 3046 laude
1234 2979 1615 3060 florentem,
1637 3001 1715 3049 ac
1747 3001 1991 3049 novam
2024 2978 2496 3061 Isdandulam,
2517 2993 2705 3066 atque
2727 2988 2890 3064 eorum,

485 3067 602 3155 qui
653 3067 719 3135 in
774 3066 1067 3135 vinculis
1098 3079 1314 3148 erant,
1372 3068 1757 3137 ministram
1800 3069 2108 3150 accersit,
2165 3067 2249 3137 ad
2298 3089 2586 3157 eamque
2631 3065 2724 3134 his
2759 3056 2891 3128 νεὼ

484 3156 724 3226 utitur:
761 3179 795 3222 «
846 3161 1027 3225 Tuae
1063 3176 1223 3246 erga
1260 3176 1366 3224 me
1408 3156 1892 3244 hospitalitatis
1939 3156 2240 3226 fructum
2280 3156 2480 3225 velim
2533 3144 2890 3225 tibicumsoe·

490 3267 652 3315 nore
715 3244 1022 3314 Christus
1086 3244 1435 3333 rependat.
1488 3243 1668 3313 Belle
1715 3246 1898 3314 enirn
1942 3245 2140 3326 mihi,
2184 3256 2389 3332 atque
2438 3257 2514 3314 ut
2562 3243 2677 3334 ipsi
2718 3249 2891 3332 gratum

484 3347 606 3414 est,
643 3332 1070 3413 ministrasti,
1109 3355 1187 3402 ac
1238 3354 1344 3402 me
1394 3332 1736 3402 recreasti.
1781 3334 2111 3435 Deinceps
2156 3346 2382 3403 autern
2432 3334 2516 3403 ad
2555 3328 2892 3420 quadragmta

485 3444 705 3510 usque
752 3422 900 3491 dies
950 3442 1230 3522 prorsus
1272 3444 1542 3491 mecum
1593 3423 1740 3511 ipse
1790 3443 2068 3504 versari,
2122 3443 2200 3491 ac
2250 3435 2499 3492 memet
2532 3430 2796 3491 excutere
2821 3428 2890 3476 ru·

489 3513 624 3603 pio.
678 3517 833 3580 Peto
880 3511 1091 3599 igitur
1147 3510 1270 3578 abs
1321 3523 1403 3590 te,
1450 3524 1527 3579 ut
1588 3532 1833 3600 panem
1891 3533 2050 3580 eum
2113 3523 2181 3580 et
2229 3532 2504 3597 aquarn,
2544 3528 2700 3596 quae
2735 3499 2890 3571 adme

485 3602 726 3671 afferre
773 3619 1243 3681 consueveras,
1297 3620 1417 3689 per
1464 3598 1592 3670 hos
1638 3600 1787 3669 dies
1841 3620 1927 3668 ne
1979 3600 2244 3669 afferas.
2285 3622 2322 3666 »
2359 3604 2442 3668 Ut
2486 3612 2691 3669 autem
2730 3611 2788 3660 eo
2813 3602 2890 3683 tw·

488 3691 670 3758 mine
705 3701 1115 3758 moerentem
1148 3709 1296 3756 eam
1332 3687 1520 3768 vidit,
1544 3699 1745 3776 atque
1774 3688 2063 3776 hujusce
2095 3689 2191 3758 re'i
2221 3710 2502 3758 causam
2535 3686 2689 3756 scire
2708 3688 2889 3766 cuplefl·

487 3791 667 3847 tem:
722 3801 757 3844 «
810 3776 994 3857 Novi,
1054 3776 1298 3864 inquit,
1362 3776 1533 3845 mihi
1584 3777 1756 3846 vitae
1803 3777 2011 3845 finem
2063 3777 2451 3846 imminere.
2502 3781 2583 3845 Ac
2641 3776 2886 3861 propiet·ea

486 3866 902 3936 monasticae
962 3866 1461 3936 exercitationis
1517 3865 1808 3956 rigorem
1865 3866 2068 3934 etiam
2141 3875 2347 3952 atque
2397 3865 2591 3934 etiam
2644 3850 2886 3954 inoepdere

483 3956 718 4047 gestio.
777 3978 813 4022 »
864 3954 1123 4035 Cessit,
1178 3954 1287 4023 his
1334 3954 1625 4034 auditiS‚
1682 3954 2042 4045 hospitalis
2093 3953 2259 4034 illa,
2312 3976 2395 4023 ac
2443 3957 2761 4051 praestanti
2802 3931 2884 4005 fid?

486 4045 754 4115 mulier.
787 4050 912 4113 Per
956 4065 1194 4112 omnes
1227 4044 1456 4131 itaque
1492 4056 1722 4112 noctes
1755 4055 1818 4112 et
1850 4042 1997 4112 dies
2028 4064 2163 4113 non
2199 4041 2550 4113 desinebat
2585 4057 2672 4106 rir
2696 4035 2882 4102 sanetus

480 4139 710 4204 Patres
757 4155 892 4216 eos,
930 4153 1103 4220 quos
1148 4133 1443 4201 carceris
1491 4132 1710 4202 socios
1749 4131 2065 4213 habebat,
2111 4152 2413 4212 monere,
2449 4131 2682 4205 docere,
2715 4115 2877 4189 salum·

484 4223 676 4292 ribus
710 4221 1089 4312 praeceptis
1136 4221 1429 4302 erudire,
1469 4233 1671 4308 atque
1702 4221 1769 4291 id
1821 4220 2107 4302 efficere,
2160 4233 2238 4291 ut
2287 4232 2425 4291 toto
2457 4214 2874 4314 penenoctltmo

482 4324 785 4401 tempore
821 4311 886 4378 in
923 4308 1252 4379 canendis
1286 4310 1401 4379 Dei
1439 4310 1765 4381 laudibus
1795 4322 2249 4380 versarentur:
2293 4310 2462 4379 adeo
2489 4319 2559 4378 ut
2584 4302 2868 4400 civesetun}

486 4398 828 4480 nonnulli,
876 4398 996 4486 qui
1043 4399 1400 4468 sanctioris
1470 4399 1641 4469 vitae
1702 4399 2005 4470 studium
2069 4398 2406 4482 colebant,
2456 4395 2674 4467 vilibus
2708 4393 2868 4474 passss¹³
