2993 4837
514 246 641 310 570
1122 259 1202 305 nn
1249 259 1306 305 s,
1359 256 1601 306 Ammo
1647 260 1746 306 nr.
1800 258 2263 306 Aunssufflssnsr
2627 239 2787 306 NOY.
2833 243 2895 305 Π

420 358 780 416 cessarunt
825 342 1060 413 omnia
1116 364 1292 429 quae
1335 344 1530 432 prius
1565 344 1650 411 ab
1683 344 1782 412 eis
1825 364 2076 433 magno
2118 342 2346 413 studio
2388 344 2902 431 procurabantur,

421 434 855 503 oraculorum
903 432 1420 511 sciscitationes‚
1464 432 1758 520 piacula,
1820 445 1885 502 et
1931 431 2115 522 apud
2159 431 2535 503 simulacra
2599 432 2910 501 diuturnae

423 520 988 612 supplicationes,
1042 521 1590 610 adspicientibus
1638 522 1967 590 omnibus
2000 520 2084 589 ad
2137 543 2470 610 magnum
2515 521 2905 600 sacerdotem,

419 624 486 679 et
533 632 947 697 unoquoque
977 632 1133 679 eum
1186 610 1267 679 ad
1324 631 1395 679 se
1443 610 1753 679 trahente
1786 610 1868 677 ad
1922 609 2212 679 salutem
2258 610 2465 680 totius
2492 609 2773 699 generis.
2798 615 2914 677 Erat

422 713 647 768 autem
693 700 753 767 ei
807 720 1064 767 merces
1096 698 1182 766 ab
1224 699 1307 766 iis
1353 700 1469 785 qui
1523 701 1993 780 servabantur,
2024 720 2260 767 eorum
2314 698 2502 767 salus
2548 698 2913 766 animarum.

420 793 585 858 Nam
619 809 777 857 cum
824 787 940 856 tali
973 810 1049 856 ex
1105 788 1384 856 orientia
1427 787 1855 857 manifestata
1889 799 2066 856 esset
2104 787 2318 875 pietas
2350 786 2741 863 sacerdotis,
2774 786 2918 854 nulla

421 888 566 945 erat
622 876 927 966 amplius
988 877 1054 944 di
1090 877 1263 957 atio,
1316 898 1453 963 quo
1516 877 1747 945 minus
1816 876 2139 964 mysterio
2205 877 2705 945 assentirentur
2754 875 2798 942 ii
2833 873 2918 961 qui

423 966 739 1034 virtutem
794 964 952 1034 fidei
1002 966 1449 1035 docebantur.
1505 965 1612 1033 Sic
1646 963 1774 1033 suit
1823 965 1959 1034 illis
1994 963 2398 1033 hominibus
2441 964 2722 1033 morbus
2753 964 2918 1032 salute

427 1054 905 1143 praestantior.
958 1056 1085 1136 Qui
1147 1055 1328 1125 enim
1380 1076 1542 1122 cum
1594 1054 1746 1122 sani
1802 1066 2028 1123 essent
2073 1053 2156 1120 ad
2221 1054 2532 1142 mysterii
2588 1053 2912 1121 doctrinam

424 1142 895 1232 excipiendam
953 1143 1221 1212 infirma
1273 1156 1466 1211 erant
1524 1142 1737 1211 animi
1806 1141 2295 1230 intelligentia,
2364 1142 2674 1228 corporis
2738 1142 2910 1209 morbo

428 1232 708 1300 suerunt
741 1231 1125 1300 confirmati
1169 1232 1249 1299 ad
1289 1231 1517 1300 fidem.
1560 1236 1633 1299 Et
1661 1232 1756 1299 sic
1790 1230 2138 1300 confutato
2170 1252 2400 1299 errore
2434 1230 2797 1309 idolorum,
2824 1244 2905 1297 tra·

425 1321 612 1389 ducti
668 1335 829 1389 sunt
868 1343 1107 1389 omnes
1155 1321 1237 1388 ad
1294 1342 1540 1389 nomen
1595 1320 1878 1390 Christi:
1932 1319 2047 1387 alii
2098 1318 2376 1404 quidem
2450 1341 2575 1408 per
2625 1321 2896 1395 morhun,

425 1410 543 1497 qui
598 1410 958 1489 invaserat,
1019 1409 1293 1477 deducti
1337 1410 1443 1478 ad·
1481 1409 1857 1489 veritatem;
1909 1408 2025 1476 alii
2079 1430 2256 1487 vero,
2297 1419 2372 1477 ut
2421 1432 2461 1476 a
2513 1421 2702 1497 peste
2748 1426 2896 1475 sern-

425 1510 685 1577 rentur,
726 1499 926 1565 iidem
963 1498 1027 1565 in
1068 1499 1410 1567 Christum
1449 1511 1901 1577 assumentes,
1942 1511 2291 1582 tamquam
2339 1496 2900 1586 propugnaculua

430 1591 600 1654 Sunt
650 1599 872 1654 autem
912 1587 1111 1655 etiam
1151 1587 1283 1655 alia
1322 1587 1385 1653 in
1434 1587 1844 1654 hodiernum
1898 1607 2120 1671 usque
2159 1584 2338 1654 diem
2381 1586 2756 1654 memoriae
2786 1603 2912 1650 mn-

428 1673 581 1744 data
622 1675 995 1744 miracula:
1050 1698 1224 1762 quae
1273 1675 1547 1762 quidem
1587 1676 1875 1744 auribus
1917 1687 2271 1762 parcentes
2314 1696 2448 1742 non
2508 1673 2907 1745 credentibus,

429 1785 514 1831 ne
568 1763 608 1830 ii
650 1763 1030 1844 laedantur,
1070 1766 1187 1850 qui
1236 1764 1412 1850 quod
1468 1765 1535 1831 in
1599 1785 1824 1832 rerum
1861 1785 2038 1849 quae
2092 1763 2447 1837 dicuntur.
2498 1761 2910 1853 magnitudine

428 1874 661 1952 verum
701 1868 828 1975 est,
883 1853 1129 1921 salsum
1168 1876 1315 1923 esse
1363 1866 1627 1943 putant,
1684 1853 1769 1922 iis
1816 1874 1994 1938 quae
2042 1854 2293 1941 scripta
2346 1865 2534 1925 sunt,
2594 1874 2726 1920 non
2788 1851 2914 1933 adje-

431 1963 655 2012 cimus
744 1991 759 2008 .

1466 2251 1948 2331 HISTomA

791 2482 871 2575 S.
948 2479 1303 2577 ΑΝΙΑΝΙ
1400 2479 1700 2578 EPtSC.
1780 2477 2634 2577 AUltELlANENSlS

1092 2718 1169 2763 Ex
1218 2718 1360 2763 MSS.
1412 2717 1741 2764 contentus
1791 2718 1908 2764 PER
1955 2717 2011 2762 1..
2066 2716 2326 2772 summi,

547 2823 843 2871 nUTATo
906 2823 1174 2882 STYLO,
1246 2823 1684 2880 ALIQUANTO
1746 2822 2373 2871 conPanRNslth
2437 2824 2849 2902 nssscnlteu.

1156 3004 1300 3058 Sec.
1335 3002 1392 3056 V
1434 3001 1673 3057 floruit
1703 3030 1772 3040 --
1805 3002 1963 3059 Nat.
1998 3001 2267 3058 Gallus.

530 3183 680 3267 §t
737 3185 822 3249 Ea
869 3193 1284 3269 tempestate,
1339 3202 1470 3267 qua
1525 3180 1843 3249 Hunnica
1894 3181 2117 3249 rabies
2175 3202 2247 3249 se
2281 3181 2346 3248 in
2403 3182 2719 3271 regiones
2764 3198 2916 3270 popu·

441 3270 684 3340 landas
753 3269 1341 3355 devastandasque
1403 3270 1669 3349 effudit,
1738 3283 1803 3337 et
1873 3269 2110 3339 Galliis
2166 3269 2485 3338 atrociter
2548 3270 2907 3340 imminebat·

443 3360 882 3429 beatissimus
923 3360 1223 3427 Anianus
1255 3359 1768 3428 Aurelianensis
1794 3358 1863 3393 *¹*
1901 3358 2097 3428 urbis
2129 3357 2344 3427 fidum
2382 3381 2455 3426 se
2490 3376 2810 3446 pastorem
2837 3355 2912 3420 de·

444 3448 747 3516 claravit.
797 3453 1099 3517 Metuens
1140 3447 1320 3516 enim
1376 3449 1591 3537 gregi,
1647 3470 1848 3534 quem
1903 3470 1943 3516 a
1986 3449 2273 3516 Domino
2322 3450 2740 3536 pascendum
2783 3463 2912 3513 acce·

444 3551 630 3627 perat
686 3538 996 3627 (quippo
1051 3538 1167 3623 qui
1218 3559 1298 3605 ex
1351 3537 1576 3604 Sancti
1623 3537 1920 3626 Spiritus
1971 3536 2411 3615 revelatione,
2471 3559 2650 3623 quae
2695 3548 2906 3604 ventura

447 3638 696 3705 essent,
743 3627 884 3714 jam
931 3639 1087 3694 ante
1134 3625 1615 3714 cognovisset),
1674 3626 2025 3714 supplices
2077 3647 2197 3713 pro
2225 3646 2303 3693 eo
2358 3625 2440 3693 ad
2501 3631 2700 3696 Deum
2742 3636 2909 3713 preces

448 3713 647 3796 fudit,
698 3715 864 3781 iram
918 3715 1067 3804 ejus
1102 3715 1188 3783 ab
1238 3737 1315 3783 eo
1363 3728 1664 3783 avertere
1712 3715 2025 3803 cupiens.
2094 3719 2299 3782 Porro
2360 3727 2588 3783 autem
2636 3735 2776 3783 cum
2808 3711 2904 3806 jam

445 3804 936 3872 communibus
964 3805 1276 3872 omnium
1313 3803 1663 3892 suffragiis
1696 3805 2074 3892 Episcopus
2115 3802 2373 3871 electus
2406 3817 2603 3880 esset,
2634 3803 2713 3869 ab
2738 3806 2905 3888 Agrip·
2945 3819 2946 3872 f

447 3893 609 3982 pino
645 3893 788 3961 viro
827 3892 1099 3966 illustri,
1138 3905 1203 3960 et
1250 3892 1545 3960 militum
1602 3893 1931 3980 magistro
1984 3892 2195 3981 petiit,
2248 3903 2325 3960 ut
2371 3913 2488 3960 eos
2534 3911 2755 3959 omnes
2788 3900 2901 3971 quffi

446 4003 755 4050 carceres
787 3983 1047 4051 vinctos
1082 3980 1487 4061 detinerent,
1529 3980 1781 4049 liberos
1814 3981 2003 4051 abire
2035 3992 2396 4069 pateretur.
2437 3971 2896 4050 Recusabatille‚

498 4161 521 4183 ⁵
551 4161 714 4210 Opera,
743 4170 862 4209 quae
883 4162 924 4201 S.
946 4161 1198 4210 Gregorius
1227 4161 1606 4208 ‘rheumaturgus
1625 4157 1909 4208 conseripsit
1932 4160 2244 4208 prodiditque,
2263 4159 2380 4199 haec
2403 4163 2532 4200 mut:
2554 4161 2585 4198 1.
2605 4157 2746 4196 Oratio
2762 4154 2896 4208 panes?

444 4213 541 4252 rica.
569 4216 616 4253 ln
647 4213 917 4262 ermonem:
948 4216 983 4253 2.
1016 4215 1284 4262 Symbolum
1318 4225 1399 4253 seu
1422 4214 1650 4261 expositio
1673 4212 1826 4256 Fidei:
1857 4216 1895 4252 3.
1923 4210 2232 4261 metaphrasis
2271 4214 2320 4252 ln
2355 4214 2676 4253 Ecclesiastem
2701 4213 2730 4246 4.
2752 4205 2896 4252 ripum*

444 4266 676 4306 canonio..
714 4269 836 4306 Haec
872 4269 1023 4306 media
1058 4266 1182 4315 typis
1218 4268 1349 4307 {uere
1387 4265 1616 4314 impressa
1650 4264 1932 4314 moguntiae,
1964 4277 2085 4306 tuno
2118 4268 2242 4309 lsstuz
2278 4267 2327 4306 et
2366 4264 2564 4308 Parisiis,
2593 4273 2699 4303 anno
2717 4254 2892 4299 lenm

449 4328 589 4365 opero
610 4323 781 4362 extant.
801 4331 917 4368 quae
939 4331 1182 4369 perperam
1205 4322 1247 4360 Β.
1267 4322 1492 4370 Gregorio
1515 4320 1852 4359 attribuuntur.

502 4372 555 4396 ¹⁸*
585 4373 705 4412 Gan.
740 4373 939 4411 Orldane.
