2993 4837
333 228 411 293 tt
1029 244 1233 293 suano
1279 246 1358 291 ne
1404 244 1685 293 ominus
1729 241 1990 293 sancus
2513 228 2698 294 NOV.
2757 231 2790 294 4

241 328 746 410 confessorum,
782 327 1082 398 candida
1112 330 1473 420 Virginum
1504 343 1754 411 turma,
1778 328 2268 400 nonachorum
2315 351 2655 401 numerus
2684 333 2799 403 in-

238 418 505 487 finitus
548 417 746 487 Sedet
792 418 860 486 in
914 417 1140 488 medio
1174 418 1509 488 Dominus
1543 417 1897 500 virtutum,
1929 430 1994 488 et
2027 418 2111 487 de
2145 417 2492 488 refusione
2530 420 2806 510 gloriae

240 528 407 577 suae
446 505 742 576 inebriat
786 507 1156 576 intuentes
1218 508 1741 576 Inebriabuntur
1770 529 2082 598 namque,
2144 508 2240 576 ait
2272 508 2608 598 Propheta
2637 563 2654 590 ,
2709 510 2800 580 ab

237 597 544 666 ubertate
590 596 825 665 domus
857 606 1017 665 tuae
1054 600 1190 681 (Ps.
1226 595 1363 684 35).
1410 595 1513 664 Ibi
1550 616 1681 686 pax
1714 617 1980 676 secura,
2028 597 2297 682 requies
2345 595 2789 687 voluptuosa,

238 685 381 754 vita
419 696 773 774 perpetua,
820 684 1156 774 sapientia
1198 683 1448 753 mentis
1475 738 1492 765 ,
1546 683 1820 774 agilitas
1866 685 2174 774 corporis
2204 739 2219 767 ,
2265 685 2493 755 cordis
2533 685 2802 757 illumi·

241 773 459 843 natio,
512 774 712 842 Beati
754 775 877 873 qui
921 773 1230 842 habitant
1261 775 1333 842 in
1364 773 1555 842 domo
1588 784 1733 848 tua.
1768 776 2044 842 Domine
2075 773 2214 863 (Ps.
2252 774 2390 863 83).
2435 774 2624 844 Sicut
2652 775 2804 846 lae-

242 862 542 932 tantium
580 882 893 931 ommum
932 861 1261 931 habitatio
1300 873 1402 930 est
1434 862 1506 930 in
1542 873 1628 938 te,
1663 861 1904 932 civitas
1939 863 2089 942 Dei;
2141 874 2207 932 et
2252 862 2321 930 in
2374 861 2617 952 plateis
2651 865 2797 936 tuis

243 972 373 1020 vox
422 949 863 1020 exultationis
909 949 1339 1020 dulcioribus
1388 949 1691 1019 modulis
1730 950 2106 1020 intonatur.
2146 955 2366 1034 Quare
2420 954 2632 1021 tralatas
2690 976 2788 1033 ea,

241 1041 477 1109 anima
507 1061 658 1107 mea
680 1040 713 1107 P
760 1049 823 1108 et
855 1061 1068 1129 quare
1097 1039 1450 1108 conturbas
1476 1062 1583 1108 me
1605 1040 1638 1106 P
1667 1041 1882 1129 Spera
1909 1041 1981 1108 in
2008 1044 2162 1120 Deo,
2213 1042 2531 1129 quoniam
2560 1042 2794 1110 adhue

240 1129 591 1217 confitebor
623 1128 900 1217 illi(Ps.
935 1132 1009 1197 tt
1060 1138 1122 1197 et
1168 1126 1306 1216 42).
1344 1126 1727 1197 confitebor
1755 1126 1883 1208 illi,
1920 1127 2061 1196 ibi:
2113 1149 2271 1198 nam
2310 1127 2422 1197 hic
2449 1128 2794 1212 stadium,

235 1216 383 1285 illic
435 1216 874 1306 praemium3
928 1216 1039 1286 hic
1090 1237 1348 1306 pugna,
1404 1216 1495 1285 ibi
1552 1238 1831 1286 corona.
1883 1221 2146 1286 Vanum
2204 1229 2306 1287 est
2351 1227 2505 1285 ante
2553 1215 2786 1287 lucem

242 1325 549 1395 surgere.
606 1303 1052 1375 Indurandus
1098 1320 1200 1374 est
1247 1305 1550 1385 animus,
1603 1317 1668 1373 et
1714 1327 1753 1374 a
1802 1304 2297 1375 blandimentis
2350 1304 2786 1395 voluptatum

237 1393 479 1483 procul
508 1393 1037 1473 abstrahendus,
1066 1405 1130 1463 et
1151 1394 1511 1479 utriusque
1540 1393 1964 1463 substantiae
1989 1394 2272 1463 materia
2307 1395 2781 1484 repurganda,

235 1482 293 1550 si
327 1481 409 1551 ad
449 1482 765 1572 proprios
795 1496 987 1553 ortus
1019 1480 1338 1552 volumus
1370 1482 1659 1552 evolare.
1698 1480 2004 1551 Amanda
2028 1495 2130 1551 est
2163 1483 2432 1552 interim
2481 1484 2792 1553 tenuitas

239 1571 692 1660 paupertatiS,
735 1591 959 1640 sermo
990 1568 1522 1670 suspendendus
1549 1571 1872 1651 amarior,
1910 1568 2113 1641 elatio
2162 1571 2513 1660 fugienda,
2565 1573 2782 1643 susti·

234 1660 447 1816 nendli
499 1659 806 1745 labores,
858 1680 1019 1729 cum
1068 1660 1249 1729 vitiis
1295 1658 1882 1749 congrediendum
1915 1714 1930 1741 ,
1991 1657 2456 1729 eliminandae
2497 1659 2793 1730 divitiae

233 1769 396 1817 secu
427 1770 600 1819 ares.

323 1844 362 1917 ἓ
414 1843 505 1908 2.
559 1841 700 1906 Hoc
747 1848 871 1917 est,
924 1835 1105 1923 quod
1158 1835 1275 1905 ille
1312 1857 1588 1926 ,pauper
1632 1848 1698 1905 et
1744 1835 2019 1916 unicuS‚
2069 1836 2137 1904 in
2189 1835 2521 1906 hodierna
2554 1838 2782 1907 sancti

235 1925 585 2017 Evangelii
636 1925 923 1995 lectione
975 1924 1419 2015 pauperibu8,
1471 1946 1646 2011 quos
1696 1924 1782 1994 de
1831 1924 2074 1993 mundi
2125 1937 2529 2014 paupertate
2577 1947 2782 1995 voca—

233 2027 442 2095 verat,
488 2014 622 2084 ait:
675 2017 873 2084 Beati
898 2036 1230 2105 pauperes
1258 2017 1507 2104 spiritu
1535 2015 1804 2102 (Matth.
1847 2018 1935 2098 v).
1988 2018 2129 2082 Hae
2157 2027 2321 2082 sunt
2349 2027 2522 2091 octo,
2563 2014 2787 2083 immo

233 2115 491 2193 septem
546 2102 1029 2185 beatitudineS,
1082 2104 1245 2189 quia
1278 2116 1514 2172 octava
1561 2101 1825 2184 eadem,
1877 2123 2054 2189 quae
2100 2114 2165 2171 et
2213 2102 2460 2192 prima.
2498 2102 2782 2172 Felicis-

234 2191 395 2261 simi
428 2193 711 2281 graduS,
764 2191 1022 2278 quibus
1070 2191 1209 2260 itur
1254 2190 1339 2259 ad
1392 2190 1785 2264 Dominum.
1837 2212 2011 2277 quos
2063 2212 2304 2261 omnes
2354 2191 2422 2259 in
2484 2212 2781 2281 persona

231 2301 358 2349 sua
408 2281 603 2370 prius
650 2279 982 2359 ascendit,
1020 2279 1141 2367 qui
1173 2279 1482 2348 ascendit
1516 2280 1583 2347 in
1638 2292 1961 2360 montem,
2017 2293 2082 2348 et
2128 2280 2397 2367 aperuit
2425 2302 2503 2350 os
2535 2301 2771 2362 suum,

229 2381 308 2438 ut
356 2367 627 2440 doceret
674 2367 1055 2459 discipulos
1102 2389 1286 2439 suos.
1342 2368 1647 2458 Denique
1676 2368 1834 2456 quis
1887 2368 2251 2458 pauperior
2300 2368 2417 2438 illo
2463 2369 2584 2455 qui
2637 2391 2776 2438 non

228 2457 498 2538 habuit,
550 2458 672 2527 ubi
720 2469 929 2547 caput
975 2478 1181 2526 suum
1235 2458 1647 2526 reclinaret?
1694 2457 1860 2539 Quis
1909 2456 2027 2526 illo
2079 2458 2347 2537 mitior,
2402 2458 2524 2544 qui
2586 2458 2786 2527 mitis

227 2558 331 2615 est
377 2560 442 2615 et
481 2546 768 2615 humilis
815 2545 1076 2615 corde?
1123 2546 1253 2629 Qui
1303 2546 1542 2617 videns
1588 2546 1926 2615 civitatem
1956 2600 1971 2627 ,
2026 2546 2210 2616 flevit
2264 2568 2473 2635 super
2521 2545 2711 2615 illam
2752 2601 2768 2628 ,

228 2634 414 2704 flevit
449 2640 801 2715 Lazarum,
839 2635 1181 2721 justitiam
1218 2634 1473 2715 docuit,
1513 2634 1847 2722 justitiam
1901 2635 2080 2716 fecit,
2128 2635 2193 2703 in
2230 2635 2435 2722 cujus
2474 2656 2589 2705 ore
2630 2657 2772 2704 non

227 2735 330 2792 est
377 2725 698 2793 inventus
745 2723 992 2794 dolus?
1039 2724 1205 2807 Quis
1252 2723 1371 2794 illo
1422 2724 1956 2802 misericordior,
2010 2725 2131 2810 qui
2183 2724 2540 2793 mulierem
2572 2722 2780 2792 adul-

227 2824 439 2881 teram
492 2812 857 2882 liberavit?
903 2812 1353 2881 Peccatricem
1407 2813 1674 2881 sanavit
1722 2825 1977 2897 septem
2030 2811 2486 2882 daemonibus
2525 2835 2777 2882 cumu-

227 2900 489 2970 latam?
536 2901 704 2984 Quis
765 2900 1091 2971 mundior
1139 2900 1300 2982 illo,
1352 2902 1475 2988 qui
1543 2913 1895 2988 peccatum
1952 2922 2084 2968 non
2154 2899 2358 2969 feeit?
2407 2901 2780 2970 Pacificare

226 2990 412 3060 venit
457 3003 521 3061 et
567 3012 745 3077 quae
790 2990 861 3059 in
909 2989 1141 3071 coeliS‚
1192 3002 1258 3059 et
1302 3011 1481 3076 quae
1529 2990 1598 3058 in
1653 2991 1886 3058 terris:
1943 3011 2177 3078 pacem
2239 2989 2513 3075 reliquit
2558 2989 2776 3060 disci-

225 3079 415 3169 pulis
460 3080 632 3161 suiS,
689 3079 1230 3167 persecutionem
1288 3100 1410 3168 pro
1449 3079 1714 3167 justitia
1771 3100 2014 3166 passus
2062 3091 2206 3156 est,
2265 3078 2648 3167 flagellatus
2698 3079 2772 3146 in

224 3189 455 3250 carne,
492 3189 612 3237 sus
663 3190 874 3237 ensus
922 3168 992 3236 in
1043 3189 1270 3248 cruce,
1314 3180 1527 3237 morte
1558 3180 1893 3257 turpatus.
1932 3167 2057 3249 Qui
2091 3167 2260 3237 dicit
2297 3189 2367 3235 se
2405 3168 2471 3234 in
2507 3166 2774 3236 Christo

226 3278 550 3338 manere,
654 3257 851 3337 ebet,
905 3256 1083 3327 sicut
1130 3256 1246 3325 ille
1304 3254 1729 3335 ambulavit,
1784 3269 1848 3324 et
1915 3256 2061 3347 ipse
2126 3254 2507 3324 ambulare.
2563 3260 2773 3324 Canta

222 3355 298 3415 e'r
348 3369 387 3416 o
417 3347 764 3416 canticum
814 3344 1184 3435 graduum,
1239 3358 1305 3414 et
1352 3344 1687 3435 gradatim
1741 3344 2079 3424 ascende,
2136 3366 2260 3413 nec
2312 3365 2774 3433 praepropero

224 3456 296 3504 sa
333 3449 407 3506 tu
454 3435 756 3524 aliquem
808 3435 1352 3524 praetermittas:
1406 3434 1570 3522 quia
1615 3432 1735 3521 qui
1784 3432 2144 3503 offenderit
2191 3433 2259 3500 in
2315 3456 2491 3516 uno,
2546 3432 2770 3502 factus

221 3536 326 3595 est
372 3526 684 3594 omnium
735 3545 921 3595 reus.

310 3614 347 3700 ξ
392 3617 486 3684 8.
541 3613 646 3683 Sis
678 3633 840 3703 ergo
890 3633 1154 3702 pauper
1200 3610 1472 3701 spiritu,
1513 3633 1636 3681 nec
1725 3623 1874 3679 utes
1910 3611 2095 3679 hunc
2131 3609 2433 3699 primum
2472 3609 2765 3699 gradum

224 3701 463 3771 leviter
509 3702 676 3772 attin
731 3701 1037 3783 endum,
1089 3722 1248 3770 cum
1299 3699 1558 3769 multae
1607 3698 2095 3769 solicitudinis
2146 3699 2254 3777 sit,
2311 3698 2668 3768 mundum·
2705 3710 2780 3767 et.

104 3823 111 3834 ·
220 3790 576 3861 mundana
624 3792 1035 3879 reinquere,
1084 3802 1150 3859 et
1196 3811 1236 3858 a
1283 3789 1894 3859 consuetudinario
1939 3809 2150 3858 cursu
2182 3809 2301 3857 cor
2331 3841 2349 3867 ,
2406 3809 2659 3877 corpus
2706 3800 2772 3856 et

219 3879 527 3950 studium
579 3900 918 3950 revocare.
970 3879 1100 3961 Qui
1131 3877 1314 3948 enim
1369 3899 1633 3967 pauper
1678 3890 1781 3948 est
1829 3877 2079 3965 spiritu
2108 3930 2127 3957 ,
2184 3877 2442 3946 vilitate
2482 3874 2764 3966 gaudet,

220 3967 683 4038 humilitatem
733 3968 1215 4059 amplectitur,
1267 3966 1610 4037 desideria
1659 3980 1926 4036 terrena
1974 3965 2358 4035 conculcat.
2426 3965 2555 4035 Sed
2603 3964 2774 4051 quia

219 4056 341 4126 illa
396 4069 766 4147 paupertas
811 4056 1216 4127 execrabilis
1261 4067 1364 4127 est
1398 4110 1413 4137 ‚
1466 4077 1644 4142 quae
1692 4056 1879 4145 regio
1927 4055 2179 4145 spiritu
2242 4054 2714 4154 intumescens
2747 4106 2765 4134 ,

221 4145 608 4217 discordias
639 4148 974 4227 seminat,
1022 4145 1307 4217 inservit
1355 4144 1594 4216 litibus
1621 4198 1644 4226 „
1698 4144 2127 4215 detractoriis
2176 4143 2612 4213 sermonibus
2651 4163 2780 4232 Ju-

219 4236 610 4307 cundatur:
663 4235 1076 4306 evolandum
1123 4247 1225 4305 est
1270 4233 1354 4303 ad
1407 4233 1694 4304 secundi
1760 4231 2020 4323 gradus
2085 4232 2578 4302 sublimitatem
2611 4284 2627 4311 ,
2693 4239 2778 4300 ut

221 4325 318 4396 sis
366 4326 574 4398 mitis.
628 4325 817 4396 Mitis
863 4337 1010 4406 est,
1060 4324 1184 4412 qui
1247 4322 1424 4394 nulli
1471 4321 1697 4392 reddit
1762 4321 2022 4391 malum
2077 4343 2200 4413 pro
2256 4321 2460 4392 malo.
2513 4326 2783 4391 Laesus
